2008 3458
646 386 753 420 CAP.
778 387 894 429 xlv„
919 388 1056 422 VERs.
1087 390 1256 434 19.—N.
1280 392 1374 435 919.
1648 380 1760 435 2469

262 498 333 542 nis
353 497 636 554 significatur
661 513 740 553 per
768 501 976 541 “crinem
1002 501 1196 555 capitis''
1218 512 1377 551 (videatur
1390 521 1496 552 supra,
1510 522 1541 543 n.
1554 501 1622 548 66,
1646 511 1756 556 555).

262 563 326 607 Et
348 564 455 620 quia
478 564 686 606 sensuale
709 571 778 606 est
805 573 1063 607 extremum
1086 568 1206 608 vitae
1232 567 1438 616 hominis,
1459 581 1510 608 ac
1537 568 1580 608 in
1603 574 1758 609 extre-

262 640 339 670 mo
381 627 548 670 residet
589 628 734 669 omnis
775 630 995 682 potentia,
1038 630 1139 670 ideo
1183 630 1410 671 Naziraeis
1451 630 1531 671 fuit
1577 636 1757 671 tantum

259 691 408 734 robur.
464 689 598 744 Quod
620 691 664 732 in
686 693 906 732 extremis
930 706 1006 733 seu
1030 693 1197 733 ultimis
1220 694 1414 734 resideat
1433 694 1577 734 omnis
1595 699 1758 746 poten·

195 772 198 779 ¹
261 755 340 804 tia,
373 761 706 809 consequenter
741 755 784 795 in
826 769 958 795 sensu
997 755 1156 796 ultimo
1189 755 1343 805 Verbi,
1378 757 1451 810 qui
1491 763 1560 797 est
1601 769 1758 796 sensus

261 817 458 868 litterae,
485 818 560 873 qui
591 818 729 859 etiam
756 831 914 859 comae
942 819 1264 871 correspondet
1291 826 1338 860 et
1370 819 1492 860 illam
1519 819 1756 873 significat,

260 879 470 934 vide-atur
505 892 640 933 supra
671 889 717 928 (n.
744 879 837 931 346,
857 890 954 932 417,
982 880 1073 932 567,
1097 880 1193 926 666,
1218 880 1330 933 726).
1389 880 1516 921 Talis
1547 881 1758 934 potentia

244 944 344 988 ‘fuit
365 945 564 987 Domino
581 958 683 986 cum
706 945 786 986 suit
806 958 928 998 puer,
948 960 1035 1000 qua
1057 946 1222 988 devicit
1245 953 1291 987 et
1315 946 1570 999 subjugavit
1589 946 1758 988 inferna

261 1003 498 1058 dirissima,
532 1007 606 1049 ubi
637 1021 796 1050 omnes
828 1008 1059 1049 sensuales
1095 1016 1213 1050 sunt.
1277 1009 1363 1050 Hic
1397 1016 1543 1050 status
1576 1009 1757 1050 Domini

251 1071 688 1126 ‘repraesentabatur
709 1084 789 1125 per
814 1072 909 1113 dies
936 1072 1210 1126 impletionis
1235 1073 1354 1125 apud
1382 1072 1637 1121 Naziraeos‚
1662 1074 1757 1126 qui-

227 1160 233 1169 «
259 1133 344 1177 bus
368 1134 565 1189 impletis
590 1135 776 1176 intravit
800 1134 1020 1175 Dominus
1046 1149 1071 1176 a
1097 1135 1292 1176 sensuali
1319 1142 1365 1176 et
1388 1135 1580 1177 naturali
1603 1137 1647 1176 in
1675 1136 1754 1176 Di-

71 1182 119 1266 τ’,
152 1193 171 1215 ³'
211 1244 217 1251 ,-
260 1198 415 1240 vinum
441 1197 670 1252 spirituale
692 1205 738 1240 et
766 1198 978 1240 caeleste.
1041 1198 1170 1240 Nunc
1194 1200 1296 1253 quia
1317 1199 1391 1240 ille
1415 1206 1562 1240 status
1588 1213 1639 1240 ac
1666 1199 1758 1252 ejus

261 1261 432 1304 bonum
458 1268 505 1304 et
522 1275 676 1303 verum
695 1261 972 1316 significatur
994 1275 1073 1315 per
1089 1265 1234 1303 “uvas
1252 1269 1298 1303 et
1317 1276 1395 1315 per
1413 1266 1437 1282 “
1450 1262 1639 1311 vinum,‘'
1657 1263 1759 1304 ideo

246 1325 557 1368 >n0n'licitum
582 1325 662 1366 suit
695 1325 915 1366 Naziraeo
941 1325 1179 1366 comedere
1212 1339 1320 1366 uvas
1352 1332 1398 1366 et
1431 1325 1582 1366 bibere
1607 1326 1758 1366 vinum

261 1393 507 1446 antequam
538 1388 806 1443 impleverat
845 1388 947 1429 illos
979 1389 1100 1439 dies;
1147 1388 1267 1442 quod
1310 1395 1469 1441 postea
1509 1389 1548 1429 ei
1590 1388 1759 1430 licitum

261 1451 408 1502 suerit,
431 1457 560 1506 patet
586 1466 646 1494 ex
673 1466 804 1493 versu
831 1463 886 1493 20
910 1451 1027 1493 illius
1053 1452 1228 1505 capitis,
1257 1451 1331 1492 ubi
1357 1452 1532 1501 dicitur,

650 1542 670 1556 ‘⁴
682 1541 863 1583 Deinceps
879 1542 977 1573 bibet
999 1540 1193 1573 Naziraeus
1213 1540 1369 1573 vinum.''

265 1627 402 1685 Quod
427 1629 472 1672 in
496 1628 585 1672 fine
610 1630 783 1671 dierum
809 1629 1085 1684 impletionis

327 1698 511 1741 Tonderet
533 1712 650 1748 caput,
669 1712 705 1738 et
723 1707 824 1738 daret
848 1707 982 1738 crinem
1003 1706 1128 1747 capitis
1149 1715 1256 1747 super
1275 1706 1394 1746 ignem
1420 1706 1478 1748 qui
1503 1706 1569 1737 sub
1588 1706 1759 1738 sacrificio

344 1758 347 1760 ·
436 1749 661 1793 pacificorum
679 1750 784 1790 (vers.
806 1751 869 1790 18),
1429 1753 1434 1758 ·

259 1840 634 1896 repraesentabat
668 1840 874 1881 sensuale
912 1846 1019 1881 tunc
1059 1852 1223 1880 novum
1261 1853 1319 1880 ex
1358 1839 1522 1880 Divino
1558 1839 1759 1887 caelesti,

261 1913 405 1946 novus
421 1903 540 1945 enim
558 1904 690 1945 crinis
708 1910 868 1957 postea
887 1903 1108 1944 Naziraeo
1125 1903 1266 1944 crevit
1283 1916 1292 1943 :
1321 1909 1366 1943 et
1389 1916 1565 1956 quoque
1582 1916 1760 1956 reprae-

261 1963 476 2009 sentabat
502 1967 623 2022 quod
651 1966 872 2008 Dominus
904 1981 963 2008 ex
998 1967 1163 2007 Divino
1189 1966 1313 2007 Vero
1339 1965 1514 2014 ultimo,
1542 1966 1661 2019 quod
1691 1974 1760 2007 est

261 2043 420 2072 sensus
441 2029 635 2080 litterae,
659 2030 894 2072 intraverit
918 2031 960 2070 in
986 2030 1199 2070 Divinum
1222 2029 1394 2070 Verum
1417 2030 1614 2078 interius,
1639 2030 1758 2084 quod

259 2099 332 2136 est
350 2092 555 2135 Verbum
576 2093 621 2135 in
644 2107 779 2135 sensu
800 2094 993 2142 interno,
1018 2107 1156 2146 usque
1178 2093 1235 2133 ad
1258 2106 1515 2145 supremum
1537 2093 1621 2133 ibi:
1656 2106 1758 2133 narn

261 2155 497 2206 Dominus,
524 2157 632 2198 dum
658 2157 701 2198 in
729 2157 899 2198 mundo
925 2164 1036 2205 erat,
1066 2157 1145 2198 fuit
1172 2156 1390 2204 Verbum,
1420 2157 1522 2210 quia
1549 2155 1760 2197 Divinum

259 2218 446 2270 Verum,
466 2233 518 2262 ac
540 2220 651 2261 illud
673 2220 858 2261 interius
882 2233 960 2273 per
982 2220 1149 2273 gradus
1171 2219 1285 2260 sicut
1308 2218 1521 2267 adolevit,
1543 2233 1680 2273 usque
1704 2220 1759 2260 ad

248 2291 518 2338 'supremum
540 2283 647 2338 ejus,
668 2284 788 2338 quod
806 2291 875 2325 est
899 2297 1006 2338 pure
1027 2284 1253 2332 Divinum,
1271 2296 1452 2336 prorsus
1470 2296 1602 2336 supra
1619 2296 1758 2335 ange*

259 2345 406 2389 lorum
423 2348 752 2401 perceptiones,
803 2345 1045 2388 Sciendum
1064 2354 1134 2388 est
1157 2346 1277 2400 quod
1297 2346 1532 2395 Dominus,
1552 2346 1657 2386 dum
1680 2346 1759 2386 fuit

258 2409 304 2452 in
325 2409 512 2460 mundo,
531 2410 589 2457 ab
610 2410 798 2451 infantia
815 2424 954 2464 usque
973 2411 1029 2451 ad
1048 2410 1255 2451 ultimum
1273 2409 1391 2450 diem
1416 2410 1487 2456 ibi,
1508 2409 1758 2450 successive

218 2478 221 2483 “
259 2484 525 2528 progressus
550 2474 609 2516 sit
640 2474 698 2515 ad
726 2475 936 2515 unionem
964 2486 1065 2514 cum
1094 2474 1192 2526 ipso
1219 2472 1399 2521 Divino,
1428 2472 1547 2526 quod
1580 2473 1622 2512 in
1656 2471 1760 2525 Ipso

259 2534 344 2577 suit
367 2547 429 2576 ex
450 2535 769 2589 conceptione.
832 2547 898 2584 (De
911 2555 975 2583 qua
990 2546 1169 2574 successiva
1180 2545 1402 2583 progressione
1418 2545 1563 2573 videatur
1577 2544 1609 2572 in
1623 2544 1762 2573 Arcanis

266 2598 462 2634 Caelestibus.
474 2607 506 2629 n.
523 2599 612 2637 1864,
626 2608 716 2637 2033,
733 2600 823 2638 2632,
839 2608 929 2639 3141,
945 2601 1035 2636 4585,
1049 2607 1139 2635 7014,
1157 2598 1280 2636 10076.)
1339 2586 1415 2627 EX
1446 2587 1514 2627 his
1544 2592 1759 2627 constare

222 2664 225 2667 “
259 2655 415 2704 potest
441 2650 548 2704 quid
574 2651 962 2704 repraesentabat,
988 2651 1107 2704 quod
1135 2649 1356 2690 Naziraeo
1382 2662 1471 2689 non
1495 2661 1759 2689 concessum

256 2713 392 2756 suerit
417 2714 655 2756 comedere
678 2714 846 2768 aliquid
873 2729 930 2755 ex
959 2728 1057 2762 uva,
1084 2726 1165 2754 nec
1187 2713 1341 2754 bibere
1367 2712 1532 2766 aliquid
1559 2725 1619 2752 ex
1641 2711 1758 2760 vino,

260 2783 370 2819 ante
401 2776 712 2831 impletionem
740 2778 910 2818 dierum
939 2778 1219 2817 naziraeatus
1245 2776 1324 2816 sui.

340 2851 474 2896 919.
505 2852 612 2891 [Vers.
631 2853 694 2892 19·]
726 2842 805 2882 “ft
825 2842 935 2882 misit
956 2841 1129 2895 angelus
1150 2841 1301 2881 falcem
1324 2852 1442 2880 suam
1465 2838 1504 2878 in
1529 2842 1699 2886 tot-ram,
1721 2843 1766 2880 et

263 2900 514 2943 νίηόοωίανῆ
529 2902 681 2943 vineam
698 2901 1077 2954 torrao.''—Quod
1101 2899 1329 2953 significet
1350 2899 1630 2951 lzocfac‘zum,
1649 2911 1760 2939 con-

261 2969 357 3006 stat
396 2977 456 3005 ex
496 2963 584 3005 illis
624 2977 737 3018 quae
778 2964 821 3004 in
863 2977 970 3004 mox
1010 2962 1222 3015 superiori
1259 2959 1449 3001 articulo
1485 2957 1605 3000 dieta
1643 2965 1760 3000 sunt.

262 3024 400 3081 Quod
429 3026 631 3069 “vinea”
653 3026 877 3081 significet
905 3025 1142 3067 ecclesiam
1169 3023 1461 3078 spiritualem,
1490 3028 1673 3064 constat
1699 3035 1758 3063 ex
