2098 3476
448 360 555 404 1974
855 358 1187 394 APOCALvPsrs
1218 360 1516 394 EXPLICATA.

441 471 499 512 sit
525 485 675 521 omne,
702 478 748 512 et
775 472 952 513 dicatur
982 472 1038 512 de
1064 472 1181 512 veris
1208 482 1263 520 (de
1276 492 1340 520 qua
1353 491 1458 520 supra,
1473 492 1504 513 n.
1521 473 1612 524 384.
1633 472 1755 525 506);
1791 478 1838 515 et
1867 486 1928 514 ex

441 531 774 583 significatione
800 531 1073 571 “stellarum
1097 531 1250 580 caeli‚”
1272 532 1391 585 quod
1414 532 1503 572 sint
1526 533 1812 584 cognitiones
1835 532 1928 574 veri

441 597 487 631 et
510 591 615 631 boni
634 605 693 632 eX
712 591 869 631 Verbo
888 602 942 639 (de
958 611 1022 638 qua
1037 602 1130 630 etiam
1146 611 1250 639 supra,
1264 611 1294 632 n.
1309 601 1374 643 72,
1387 603 1501 643 402),
1521 593 1585 632 ita
1602 606 1781 645 quoque
1802 605 1924 641 vera,

443 663 547 690 nam
575 651 862 703 cognitiones
888 651 980 691 veri
1006 657 1052 690 et
1078 651 1184 690 boni
1211 658 1315 691 sunt
1342 665 1447 691 vera
1473 651 1690 692 naturalis
1716 651 1926 699 hominis.

441 726 500 752 ex
538 713 694 765 quibus
728 712 1033 764 intelligentia
1067 712 1277 752 rationali
1309 719 1355 753 et
1387 713 1606 766 spirituali
1632 713 1828 754 homini:
1867 726 1927 754 ex

441 775 599 827 quibus
625 781 836 815 constare
867 781 1021 827 potest
1056 775 1175 827 quod
1206 789 1283 827 per
1311 775 1496 816 “cauda
1529 775 1709 816 trahere
1743 776 1926 817 tertiam

441 843 618 889 partem
656 837 897 877 stellarum
936 836 1088 885 caeli,”
1116 850 1216 877 cum
1254 837 1310 877 de
1351 837 1624 886 “dracone‚’'
1651 837 1931 890 significetur

442 898 675 940 falsificare
703 905 748 939 et
776 899 1031 939 adulterare
1057 913 1164 939 vera
1187 899 1340 939 Verbi.
1405 898 1539 951 Quod
1566 899 1610 940 id
1637 898 1928 952 significetur,

442 967 512 1000 est
545 962 646 1013 quia
678 975 755 1013 per
789 961 1073 1002 “draconem
1094 961 1112 976 '¹
1144 962 1187 1001 in
1226 974 1391 1014 genere
1423 961 1739 1014 intelliguntur
1769 974 1929 1003 omnes

444 1023 518 1075 qui
533 1030 787 1075 agnoscunt
806 1023 1023 1071 Verbum,
1041 1037 1092 1064 ac
1117 1023 1276 1076 legunt
1299 1023 1423 1072 illud,
1441 1030 1487 1064 et
1510 1038 1648 1077 usque
1666 1036 1756 1064 non
1771 1024 1930 1066 vivunt

444 1085 690 1125 secundum
735 1085 873 1135 illud;
917 1091 963 1126 et
1005 1083 1090 1125 hoc
1134 1087 1236 1139 quia
1273 1092 1484 1139 separant
1521 1087 1662 1126 vitam
1703 1099 1817 1139 quae
1857 1091 1928 1127 est

444 1146 640 1186 charitas
667 1161 693 1187 a
721 1146 820 1195 fide,
846 1153 892 1187 et
920 1147 1109 1187 credunt
1137 1148 1256 1200 quod
1280 1148 1390 1187 satis
1413 1149 1470 1188 sit
1494 1148 1695 1200 cogitare
1718 1147 1795 1188 illa
1816 1161 1931 1202 quae

442 1209 487 1248 in
515 1208 669 1249 Verbo
695 1216 815 1257 sunt,
844 1215 890 1250 et
923 1209 1005 1249 sibi
1031 1210 1299 1262 persuadere
1326 1211 1444 1263 quod
1475 1209 1706 1250 salventur
1732 1211 1767 1250 si
1793 1223 1930 1264 quae-

443 1271 549 1311 dam
574 1271 677 1311 inde
705 1285 763 1311 ex
790 1271 952 1311 fiducia
977 1277 1024 1311 et
1051 1270 1327 1311 confidentia
1353 1272 1560 1324 cogitent
1593 1277 1638 1312 et
1672 1272 1928 1325 loquantur,

446 1339 492 1373 et
519 1334 639 1386 quod
666 1333 763 1374 sola
785 1333 896 1374 fides
918 1333 1134 1386 justificet
1162 1341 1207 1374 et
1236 1333 1397 1382 salvet,
1425 1340 1471 1374 et
1498 1347 1588 1374 non
1615 1333 1782 1387 aliquid
1809 1333 1931 1376 vitae

448 1405 527 1431 seu
553 1393 701 1445 operis
720 1406 728 1442 3
756 1403 858 1441 (quod
877 1403 909 1431 hi
924 1403 985 1431 sint
999 1403 1053 1440 qui
1073 1412 1129 1440 per
1145 1400 1162 1411 ‘¹
1174 1404 1345 1432 draconem
1358 1403 1374 1412 ''
1391 1401 1653 1440 [¹]intelliguntur,
1669 1403 1813 1432 videatur
1823 1411 1932 1441 supra,

444 1469 475 1489 n.
492 1459 616 1500 714):
650 1451 752 1503 quia
776 1450 841 1490 illi
867 1450 923 1490 ad
950 1449 1309 1490 confirmandum
1332 1464 1411 1490 sua
1432 1450 1653 1502 dogmata
1674 1463 1734 1490 ex
1757 1449 1929 1499 Verbo,
1977 1496 1984 1503 ‚

446 1510 675 1550 adducunt
696 1510 795 1551 loca
815 1511 888 1550 ubi
911 1509 1058 1551 “fides
1073 1510 1091 1525 ”
1110 1512 1368 1551 nominatur
1385 1517 1431 1551 et
1450 1511 1523 1550 ubi
1544 1514 1568 1530 “
1582 1510 1722 1550 fides¹¹
1741 1510 1930 1562 dicitur3

448 1578 496 1612 at
524 1572 596 1612 ubi
632 1572 867 1613 “charitas
880 1572 898 1587 ''
925 1579 971 1613 et
1002 1577 1164 1613 “amor
1177 1572 1195 1587 ’'
1222 1574 1480 1613 nominatur
1505 1579 1551 1613 et
1582 1571 1795 1613 “facere’'
1821 1572 1930 1614 dici-

444 1639 529 1681 tur,
559 1647 636 1686 per
668 1633 1022 1686 applicationem
1054 1634 1111 1674 ad
1143 1633 1286 1674 solam
1319 1633 1453 1674 fidem
1485 1639 1765 1687 pervertunt,
1789 1639 1835 1674 et
1867 1634 1929 1674 sic

443 1693 659 1744 Verbum,
688 1696 806 1749 quod
833 1709 859 1735 a
885 1696 1104 1749 principio
1131 1695 1187 1736 ad
1214 1695 1348 1736 finem
1376 1702 1446 1736 est
1469 1693 1674 1736 doc’trina
1697 1695 1862 1736 amoris
1883 1695 1929 1736 in

444 1757 689 1797 Dominum
708 1757 753 1798 e’t
777 1759 942 1798 amoris
960 1771 1068 1811 erga
1086 1759 1358 1811 proximum,
1378 1756 1616 1798 falsificant
1637 1770 1646 1798 ι
1679 1757 1790 1798 haec
1808 1756 1930 1798 falsi-

443 1817 595 1858 ficatio
613 1824 659 1858 et
677 1818 950 1859 adulteratio
968 1818 1244 1860 [²]veritatum
1264 1819 1402 1860 Verbi
1425 1819 1693 1873 intelligitur
1709 1834 1787 1874 per
1805 1820 1922 1861 “de-

444 1879 624 1920 trahere
650 1881 795 1921 cauda
822 1882 1003 1922 tertiam
1030 1888 1206 1934 partem
1236 1881 1507 1936 [stellarum]
1536 1883 1647 1923 caeli
1666 1883 1699 1934 ;''
1729 1883 1848 1936 quod
1878 1883 1920 1924 id

444 1955 523 1995 per
553 1956 605 1983 ea
635 1943 773 1983 verba
803 1943 1102 1996 intelligatur,
1132 1950 1202 1984 est
1234 1945 1336 1997 qu'ia
1367 1945 1509 1985 cauda
1540 1951 1610 1986 est
1642 1945 1923 1986 continuatio

444 2005 613 2045 cerebri
639 2019 717 2058 per
742 2007 918 2058 spinam
944 2006 1079 2055 dorsi,
1108 2006 1231 2059 cujus
1257 2013 1326 2047 est
1352 2008 1594 2060 appendix,
1619 2014 1664 2048 et
1691 2008 1834 2048 cauda
1859 2008 1922 2048 sic

443 2067 592 2119 agitur
604 2081 662 2107 ex
681 2069 830 2120 capite
849 2074 894 2108 et
913 2082 971 2109 ex
988 2082 1173 2122 corpore
1189 2070 1435 2109 secundum
1451 2070 1669 2110 desideria
1687 2077 1732 2111 et
1751 2071 1918 2124 appeti-

443 2135 516 2169 tus
539 2130 755 2170 naturalis
778 2130 972 2170 hominis
991 2144 999 2181 3
1027 2145 1163 2184 quare
1181 2131 1349 2172 caudae
1368 2133 1593 2172 motiones
1615 2140 1719 2173 sunt
1741 2131 1924 2175 effeetus

442 2191 633 2232 fluentes
656 2206 715 2232 ex
738 2192 945 2245 jucundis
968 2207 1171 2233 amorum
1193 2195 1236 2233 in
1261 2194 1417 2247 quibus
1440 2199 1510 2234 est
1533 2193 1752 2234 sensualis
1774 2193 1926 2241 homo,

445 2259 491 2294 et
510 2267 685 2294 amores
705 2255 924 2294 sensualis
943 2255 1136 2295 hominis
1150 2269 1256 2296 vera
1271 2255 1410 2296 Verbi
1427 2254 1666 2295 falsificant
1685 2262 1731 2295 et
1749 2254 1927 2296 adulte-

442 2319 560 2364 rant.
620 2324 731 2362 (Quod
747 2322 764 2332 ⁴¹
777 2325 907 2353 cauda’'
924 2325 1079 2362 significet
1098 2326 1254 2359 sensuale,
1274 2326 1362 2361 quod
1381 2329 1428 2353 est
1447 2325 1597 2353 naturalis
1616 2325 1752 2353 hominis
1771 2324 1929 2358 ultimum.

440 2377 584 2405 videatur
599 2385 705 2414 supra,
720 2386 749 2406 n.
769 2376 875 2418 559.)
933 2367 1037 2407 Sive
1061 2367 1186 2407 dicas
1203 2368 1323 2420 quod
1342 2380 1521 2407 amores
1538 2367 1759 2407 sensualis
1781 2367 1925 2407 homi-

444 2428 511 2466 nis
543 2427 780 2467 falsificent
818 2434 865 2468 et
903 2429 1165 2468 adulterant
1198 2442 1304 2468 vera
1337 2427 1491 2477 Verbi,
1526 2429 1619 2468 sive
1652 2428 1776 2468 dicas
1807 2427 1927 2481 quod

441 2489 649 2529 sensuale
690 2490 733 2529 id
771 2489 919 2538 faciat,
953 2490 1071 2530 idem
1110 2496 1195 2539 est,
1235 2503 1338 2530 nam
1376 2489 1583 2530 sensuale
1618 2497 1741 2530 amat
1778 2490 1927 2530 vivere

441 2553 615 2604 corpori
653 2558 698 2592 et
737 2552 919 2601 mundo,
952 2553 1016 2592 ita
1053 2554 1202 2605 genio,
1232 2559 1277 2593 et
1315 2552 1438 2592 illam
1475 2553 1616 2592 vitam
1653 2553 1808 2601 sentit,
1837 2565 1926 2592 non

441 2621 595 2655 autem
621 2615 893 2663 interiorem,
922 2629 1056 2668 quare
1083 2628 1182 2655 eam
1210 2621 1362 2667 negat.

521 2684 647 2729 719.
690 2675 873 2715 Dictum
909 2682 979 2716 est
1015 2676 1135 2728 quod
1166 2676 1377 2716 sensuale
1407 2689 1514 2716 vera
1543 2675 1687 2716 Verbi
1716 2675 1925 2716 falsificet

442 2743 487 2777 et
506 2737 731 2777 adulteret
751 2751 759 2786 ;
794 2743 841 2776 ut
864 2751 971 2777 vero
994 2738 1159 2777 sciatur
1177 2737 1404 2789 quomodo
1425 2737 1469 2776 id
1492 2742 1646 2789 potest
1664 2750 1769 2776 vera
1784 2736 1924 2777 Verbi

441 2799 674 2840 falsificare
707 2806 752 2839 et
780 2799 1034 2839 adulterare
1064 2798 1321 2851 [interest];
1355 2812 1458 2838 nam
1485 2800 1558 2851 qui
1584 2811 1674 2838 non
1701 2799 1785 2839 scit
1813 2813 1925 2852 quo-

442 2863 578 2902 modo
600 2862 644 2902 id
667 2861 731 2910 fit,
751 2868 796 2902 et
820 2861 951 2915 quale
970 2861 1170 2902 Verbum
1193 2868 1276 2909 est,
1298 2867 1450 2913 potest
1473 2861 1654 2901 credere
1677 2862 1796 2914 quod
1818 2875 1925 2903 vera

442 2924 582 2964 Verbi
605 2925 706 2977 quia
728 2931 832 2964 sunt
855 2938 974 2973 vera,
995 2930 1040 2964 et
1064 2925 1106 2963 in
1129 2937 1262 2963 sensu
1285 2923 1465 2963 litterae
1488 2923 1579 2975 ejus
1602 2930 1804 2972 exstant,
1830 2937 1920 2964 non

442 2988 616 3040 possint
639 2986 750 3027 salsa
772 2986 888 3027 fieri:
923 2985 970 3026 at
997 2986 1209 3026 inserviat
1232 2998 1311 3038 pro
1334 2984 1635 3025 illustratione
1658 2984 1919 3036 exemplum
