<?xml version="1.0" encoding="UTF-8"?>
<!DOCTYPE html PUBLIC "-//W3C//DTD XHTML 1.0 Transitional//EN"
    "http://www.w3.org/TR/xhtml1/DTD/xhtml1-transitional.dtd">
<html xmlns="http://www.w3.org/1999/xhtml" xml:lang="en" lang="en">
 <head>
  <title>
</title>
<meta http-equiv="Content-Type" content="text/html;charset=utf-8" />
  <meta name='ocr-system' content='tesseract 3.04.00' />
  <meta name='ocr-capabilities' content='ocr_page ocr_carea ocr_par ocr_line ocrx_word'/>
</head>
<body>
  <div class='ocr_page' id='page_1' title='image "apocalypsisexpli04sweduoft_0026.png"; bbox 0 0 2098 3476; ppageno 0'>
   <div class='ocr_carea' id='block_1_1' title="bbox 418 381 1486 433">
    <p class='ocr_par' dir='ltr' id='par_1_1' title="bbox 418 381 1486 433">
     <span class='ocr_line' id='line_1_1' title="bbox 418 381 1486 433; baseline -0.002 -12"><span class='ocrx_word' id='word_1_1' title='bbox 418 381 523 433; x_wconf 82' lang='lat'>1928</span> <span class='ocrx_word' id='word_1_2' title='bbox 827 388 1158 421; x_wconf 77' lang='lat' dir='ltr'>APOCALYPSIS</span> <span class='ocrx_word' id='word_1_3' title='bbox 1190 388 1486 420; x_wconf 84' lang='lat' dir='ltr'>EXPLICATA.</span> 
     </span>
    </p>
   </div>
   <div class='ocr_carea' id='block_1_2' title="bbox 409 500 1899 3053">
    <p class='ocr_par' dir='ltr' id='par_1_2' title="bbox 409 500 1899 2923">
     <span class='ocr_line' id='line_1_2' title="bbox 410 500 1899 555; baseline -0.001 -14"><span class='ocrx_word' id='word_1_4' title='bbox 410 515 518 555; x_wconf 79' lang='lat' dir='ltr'>erga</span> <span class='ocrx_word' id='word_1_5' title='bbox 537 501 804 554; x_wconf 80' lang='lat' dir='ltr'>proximum,</span> <span class='ocrx_word' id='word_1_6' title='bbox 834 507 1012 542; x_wconf 87' lang='lat' dir='ltr'>constat</span> <span class='ocrx_word' id='word_1_7' title='bbox 1039 515 1097 541; x_wconf 84' lang='lat' dir='ltr'>ex</span> <span class='ocrx_word' id='word_1_8' title='bbox 1125 500 1450 554; x_wconf 85' lang='lat' dir='ltr'>significatione</span> <span class='ocrx_word' id='word_1_9' title='bbox 1481 500 1751 548; x_wconf 86' lang='lat' dir='ltr'>“mulieris,”</span> <span class='ocrx_word' id='word_1_10' title='bbox 1773 500 1899 554; x_wconf 68' lang='lat' dir='ltr'>quod,</span> 
     </span>
     <span class='ocr_line' id='line_1_3' title="bbox 412 562 1894 616; baseline 0 -12"><span class='ocrx_word' id='word_1_11' title='bbox 412 565 469 604; x_wconf 90' lang='lat' dir='ltr'>sit</span> <span class='ocrx_word' id='word_1_12' title='bbox 505 562 682 604; x_wconf 69' lang='lat' dir='ltr'>affectio</span> <span class='ocrx_word' id='word_1_13' title='bbox 711 565 801 604; x_wconf 89' lang='lat' dir='ltr'>veri</span> <span class='ocrx_word' id='word_1_14' title='bbox 838 563 1089 616; x_wconf 86' lang='lat' dir='ltr'>spiritualis,</span> <span class='ocrx_word' id='word_1_15' title='bbox 1124 577 1182 603; x_wconf 88' lang='lat' dir='ltr'>ex</span> <span class='ocrx_word' id='word_1_16' title='bbox 1220 577 1306 616; x_wconf 91' lang='lat' dir='ltr'>qua</span> <span class='ocrx_word' id='word_1_17' title='bbox 1342 563 1532 603; x_wconf 87' lang='lat' dir='ltr'>ecclesia</span> <span class='ocrx_word' id='word_1_18' title='bbox 1568 570 1637 603; x_wconf 88' lang='lat' dir='ltr'>est</span> <span class='ocrx_word' id='word_1_19' title='bbox 1675 563 1894 614; x_wconf 78' lang='lat' dir='ltr'>ecclesia3</span> 
     </span>
     <span class='ocr_line' id='line_1_4' title="bbox 412 622 1896 677; baseline -0.001 -13"><span class='ocrx_word' id='word_1_20' title='bbox 412 625 600 677; x_wconf 88' lang='lat' dir='ltr'><strong>proinde</strong></span> <span class='ocrx_word' id='word_1_21' title='bbox 627 625 762 665; x_wconf 90' lang='lat' dir='ltr'>etiam</span> <span class='ocrx_word' id='word_1_22' title='bbox 788 624 984 664; x_wconf 89' lang='lat' dir='ltr'>ecclesia</span> <span class='ocrx_word' id='word_1_23' title='bbox 1010 624 1157 676; x_wconf 86' lang='lat' dir='ltr'>quoad</span> <span class='ocrx_word' id='word_1_24' title='bbox 1182 623 1307 663; x_wconf 91' lang='lat' dir='ltr'>illam</span> <span class='ocrx_word' id='word_1_25' title='bbox 1331 622 1617 663; x_wconf 59' lang='lat' dir='ltr'>affectionem</span> <span class='ocrx_word' id='word_1_26' title='bbox 1644 633 1698 671; x_wconf 83' lang='lat' dir='ltr'>(de</span> <span class='ocrx_word' id='word_1_27' title='bbox 1713 642 1777 670; x_wconf 86' lang='lat' dir='ltr'>qua</span> <span class='ocrx_word' id='word_1_28' title='bbox 1790 642 1896 672; x_wconf 80' lang='lat' dir='ltr'>supra,</span> 
     </span>
     <span class='ocr_line' id='line_1_5' title="bbox 412 677 1894 740; baseline 0.001 -14"><span class='ocrx_word' id='word_1_29' title='bbox 412 707 442 726; x_wconf 84' lang='lat' dir='ltr'>n.</span> <span class='ocrx_word' id='word_1_30' title='bbox 460 696 581 739; x_wconf 86' lang='lat'>555);</span> <span class='ocrx_word' id='word_1_31' title='bbox 613 687 733 740; x_wconf 92' lang='lat' dir='ltr'>quod</span> <span class='ocrx_word' id='word_1_32' title='bbox 755 688 811 726; x_wconf 91' lang='lat' dir='ltr'>sit</span> <span class='ocrx_word' id='word_1_33' title='bbox 835 700 953 726; x_wconf 87' lang='lat' dir='ltr'>nova</span> <span class='ocrx_word' id='word_1_34' title='bbox 975 686 1184 734; x_wconf 84' lang='lat' dir='ltr'>ecclesia,</span> <span class='ocrx_word' id='word_1_35' title='bbox 1209 699 1323 738; x_wconf 90' lang='lat' dir='ltr'>quae</span> <span class='ocrx_word' id='word_1_36' title='bbox 1346 692 1450 738; x_wconf 88' lang='lat' dir='ltr'>post</span> <span class='ocrx_word' id='word_1_37' title='bbox 1473 685 1606 725; x_wconf 85' lang='lat' dir='ltr'>finem</span> <span class='ocrx_word' id='word_1_38' title='bbox 1629 685 1758 738; x_wconf 90' lang='lat' dir='ltr'>hujus</span> <span class='ocrx_word' id='word_1_39' title='bbox 1780 677 1894 740; x_wconf 67' lang='lat' dir='ltr'>&#39;quae</span> 
     </span>
     <span class='ocr_line' id='line_1_6' title="bbox 413 742 1894 804; baseline 0.001 -13"><span class='ocrx_word' id='word_1_40' title='bbox 413 752 455 791; x_wconf 93' lang='lat' dir='ltr'>in</span> <span class='ocrx_word' id='word_1_41' title='bbox 488 750 741 792; x_wconf 85' lang='lat' dir='ltr'>Christiano</span> <span class='ocrx_word' id='word_1_42' title='bbox 777 751 883 791; x_wconf 89' lang='lat' dir='ltr'>orbe</span> <span class='ocrx_word' id='word_1_43' title='bbox 920 757 1003 797; x_wconf 86' lang='lat' dir='ltr'>est,</span> <span class='ocrx_word' id='word_1_44' title='bbox 1038 749 1328 789; x_wconf 86' lang='lat' dir='ltr'>instauranda</span> <span class='ocrx_word' id='word_1_45' title='bbox 1364 763 1389 790; x_wconf 90' lang='lat' dir='ltr'>a</span> <span class='ocrx_word' id='word_1_46' title='bbox 1428 750 1637 798; x_wconf 89' lang='lat' dir='ltr'>Domino,</span> <span class='ocrx_word' id='word_1_47' title='bbox 1671 742 1894 804; x_wconf 82' lang='lat' dir='ltr'>sequitur:</span> 
     </span>
     <span class='ocr_line' id='line_1_7' title="bbox 412 811 1896 865; baseline 0 -12"><span class='ocrx_word' id='word_1_48' title='bbox 412 819 457 853; x_wconf 91' lang='lat' dir='ltr'>et</span> <span class='ocrx_word' id='word_1_49' title='bbox 490 827 548 853; x_wconf 86' lang='lat' dir='ltr'>ex</span> <span class='ocrx_word' id='word_1_50' title='bbox 575 812 901 865; x_wconf 81' lang='lat' dir='ltr'>significatione</span> <span class='ocrx_word' id='word_1_51' title='bbox 931 812 1089 859; x_wconf 90' lang='lat' dir='ltr'>“solis,</span> <span class='ocrx_word' id='word_1_52' title='bbox 1118 811 1237 864; x_wconf 90' lang='lat' dir='ltr'>quod</span> <span class='ocrx_word' id='word_1_53' title='bbox 1264 812 1319 851; x_wconf 90' lang='lat' dir='ltr'>sit</span> <span class='ocrx_word' id='word_1_54' title='bbox 1347 811 1566 852; x_wconf 85' lang='lat' dir='ltr'>Dominus</span> <span class='ocrx_word' id='word_1_55' title='bbox 1593 812 1739 865; x_wconf 91' lang='lat' dir='ltr'>quoad</span> <span class='ocrx_word' id='word_1_56' title='bbox 1773 812 1896 853; x_wconf 88' lang='lat' dir='ltr'>Divi-</span> 
     </span>
     <span class='ocr_line' id='line_1_8' title="bbox 413 874 1896 927; baseline 0 -12"><span class='ocrx_word' id='word_1_57' title='bbox 413 888 517 915; x_wconf 88' lang='lat' dir='ltr'>num</span> <span class='ocrx_word' id='word_1_58' title='bbox 550 874 782 922; x_wconf 86' lang='lat' dir='ltr'>Amorem,</span> <span class='ocrx_word' id='word_1_59' title='bbox 817 875 879 914; x_wconf 88' lang='lat' dir='ltr'>ita</span> <span class='ocrx_word' id='word_1_60' title='bbox 915 888 1090 927; x_wconf 90' lang='lat' dir='ltr'>quoque</span> <span class='ocrx_word' id='word_1_61' title='bbox 1127 887 1252 914; x_wconf 88' lang='lat' dir='ltr'>amor</span> <span class='ocrx_word' id='word_1_62' title='bbox 1287 874 1330 913; x_wconf 89' lang='lat' dir='ltr'>in</span> <span class='ocrx_word' id='word_1_63' title='bbox 1370 874 1612 919; x_wconf 85' lang='lat' dir='ltr'>Dominum</span> <span class='ocrx_word' id='word_1_64' title='bbox 1644 888 1669 914; x_wconf 88' lang='lat' dir='ltr'>a</span> <span class='ocrx_word' id='word_1_65' title='bbox 1701 874 1896 915; x_wconf 90' lang='lat' dir='ltr'>Domino</span> 
     </span>
     <span class='ocr_line' id='line_1_9' title="bbox 413 934 1895 987; baseline 0.001 -12"><span class='ocrx_word' id='word_1_66' title='bbox 413 947 468 983; x_wconf 90' lang='lat' dir='ltr'>(de</span> <span class='ocrx_word' id='word_1_67' title='bbox 487 955 550 983; x_wconf 86' lang='lat' dir='ltr'>qua</span> <span class='ocrx_word' id='word_1_68' title='bbox 569 947 662 975; x_wconf 81' lang='lat' dir='ltr'>etiam</span> <span class='ocrx_word' id='word_1_69' title='bbox 683 955 787 983; x_wconf 79' lang='lat' dir='ltr'>supra,</span> <span class='ocrx_word' id='word_1_70' title='bbox 808 955 838 974; x_wconf 94' lang='lat' dir='ltr'>n.</span> <span class='ocrx_word' id='word_1_71' title='bbox 858 946 953 986; x_wconf 79' lang='lat'>401,</span> <span class='ocrx_word' id='word_1_72' title='bbox 973 945 1181 985; x_wconf 82' lang='lat' dir='ltr'>412[a,b]):</span> <span class='ocrx_word' id='word_1_73' title='bbox 1223 941 1269 975; x_wconf 79' lang='lat' dir='ltr'>et</span> <span class='ocrx_word' id='word_1_74' title='bbox 1305 949 1364 975; x_wconf 85' lang='lat' dir='ltr'>eX</span> <span class='ocrx_word' id='word_1_75' title='bbox 1400 934 1734 987; x_wconf 76' lang='lat' dir='ltr'>Significatione</span> <span class='ocrx_word' id='word_1_76' title='bbox 1772 936 1895 976; x_wconf 76' lang='lat' dir='ltr'>“Cir-</span> 
     </span>
     <span class='ocr_line' id='line_1_10' title="bbox 413 998 1896 1052; baseline 0.001 -13"><span class='ocrx_word' id='word_1_77' title='bbox 413 999 649 1047; x_wconf 89' lang='lat' dir='ltr'>cumdari‚”</span> <span class='ocrx_word' id='word_1_78' title='bbox 674 999 793 1052; x_wconf 88' lang='lat' dir='ltr'>quod</span> <span class='ocrx_word' id='word_1_79' title='bbox 820 1000 876 1039; x_wconf 90' lang='lat' dir='ltr'>sit</span> <span class='ocrx_word' id='word_1_80' title='bbox 909 1013 966 1038; x_wconf 85' lang='lat' dir='ltr'>ex</span> <span class='ocrx_word' id='word_1_81' title='bbox 1000 998 1077 1038; x_wconf 93' lang='lat' dir='ltr'>illo</span> <span class='ocrx_word' id='word_1_82' title='bbox 1103 999 1277 1049; x_wconf 82' lang='lat' dir='ltr'>vivere3</span> <span class='ocrx_word' id='word_1_83' title='bbox 1317 1012 1420 1038; x_wconf 88' lang='lat' dir='ltr'>nam</span> <span class='ocrx_word' id='word_1_84' title='bbox 1447 999 1540 1038; x_wconf 89' lang='lat' dir='ltr'>vita</span> <span class='ocrx_word' id='word_1_85' title='bbox 1565 999 1727 1039; x_wconf 87' lang='lat' dir='ltr'>amoris</span> <span class='ocrx_word' id='word_1_86' title='bbox 1753 998 1896 1052; x_wconf 89' lang='lat' dir='ltr'>cujus·</span> 
     </span>
     <span class='ocr_line' id='line_1_11' title="bbox 414 1060 1896 1114; baseline 0 -12"><span class='ocrx_word' id='word_1_87' title='bbox 414 1063 493 1110; x_wconf 87' lang='lat' dir='ltr'>vis,</span> <span class='ocrx_word' id='word_1_88' title='bbox 518 1068 611 1102; x_wconf 88' lang='lat' dir='ltr'>tam</span> <span class='ocrx_word' id='word_1_89' title='bbox 634 1061 839 1109; x_wconf 88' lang='lat' dir='ltr'>hominis,</span> <span class='ocrx_word' id='word_1_90' title='bbox 864 1074 997 1114; x_wconf 85' lang='lat' dir='ltr'>quam</span> <span class='ocrx_word' id='word_1_91' title='bbox 1020 1061 1201 1112; x_wconf 88' lang='lat' dir='ltr'>spiritus</span> <span class='ocrx_word' id='word_1_92' title='bbox 1222 1067 1268 1101; x_wconf 87' lang='lat' dir='ltr'>et</span> <span class='ocrx_word' id='word_1_93' title='bbox 1291 1060 1453 1113; x_wconf 83' lang='lat' dir='ltr'>angeli,</span> <span class='ocrx_word' id='word_1_94' title='bbox 1479 1061 1640 1101; x_wconf 87' lang='lat' dir='ltr'>format</span> <span class='ocrx_word' id='word_1_95' title='bbox 1662 1061 1896 1113; x_wconf 86' lang='lat' dir='ltr'>sphaeram</span> 
     </span>
     <span class='ocr_line' id='line_1_12' title="bbox 414 1123 1895 1177; baseline 0 -13"><span class='ocrx_word' id='word_1_96' title='bbox 414 1125 577 1164; x_wconf 88' lang='lat' dir='ltr'>circum</span> <span class='ocrx_word' id='word_1_97' title='bbox 603 1124 717 1172; x_wconf 88' lang='lat' dir='ltr'>illos,</span> <span class='ocrx_word' id='word_1_98' title='bbox 747 1138 804 1164; x_wconf 89' lang='lat' dir='ltr'>ex</span> <span class='ocrx_word' id='word_1_99' title='bbox 832 1137 919 1177; x_wconf 90' lang='lat' dir='ltr'>qua</span> <span class='ocrx_word' id='word_1_100' title='bbox 945 1124 1260 1175; x_wconf 84' lang='lat' dir='ltr'>percipiuntur,</span> <span class='ocrx_word' id='word_1_101' title='bbox 1285 1124 1421 1163; x_wconf 88' lang='lat' dir='ltr'>etiam</span> <span class='ocrx_word' id='word_1_102' title='bbox 1447 1138 1472 1164; x_wconf 92' lang='lat' dir='ltr'>e</span> <span class='ocrx_word' id='word_1_103' title='bbox 1498 1123 1757 1177; x_wconf 87' lang='lat' dir='ltr'>longinquo,</span> <span class='ocrx_word' id='word_1_104' title='bbox 1786 1137 1895 1177; x_wconf 90' lang='lat' dir='ltr'>qua-</span> 
     </span>
     <span class='ocr_line' id='line_1_13' title="bbox 415 1186 1896 1239; baseline 0.001 -12"><span class='ocrx_word' id='word_1_105' title='bbox 415 1187 479 1227; x_wconf 91' lang='lat' dir='ltr'>les</span> <span class='ocrx_word' id='word_1_106' title='bbox 506 1193 634 1237; x_wconf 89' lang='lat' dir='ltr'>sunt;</span> <span class='ocrx_word' id='word_1_107' title='bbox 668 1200 746 1239; x_wconf 90' lang='lat' dir='ltr'>per</span> <span class='ocrx_word' id='word_1_108' title='bbox 767 1186 889 1226; x_wconf 90' lang='lat' dir='ltr'>illam</span> <span class='ocrx_word' id='word_1_109' title='bbox 913 1187 1149 1238; x_wconf 80' lang='lat' dir='ltr'>sphaeram</span> <span class='ocrx_word' id='word_1_110' title='bbox 1172 1187 1309 1226; x_wconf 88' lang='lat' dir='ltr'>etiam</span> <span class='ocrx_word' id='word_1_111' title='bbox 1332 1187 1690 1227; x_wconf 87' lang='lat' dir='ltr'>consociationes</span> <span class='ocrx_word' id='word_1_112' title='bbox 1716 1186 1763 1227; x_wconf 81' lang='lat' dir='ltr'>e‘t</span> <span class='ocrx_word' id='word_1_113' title='bbox 1789 1199 1896 1228; x_wconf 89' lang='lat' dir='ltr'>con-</span> 
     </span>
     <span class='ocr_line' id='line_1_14' title="bbox 409 1248 1899 1302; baseline -0.001 -13"><span class='ocrx_word' id='word_1_114' title='bbox 409 1248 661 1302; x_wconf 69' lang='lat' dir='ltr'>junctiones</span> <span class='ocrx_word' id='word_1_115' title='bbox 693 1248 803 1290; x_wconf 90' lang='lat' dir='ltr'>fiunt</span> <span class='ocrx_word' id='word_1_116' title='bbox 841 1250 884 1289; x_wconf 92' lang='lat' dir='ltr'>in</span> <span class='ocrx_word' id='word_1_117' title='bbox 922 1248 1070 1296; x_wconf 88' lang='lat' dir='ltr'>caelis,</span> <span class='ocrx_word' id='word_1_118' title='bbox 1104 1254 1149 1289; x_wconf 89' lang='lat' dir='ltr'>et</span> <span class='ocrx_word' id='word_1_119' title='bbox 1186 1262 1362 1302; x_wconf 92' lang='lat' dir='ltr'>quoque</span> <span class='ocrx_word' id='word_1_120' title='bbox 1393 1250 1437 1288; x_wconf 88' lang='lat' dir='ltr'>in</span> <span class='ocrx_word' id='word_1_121' title='bbox 1468 1248 1672 1299; x_wconf 85' lang='lat' dir='ltr'>infernis;</span> <span class='ocrx_word' id='word_1_122' title='bbox 1715 1254 1761 1289; x_wconf 91' lang='lat' dir='ltr'>et</span> <span class='ocrx_word' id='word_1_123' title='bbox 1796 1249 1899 1301; x_wconf 89' lang='lat' dir='ltr'>quia</span> 
     </span>
     <span class='ocr_line' id='line_1_15' title="bbox 413 1310 1896 1364; baseline -0.001 -13"><span class='ocrx_word' id='word_1_124' title='bbox 413 1312 560 1363; x_wconf 88' lang='lat' dir='ltr'>agitur</span> <span class='ocrx_word' id='word_1_125' title='bbox 590 1311 659 1351; x_wconf 92' lang='lat' dir='ltr'>hic</span> <span class='ocrx_word' id='word_1_126' title='bbox 692 1311 748 1352; x_wconf 92' lang='lat' dir='ltr'>de</span> <span class='ocrx_word' id='word_1_127' title='bbox 775 1311 977 1357; x_wconf 88' lang='lat' dir='ltr'>ecclesia,</span> <span class='ocrx_word' id='word_1_128' title='bbox 1006 1324 1119 1364; x_wconf 88' lang='lat' dir='ltr'>quae</span> <span class='ocrx_word' id='word_1_129' title='bbox 1149 1311 1193 1350; x_wconf 90' lang='lat' dir='ltr'>in</span> <span class='ocrx_word' id='word_1_130' title='bbox 1225 1324 1375 1351; x_wconf 87' lang='lat' dir='ltr'>amore</span> <span class='ocrx_word' id='word_1_131' title='bbox 1406 1312 1450 1350; x_wconf 89' lang='lat' dir='ltr'>in</span> <span class='ocrx_word' id='word_1_132' title='bbox 1478 1311 1720 1351; x_wconf 91' lang='lat' dir='ltr'>Dominum</span> <span class='ocrx_word' id='word_1_133' title='bbox 1746 1324 1772 1350; x_wconf 89' lang='lat' dir='ltr'>a</span> <span class='ocrx_word' id='word_1_134' title='bbox 1803 1310 1896 1351; x_wconf 94' lang='lat' dir='ltr'>Do-</span> 
     </span>
     <span class='ocr_line' id='line_1_16' title="bbox 414 1372 1897 1426; baseline 0 -13"><span class='ocrx_word' id='word_1_135' title='bbox 414 1374 534 1413; x_wconf 91' lang='lat' dir='ltr'>mino</span> <span class='ocrx_word' id='word_1_136' title='bbox 570 1380 652 1422; x_wconf 91' lang='lat' dir='ltr'>est,</span> <span class='ocrx_word' id='word_1_137' title='bbox 687 1380 731 1413; x_wconf 91' lang='lat' dir='ltr'>et</span> <span class='ocrx_word' id='word_1_138' title='bbox 769 1373 843 1413; x_wconf 89' lang='lat' dir='ltr'>illa</span> <span class='ocrx_word' id='word_1_139' title='bbox 880 1373 1069 1413; x_wconf 90' lang='lat' dir='ltr'>ecclesia</span> <span class='ocrx_word' id='word_1_140' title='bbox 1100 1372 1367 1425; x_wconf 85' lang='lat' dir='ltr'>intelligitur</span> <span class='ocrx_word' id='word_1_141' title='bbox 1402 1386 1480 1426; x_wconf 89' lang='lat' dir='ltr'>per</span> <span class='ocrx_word' id='word_1_142' title='bbox 1514 1372 1820 1422; x_wconf 85' lang='lat' dir='ltr'>“mulierem,”</span> <span class='ocrx_word' id='word_1_143' title='bbox 1850 1379 1897 1413; x_wconf 90' lang='lat' dir='ltr'>et</span> 
     </span>
     <span class='ocr_line' id='line_1_17' title="bbox 414 1434 1899 1488; baseline 0 -13"><span class='ocrx_word' id='word_1_144' title='bbox 414 1447 537 1475; x_wconf 88' lang='lat' dir='ltr'>amor</span> <span class='ocrx_word' id='word_1_145' title='bbox 568 1435 641 1475; x_wconf 87' lang='lat' dir='ltr'>ille</span> <span class='ocrx_word' id='word_1_146' title='bbox 674 1449 751 1488; x_wconf 91' lang='lat' dir='ltr'>per</span> <span class='ocrx_word' id='word_1_147' title='bbox 784 1435 1002 1483; x_wconf 87' lang='lat' dir='ltr'>“solem,”</span> <span class='ocrx_word' id='word_1_148' title='bbox 1028 1435 1131 1475; x_wconf 90' lang='lat' dir='ltr'>inde</span> <span class='ocrx_word' id='word_1_149' title='bbox 1163 1448 1240 1487; x_wconf 88' lang='lat' dir='ltr'>per</span> <span class='ocrx_word' id='word_1_150' title='bbox 1274 1435 1550 1476; x_wconf 86' lang='lat' dir='ltr'>“mulierem</span> <span class='ocrx_word' id='word_1_151' title='bbox 1574 1434 1899 1475; x_wconf 83' lang='lat' dir='ltr'>circumdatam</span> 
     </span>
     <span class='ocr_line' id='line_1_18' title="bbox 414 1497 1898 1551; baseline 0.001 -14"><span class='ocrx_word' id='word_1_152' title='bbox 414 1497 508 1537; x_wconf 94' lang='lat' dir='ltr'>sole</span> <span class='ocrx_word' id='word_1_153' title='bbox 521 1497 538 1511; x_wconf 91' lang='lat'>’&#39;</span> <span class='ocrx_word' id='word_1_154' title='bbox 561 1497 835 1550; x_wconf 86' lang='lat' dir='ltr'>significatur</span> <span class='ocrx_word' id='word_1_155' title='bbox 856 1497 1046 1538; x_wconf 92' lang='lat' dir='ltr'>ecclesia</span> <span class='ocrx_word' id='word_1_156' title='bbox 1067 1497 1185 1550; x_wconf 90' lang='lat' dir='ltr'>apud</span> <span class='ocrx_word' id='word_1_157' title='bbox 1208 1497 1309 1538; x_wconf 89' lang='lat' dir='ltr'>illos</span> <span class='ocrx_word' id='word_1_158' title='bbox 1330 1498 1403 1551; x_wconf 86' lang='lat' dir='ltr'>qui</span> <span class='ocrx_word' id='word_1_159' title='bbox 1429 1498 1472 1537; x_wconf 89' lang='lat' dir='ltr'>in</span> <span class='ocrx_word' id='word_1_160' title='bbox 1499 1511 1650 1538; x_wconf 88' lang='lat' dir='ltr'>amore</span> <span class='ocrx_word' id='word_1_161' title='bbox 1676 1498 1719 1537; x_wconf 91' lang='lat' dir='ltr'>in</span> <span class='ocrx_word' id='word_1_162' title='bbox 1743 1497 1898 1538; x_wconf 90' lang='lat' dir='ltr'>Domi·</span> 
     </span>
     <span class='ocr_line' id='line_1_19' title="bbox 414 1560 1896 1613; baseline 0 -13"><span class='ocrx_word' id='word_1_163' title='bbox 414 1573 520 1599; x_wconf 92' lang='lat' dir='ltr'>num</span> <span class='ocrx_word' id='word_1_164' title='bbox 545 1574 570 1600; x_wconf 83' lang='lat' dir='ltr'>a</span> <span class='ocrx_word' id='word_1_165' title='bbox 594 1560 789 1600; x_wconf 89' lang='lat' dir='ltr'>Domino</span> <span class='ocrx_word' id='word_1_166' title='bbox 810 1566 939 1600; x_wconf 87' lang='lat' dir='ltr'>sunt:</span> <span class='ocrx_word' id='word_1_167' title='bbox 974 1560 1092 1613; x_wconf 89' lang='lat' dir='ltr'>quod</span> <span class='ocrx_word' id='word_1_168' title='bbox 1116 1561 1252 1600; x_wconf 87' lang='lat' dir='ltr'>etiam</span> <span class='ocrx_word' id='word_1_169' title='bbox 1276 1560 1461 1608; x_wconf 86' lang='lat' dir='ltr'>dicatur,</span> <span class='ocrx_word' id='word_1_170' title='bbox 1486 1567 1532 1600; x_wconf 91' lang='lat' dir='ltr'>et</span> <span class='ocrx_word' id='word_1_171' title='bbox 1554 1560 1657 1600; x_wconf 88' lang='lat' dir='ltr'>inde</span> <span class='ocrx_word' id='word_1_172' title='bbox 1679 1560 1722 1599; x_wconf 88' lang='lat' dir='ltr'>in</span> <span class='ocrx_word' id='word_1_173' title='bbox 1745 1573 1896 1600; x_wconf 88' lang='lat' dir='ltr'>amore</span> 
     </span>
     <span class='ocr_line' id='line_1_20' title="bbox 413 1622 1899 1676; baseline 0 -14"><span class='ocrx_word' id='word_1_174' title='bbox 413 1635 520 1674; x_wconf 87' lang='lat' dir='ltr'>erga</span> <span class='ocrx_word' id='word_1_175' title='bbox 551 1623 820 1674; x_wconf 87' lang='lat' dir='ltr'>proximum,</span> <span class='ocrx_word' id='word_1_176' title='bbox 854 1628 923 1662; x_wconf 89' lang='lat' dir='ltr'>est</span> <span class='ocrx_word' id='word_1_177' title='bbox 960 1623 1061 1676; x_wconf 90' lang='lat' dir='ltr'>quia</span> <span class='ocrx_word' id='word_1_178' title='bbox 1093 1635 1218 1663; x_wconf 88' lang='lat' dir='ltr'>amor</span> <span class='ocrx_word' id='word_1_179' title='bbox 1249 1636 1356 1675; x_wconf 88' lang='lat' dir='ltr'>erga</span> <span class='ocrx_word' id='word_1_180' title='bbox 1387 1623 1641 1674; x_wconf 87' lang='lat' dir='ltr'>proximum</span> <span class='ocrx_word' id='word_1_181' title='bbox 1673 1622 1899 1663; x_wconf 87' lang='lat' dir='ltr'>derivatur</span> 
     </span>
     <span class='ocr_line' id='line_1_21' title="bbox 413 1685 1898 1738; baseline 0.001 -14"><span class='ocrx_word' id='word_1_182' title='bbox 413 1699 472 1724; x_wconf 86' lang='lat' dir='ltr'>ex</span> <span class='ocrx_word' id='word_1_183' title='bbox 511 1698 661 1725; x_wconf 90' lang='lat' dir='ltr'>amore</span> <span class='ocrx_word' id='word_1_184' title='bbox 698 1685 741 1724; x_wconf 89' lang='lat' dir='ltr'>in</span> <span class='ocrx_word' id='word_1_185' title='bbox 774 1685 1031 1733; x_wconf 90' lang='lat' dir='ltr'>Dominum,</span> <span class='ocrx_word' id='word_1_186' title='bbox 1065 1686 1178 1725; x_wconf 91' lang='lat' dir='ltr'>sicut</span> <span class='ocrx_word' id='word_1_187' title='bbox 1217 1686 1436 1737; x_wconf 83' lang='lat' dir='ltr'>posterius</span> <span class='ocrx_word' id='word_1_188' title='bbox 1468 1699 1493 1725; x_wconf 88' lang='lat' dir='ltr'>a</span> <span class='ocrx_word' id='word_1_189' title='bbox 1528 1698 1608 1725; x_wconf 91' lang='lat' dir='ltr'>suo</span> <span class='ocrx_word' id='word_1_190' title='bbox 1644 1685 1788 1738; x_wconf 87' lang='lat' dir='ltr'>priori,</span> <span class='ocrx_word' id='word_1_191' title='bbox 1821 1691 1898 1725; x_wconf 88' lang='lat' dir='ltr'>aut</span> 
     </span>
     <span class='ocr_line' id='line_1_22' title="bbox 413 1745 1899 1796; baseline -0.001 -8"><span class='ocrx_word' id='word_1_192' title='bbox 413 1749 527 1788; x_wconf 91' lang='lat' dir='ltr'>sicut</span> <span class='ocrx_word' id='word_1_193' title='bbox 559 1749 757 1788; x_wconf 88' lang='lat' dir='ltr'>exterius</span> <span class='ocrx_word' id='word_1_194' title='bbox 794 1762 819 1787; x_wconf 91' lang='lat' dir='ltr'>a</span> <span class='ocrx_word' id='word_1_195' title='bbox 855 1762 934 1788; x_wconf 89' lang='lat' dir='ltr'>suo</span> <span class='ocrx_word' id='word_1_196' title='bbox 971 1748 1182 1796; x_wconf 88' lang='lat' dir='ltr'>interiori,</span> <span class='ocrx_word' id='word_1_197' title='bbox 1216 1747 1354 1788; x_wconf 89' lang='lat' dir='ltr'>verbo</span> <span class='ocrx_word' id='word_1_198' title='bbox 1390 1748 1503 1787; x_wconf 90' lang='lat' dir='ltr'>sicut</span> <span class='ocrx_word' id='word_1_199' title='bbox 1542 1745 1723 1787; x_wconf 63' lang='lat' dir='ltr'>effectus</span> <span class='ocrx_word' id='word_1_200' title='bbox 1759 1759 1785 1786; x_wconf 88' lang='lat' dir='ltr'>a</span> <span class='ocrx_word' id='word_1_201' title='bbox 1820 1759 1899 1786; x_wconf 89' lang='lat' dir='ltr'>sua</span> 
     </span>
     <span class='ocr_line' id='line_1_23' title="bbox 414 1807 1897 1860; baseline -0.001 -10"><span class='ocrx_word' id='word_1_202' title='bbox 414 1824 546 1850; x_wconf 88' lang='lat' dir='ltr'>causa</span> <span class='ocrx_word' id='word_1_203' title='bbox 564 1810 785 1850; x_wconf 88' lang='lat' dir='ltr'>efficiente</span> <span class='ocrx_word' id='word_1_204' title='bbox 804 1825 812 1860; x_wconf 92' lang='lat'>;</span> <span class='ocrx_word' id='word_1_205' title='bbox 847 1823 949 1850; x_wconf 87' lang='lat' dir='ltr'>narn</span> <span class='ocrx_word' id='word_1_206' title='bbox 972 1823 1097 1850; x_wconf 85' lang='lat' dir='ltr'>amor</span> <span class='ocrx_word' id='word_1_207' title='bbox 1118 1811 1160 1850; x_wconf 92' lang='lat' dir='ltr'>in</span> <span class='ocrx_word' id='word_1_208' title='bbox 1185 1809 1427 1850; x_wconf 90' lang='lat' dir='ltr'>Dominum</span> <span class='ocrx_word' id='word_1_209' title='bbox 1450 1816 1518 1850; x_wconf 91' lang='lat' dir='ltr'>est</span> <span class='ocrx_word' id='word_1_210' title='bbox 1541 1823 1690 1850; x_wconf 86' lang='lat' dir='ltr'>amare</span> <span class='ocrx_word' id='word_1_211' title='bbox 1713 1814 1758 1849; x_wconf 89' lang='lat' dir='ltr'>et</span> <span class='ocrx_word' id='word_1_212' title='bbox 1781 1807 1897 1848; x_wconf 92' lang='lat' dir='ltr'>velle</span> 
     </span>
     <span class='ocr_line' id='line_1_24' title="bbox 412 1871 1896 1926; baseline 0 -14"><span class='ocrx_word' id='word_1_213' title='bbox 412 1873 488 1913; x_wconf 90' lang='lat' dir='ltr'>illa</span> <span class='ocrx_word' id='word_1_214' title='bbox 524 1887 635 1926; x_wconf 84' lang='lat' dir='ltr'>quae</span> <span class='ocrx_word' id='word_1_215' title='bbox 673 1873 852 1913; x_wconf 89' lang='lat' dir='ltr'>Domini</span> <span class='ocrx_word' id='word_1_216' title='bbox 891 1880 1007 1921; x_wconf 88' lang='lat' dir='ltr'>sunt,</span> <span class='ocrx_word' id='word_1_217' title='bbox 1041 1873 1103 1913; x_wconf 86' lang='lat' dir='ltr'>ita</span> <span class='ocrx_word' id='word_1_218' title='bbox 1139 1872 1215 1912; x_wconf 85' lang='lat' dir='ltr'>illa</span> <span class='ocrx_word' id='word_1_219' title='bbox 1254 1886 1366 1926; x_wconf 88' lang='lat' dir='ltr'>quae</span> <span class='ocrx_word' id='word_1_220' title='bbox 1405 1872 1624 1913; x_wconf 90' lang='lat' dir='ltr'>Dominus</span> <span class='ocrx_word' id='word_1_221' title='bbox 1659 1873 1704 1912; x_wconf 92' lang='lat' dir='ltr'>in</span> <span class='ocrx_word' id='word_1_222' title='bbox 1741 1871 1896 1912; x_wconf 90' lang='lat' dir='ltr'>Verbo</span> 
     </span>
     <span class='ocr_line' id='line_1_25' title="bbox 413 1933 1896 1988; baseline 0 -13"><span class='ocrx_word' id='word_1_223' title='bbox 413 1942 730 1987; x_wconf 87' lang='lat' dir='ltr'>praeceperat;</span> <span class='ocrx_word' id='word_1_224' title='bbox 775 1942 820 1976; x_wconf 93' lang='lat' dir='ltr'>et</span> <span class='ocrx_word' id='word_1_225' title='bbox 860 1949 984 1976; x_wconf 84' lang='lat' dir='ltr'>amor</span> <span class='ocrx_word' id='word_1_226' title='bbox 1021 1949 1128 1988; x_wconf 88' lang='lat' dir='ltr'>erga</span> <span class='ocrx_word' id='word_1_227' title='bbox 1165 1936 1420 1987; x_wconf 87' lang='lat' dir='ltr'>proximum</span> <span class='ocrx_word' id='word_1_228' title='bbox 1461 1942 1528 1975; x_wconf 89' lang='lat' dir='ltr'>est</span> <span class='ocrx_word' id='word_1_229' title='bbox 1569 1949 1627 1975; x_wconf 90' lang='lat' dir='ltr'>ex</span> <span class='ocrx_word' id='word_1_230' title='bbox 1668 1934 1745 1975; x_wconf 89' lang='lat' dir='ltr'>illo</span> <span class='ocrx_word' id='word_1_231' title='bbox 1779 1933 1896 1976; x_wconf 89' lang='lat' dir='ltr'>velle</span> 
     </span>
     <span class='ocr_line' id='line_1_26' title="bbox 413 1996 1896 2051; baseline 0 -14"><span class='ocrx_word' id='word_1_232' title='bbox 413 1997 570 2046; x_wconf 88' lang='lat' dir='ltr'>facere,</span> <span class='ocrx_word' id='word_1_233' title='bbox 600 1999 662 2037; x_wconf 90' lang='lat' dir='ltr'>ita</span> <span class='ocrx_word' id='word_1_234' title='bbox 687 1999 939 2038; x_wconf 82' lang='lat' dir='ltr'>consistens</span> <span class='ocrx_word' id='word_1_235' title='bbox 966 1999 1007 2037; x_wconf 91' lang='lat' dir='ltr'>in</span> <span class='ocrx_word' id='word_1_236' title='bbox 1035 1998 1185 2038; x_wconf 90' lang='lat' dir='ltr'>usibus</span> <span class='ocrx_word' id='word_1_237' title='bbox 1211 1998 1506 2050; x_wconf 89' lang='lat' dir='ltr'>praestandis,</span> <span class='ocrx_word' id='word_1_238' title='bbox 1535 1998 1608 2051; x_wconf 89' lang='lat' dir='ltr'>qui</span> <span class='ocrx_word' id='word_1_239' title='bbox 1633 2003 1737 2038; x_wconf 88' lang='lat' dir='ltr'>sunt</span> <span class='ocrx_word' id='word_1_240' title='bbox 1763 1996 1896 2038; x_wconf 47' lang='lat' dir='ltr'>effeca</span> 
     </span>
     <span class='ocr_line' id='line_1_27' title="bbox 414 2059 1894 2113; baseline 0 -13"><span class='ocrx_word' id='word_1_241' title='bbox 414 2067 497 2101; x_wconf 86' lang='lat' dir='ltr'>tus.</span> <span class='ocrx_word' id='word_1_242' title='bbox 559 2060 691 2113; x_wconf 79' lang='lat' dir='ltr'>Quod</span> <span class='ocrx_word' id='word_1_243' title='bbox 715 2074 792 2113; x_wconf 86' lang='lat' dir='ltr'>per</span> <span class='ocrx_word' id='word_1_244' title='bbox 811 2064 836 2080; x_wconf 92' lang='lat'><strong>“</strong></span> <span class='ocrx_word' id='word_1_245' title='bbox 850 2061 1108 2101; x_wconf 88' lang='lat' dir='ltr'>mulierem”</span> <span class='ocrx_word' id='word_1_246' title='bbox 1126 2061 1240 2101; x_wconf 88' lang='lat' dir='ltr'>hanc</span> <span class='ocrx_word' id='word_1_247' title='bbox 1261 2059 1534 2113; x_wconf 86' lang='lat' dir='ltr'>significetur</span> <span class='ocrx_word' id='word_1_248' title='bbox 1553 2074 1668 2100; x_wconf 90' lang='lat' dir='ltr'>nova</span> <span class='ocrx_word' id='word_1_249' title='bbox 1689 2059 1894 2108; x_wconf 85' lang='lat' dir='ltr'>ecclesia,</span> 
     </span>
     <span class='ocr_line' id='line_1_28' title="bbox 413 2122 1896 2177; baseline 0 -15"><span class='ocrx_word' id='word_1_250' title='bbox 413 2137 525 2175; x_wconf 91' lang='lat' dir='ltr'>quae</span> <span class='ocrx_word' id='word_1_251' title='bbox 552 2130 654 2174; x_wconf 92' lang='lat' dir='ltr'>post</span> <span class='ocrx_word' id='word_1_252' title='bbox 681 2123 812 2163; x_wconf 87' lang='lat' dir='ltr'>finem</span> <span class='ocrx_word' id='word_1_253' title='bbox 841 2123 968 2176; x_wconf 88' lang='lat' dir='ltr'>hujus</span> <span class='ocrx_word' id='word_1_254' title='bbox 994 2138 1106 2177; x_wconf 90' lang='lat' dir='ltr'>quae</span> <span class='ocrx_word' id='word_1_255' title='bbox 1133 2124 1176 2163; x_wconf 92' lang='lat' dir='ltr'>in</span> <span class='ocrx_word' id='word_1_256' title='bbox 1204 2122 1457 2164; x_wconf 86' lang='lat' dir='ltr'>Christiano</span> <span class='ocrx_word' id='word_1_257' title='bbox 1484 2123 1590 2163; x_wconf 89' lang='lat' dir='ltr'>orbe</span> <span class='ocrx_word' id='word_1_258' title='bbox 1617 2128 1702 2170; x_wconf 86' lang='lat' dir='ltr'>est,</span> <span class='ocrx_word' id='word_1_259' title='bbox 1726 2123 1896 2163; x_wconf 86' lang='lat' dir='ltr'>instau-</span> 
     </span>
     <span class='ocr_line' id='line_1_29' title="bbox 414 2185 1895 2238; baseline 0.001 -14"><span class='ocrx_word' id='word_1_260' title='bbox 414 2186 551 2225; x_wconf 89' lang='lat' dir='ltr'>randa</span> <span class='ocrx_word' id='word_1_261' title='bbox 576 2192 644 2226; x_wconf 87' lang='lat' dir='ltr'>est</span> <span class='ocrx_word' id='word_1_262' title='bbox 671 2200 697 2225; x_wconf 87' lang='lat' dir='ltr'>a</span> <span class='ocrx_word' id='word_1_263' title='bbox 723 2186 931 2234; x_wconf 88' lang='lat' dir='ltr'>Domino,</span> <span class='ocrx_word' id='word_1_264' title='bbox 960 2193 1167 2226; x_wconf 85' lang='lat' dir='ltr'>constare</span> <span class='ocrx_word' id='word_1_265' title='bbox 1194 2192 1346 2238; x_wconf 89' lang='lat' dir='ltr'>potest</span> <span class='ocrx_word' id='word_1_266' title='bbox 1372 2199 1397 2226; x_wconf 86' lang='lat' dir='ltr'>a</span> <span class='ocrx_word' id='word_1_267' title='bbox 1422 2185 1710 2238; x_wconf 89' lang='lat' dir='ltr'>sequentibus</span> <span class='ocrx_word' id='word_1_268' title='bbox 1736 2185 1780 2224; x_wconf 88' lang='lat' dir='ltr'>in</span> <span class='ocrx_word' id='word_1_269' title='bbox 1805 2185 1895 2226; x_wconf 90' lang='lat' dir='ltr'>hoc.</span> 
     </span>
     <span class='ocr_line' id='line_1_30' title="bbox 415 2247 1896 2302; baseline 0.001 -15"><span class='ocrx_word' id='word_1_270' title='bbox 415 2249 574 2299; x_wconf 88' lang='lat' dir='ltr'>capite,</span> <span class='ocrx_word' id='word_1_271' title='bbox 618 2261 778 2301; x_wconf 87' lang='lat' dir='ltr'>nempe</span> <span class='ocrx_word' id='word_1_272' title='bbox 819 2249 938 2302; x_wconf 91' lang='lat' dir='ltr'>quod</span> <span class='ocrx_word' id='word_1_273' title='bbox 982 2249 1242 2301; x_wconf 85' lang='lat' dir='ltr'>“pepererit</span> <span class='ocrx_word' id='word_1_274' title='bbox 1283 2247 1419 2288; x_wconf 91' lang='lat' dir='ltr'>filium</span> <span class='ocrx_word' id='word_1_275' title='bbox 1461 2247 1722 2296; x_wconf 90' lang='lat' dir='ltr'>masculum,</span> <span class='ocrx_word' id='word_1_276' title='bbox 1764 2260 1896 2302; x_wconf 91' lang='lat' dir='ltr'>quem</span> 
     </span>
     <span class='ocr_line' id='line_1_31' title="bbox 414 2309 1896 2364; baseline 0.001 -16"><span class='ocrx_word' id='word_1_277' title='bbox 414 2309 626 2350; x_wconf 85' lang='lat' dir='ltr'>devorare</span> <span class='ocrx_word' id='word_1_278' title='bbox 649 2310 788 2351; x_wconf 86' lang='lat' dir='ltr'>voluit</span> <span class='ocrx_word' id='word_1_279' title='bbox 811 2311 959 2359; x_wconf 89' lang='lat' dir='ltr'>draco,</span> <span class='ocrx_word' id='word_1_280' title='bbox 985 2318 1029 2351; x_wconf 91' lang='lat' dir='ltr'>et</span> <span class='ocrx_word' id='word_1_281' title='bbox 1057 2312 1129 2364; x_wconf 90' lang='lat' dir='ltr'>qui</span> <span class='ocrx_word' id='word_1_282' title='bbox 1151 2317 1304 2363; x_wconf 88' lang='lat' dir='ltr'>raptus</span> <span class='ocrx_word' id='word_1_283' title='bbox 1326 2317 1396 2351; x_wconf 89' lang='lat' dir='ltr'>est</span> <span class='ocrx_word' id='word_1_284' title='bbox 1422 2310 1478 2350; x_wconf 86' lang='lat' dir='ltr'>ad</span> <span class='ocrx_word' id='word_1_285' title='bbox 1502 2309 1687 2359; x_wconf 87' lang='lat' dir='ltr'>Deum,”</span> <span class='ocrx_word' id='word_1_286' title='bbox 1708 2316 1754 2351; x_wconf 87' lang='lat' dir='ltr'>et</span> <span class='ocrx_word' id='word_1_287' title='bbox 1777 2310 1896 2363; x_wconf 92' lang='lat' dir='ltr'>quod</span> 
     </span>
     <span class='ocr_line' id='line_1_32' title="bbox 417 2372 1896 2426; baseline 0.001 -15"><span class='ocrx_word' id='word_1_288' title='bbox 417 2372 611 2412; x_wconf 85' lang='lat' dir='ltr'>“mulier</span> <span class='ocrx_word' id='word_1_289' title='bbox 636 2372 711 2412; x_wconf 91' lang='lat' dir='ltr'>illa</span> <span class='ocrx_word' id='word_1_290' title='bbox 736 2373 953 2413; x_wconf 86' lang='lat' dir='ltr'>volaverit</span> <span class='ocrx_word' id='word_1_291' title='bbox 980 2374 1021 2413; x_wconf 91' lang='lat' dir='ltr'>in</span> <span class='ocrx_word' id='word_1_292' title='bbox 1049 2373 1314 2422; x_wconf 88' lang='lat' dir='ltr'>desertum‚’&#39;</span> <span class='ocrx_word' id='word_1_293' title='bbox 1341 2380 1385 2413; x_wconf 94' lang='lat' dir='ltr'>et</span> <span class='ocrx_word' id='word_1_294' title='bbox 1412 2373 1530 2426; x_wconf 91' lang='lat' dir='ltr'>quod</span> <span class='ocrx_word' id='word_1_295' title='bbox 1560 2372 1735 2413; x_wconf 87' lang='lat' dir='ltr'>“draco</span> <span class='ocrx_word' id='word_1_296' title='bbox 1759 2373 1896 2413; x_wconf 86' lang='lat' dir='ltr'>etiam</span> 
     </span>
     <span class='ocr_line' id='line_1_33' title="bbox 412 2433 1894 2488; baseline 0.001 -15"><span class='ocrx_word' id='word_1_297' title='bbox 412 2434 471 2473; x_wconf 89' lang='lat' dir='ltr'>ibi</span> <span class='ocrx_word' id='word_1_298' title='bbox 502 2433 624 2474; x_wconf 85' lang='lat' dir='ltr'>illam</span> <span class='ocrx_word' id='word_1_299' title='bbox 656 2435 793 2475; x_wconf 91' lang='lat' dir='ltr'>vellet</span> <span class='ocrx_word' id='word_1_300' title='bbox 826 2436 1010 2487; x_wconf 89' lang='lat' dir='ltr'>perdere</span> <span class='ocrx_word' id='word_1_301' title='bbox 1029 2435 1060 2486; x_wconf 85' lang='lat'>;’&#39;</span> <span class='ocrx_word' id='word_1_302' title='bbox 1101 2450 1159 2476; x_wconf 87' lang='lat' dir='ltr'>ex</span> <span class='ocrx_word' id='word_1_303' title='bbox 1197 2435 1486 2488; x_wconf 91' lang='lat' dir='ltr'>sequentibus</span> <span class='ocrx_word' id='word_1_304' title='bbox 1517 2435 1636 2475; x_wconf 88' lang='lat' dir='ltr'>enim</span> <span class='ocrx_word' id='word_1_305' title='bbox 1667 2433 1894 2475; x_wconf 88' lang='lat' dir='ltr'>constabit</span> 
     </span>
     <span class='ocr_line' id='line_1_34' title="bbox 413 2494 1892 2553; baseline 0.001 -18"><span class='ocrx_word' id='word_1_306' title='bbox 413 2496 531 2548; x_wconf 87' lang='lat' dir='ltr'>quod</span> <span class='ocrx_word' id='word_1_307' title='bbox 565 2510 641 2548; x_wconf 89' lang='lat' dir='ltr'>per</span> <span class='ocrx_word' id='word_1_308' title='bbox 670 2497 842 2537; x_wconf 89' lang='lat' dir='ltr'>“filium</span> <span class='ocrx_word' id='word_1_309' title='bbox 875 2498 1122 2538; x_wconf 87' lang='lat' dir='ltr'>masculum</span> <span class='ocrx_word' id='word_1_310' title='bbox 1135 2497 1154 2513; x_wconf 88' lang='lat'>&#39;&#39;</span> <span class='ocrx_word' id='word_1_311' title='bbox 1179 2497 1460 2550; x_wconf 87' lang='lat' dir='ltr'>intelligatur</span> <span class='ocrx_word' id='word_1_312' title='bbox 1484 2510 1637 2537; x_wconf 90' lang='lat' dir='ltr'>verum</span> <span class='ocrx_word' id='word_1_313' title='bbox 1663 2494 1892 2553; x_wconf 62' lang='lat' dir='ltr'>doctrinae</span> 
     </span>
     <span class='ocr_line' id='line_1_35' title="bbox 412 2558 1895 2612; baseline 0.001 -16"><span class='ocrx_word' id='word_1_314' title='bbox 412 2558 527 2597; x_wconf 87' lang='lat' dir='ltr'>illius</span> <span class='ocrx_word' id='word_1_315' title='bbox 559 2558 786 2607; x_wconf 88' lang='lat' dir='ltr'>ecclesiae,</span> <span class='ocrx_word' id='word_1_316' title='bbox 821 2566 865 2600; x_wconf 93' lang='lat' dir='ltr'>et</span> <span class='ocrx_word' id='word_1_317' title='bbox 898 2574 975 2612; x_wconf 88' lang='lat' dir='ltr'>per</span> <span class='ocrx_word' id='word_1_318' title='bbox 1003 2560 1311 2600; x_wconf 82' lang='lat' dir='ltr'>“draconem&#39;&#39;</span> <span class='ocrx_word' id='word_1_319' title='bbox 1337 2559 1654 2612; x_wconf 89' lang='lat' dir='ltr'>intelliguntur</span> <span class='ocrx_word' id='word_1_320' title='bbox 1683 2560 1756 2612; x_wconf 91' lang='lat' dir='ltr'>qui</span> <span class='ocrx_word' id='word_1_321' title='bbox 1787 2571 1895 2599; x_wconf 89' lang='lat' dir='ltr'>con-</span> 
     </span>
     <span class='ocr_line' id='line_1_36' title="bbox 413 2620 1896 2675; baseline 0.001 -16"><span class='ocrx_word' id='word_1_322' title='bbox 413 2627 483 2660; x_wconf 83' lang='lat' dir='ltr'>tra</span> <span class='ocrx_word' id='word_1_323' title='bbox 519 2620 633 2660; x_wconf 90' lang='lat' dir='ltr'>illius</span> <span class='ocrx_word' id='word_1_324' title='bbox 670 2620 897 2663; x_wconf 64' lang='lat' dir='ltr'>doctrinae</span> <span class='ocrx_word' id='word_1_325' title='bbox 935 2637 1040 2664; x_wconf 88' lang='lat' dir='ltr'>vera</span> <span class='ocrx_word' id='word_1_326' title='bbox 1077 2630 1194 2663; x_wconf 90' lang='lat' dir='ltr'>sunt.</span> <span class='ocrx_word' id='word_1_327' title='bbox 1269 2622 1403 2675; x_wconf 79' lang='lat' dir='ltr'>Quod</span> <span class='ocrx_word' id='word_1_328' title='bbox 1440 2622 1629 2662; x_wconf 86' lang='lat' dir='ltr'>ecclesia</span> <span class='ocrx_word' id='word_1_329' title='bbox 1667 2635 1780 2675; x_wconf 91' lang='lat' dir='ltr'>quae</span> <span class='ocrx_word' id='word_1_330' title='bbox 1817 2634 1896 2674; x_wconf 90' lang='lat' dir='ltr'>per</span> 
     </span>
     <span class='ocr_line' id='line_1_37' title="bbox 417 2683 1896 2738; baseline 0.002 -16"><span class='ocrx_word' id='word_1_331' title='bbox 417 2683 713 2723; x_wconf 86' lang='lat' dir='ltr'>“mulierem”</span> <span class='ocrx_word' id='word_1_332' title='bbox 736 2685 804 2725; x_wconf 89' lang='lat' dir='ltr'>hic</span> <span class='ocrx_word' id='word_1_333' title='bbox 828 2685 1107 2738; x_wconf 87' lang='lat' dir='ltr'>intelligitur,</span> <span class='ocrx_word' id='word_1_334' title='bbox 1132 2687 1189 2726; x_wconf 93' lang='lat' dir='ltr'>sit</span> <span class='ocrx_word' id='word_1_335' title='bbox 1212 2687 1370 2726; x_wconf 88' lang='lat' dir='ltr'>eadem</span> <span class='ocrx_word' id='word_1_336' title='bbox 1392 2685 1582 2726; x_wconf 89' lang='lat' dir='ltr'>ecclesia</span> <span class='ocrx_word' id='word_1_337' title='bbox 1603 2697 1704 2725; x_wconf 91' lang='lat' dir='ltr'>cum</span> <span class='ocrx_word' id='word_1_338' title='bbox 1724 2684 1896 2725; x_wconf 89' lang='lat' dir='ltr'>“Nova</span> 
     </span>
     <span class='ocr_line' id='line_1_38' title="bbox 414 2744 1894 2800; baseline 0.003 -16"><span class='ocrx_word' id='word_1_339' title='bbox 414 2744 768 2797; x_wconf 87' lang='lat' dir='ltr'>Hierosolyma,”</span> <span class='ocrx_word' id='word_1_340' title='bbox 816 2761 927 2800; x_wconf 91' lang='lat' dir='ltr'>quae</span> <span class='ocrx_word' id='word_1_341' title='bbox 982 2748 1246 2789; x_wconf 89' lang='lat' dir='ltr'>describitur</span> <span class='ocrx_word' id='word_1_342' title='bbox 1299 2761 1394 2800; x_wconf 90' lang='lat' dir='ltr'>cap.</span> <span class='ocrx_word' id='word_1_343' title='bbox 1448 2748 1559 2795; x_wconf 71' lang='lat' dir='ltr'>xxi,</span> <span class='ocrx_word' id='word_1_344' title='bbox 1608 2753 1654 2787; x_wconf 91' lang='lat' dir='ltr'>et</span> <span class='ocrx_word' id='word_1_345' title='bbox 1708 2752 1894 2788; x_wconf 88' lang='lat' dir='ltr'>vocatur</span> 
     </span>
     <span class='ocr_line' id='line_1_39' title="bbox 414 2807 1894 2864; baseline 0.003 -18"><span class='ocrx_word' id='word_1_346' title='bbox 414 2810 620 2859; x_wconf 88' lang='lat' dir='ltr'>“sponsa</span> <span class='ocrx_word' id='word_1_347' title='bbox 658 2807 781 2860; x_wconf 87' lang='lat' dir='ltr'>Agni</span> <span class='ocrx_word' id='word_1_348' title='bbox 819 2810 961 2850; x_wconf 87' lang='lat' dir='ltr'>uxor&#39;&#39;</span> <span class='ocrx_word' id='word_1_349' title='bbox 996 2810 1127 2863; x_wconf 87' lang='lat' dir='ltr'>(vers.</span> <span class='ocrx_word' id='word_1_350' title='bbox 1165 2823 1192 2863; x_wconf 90' lang='lat'>9</span> <span class='ocrx_word' id='word_1_351' title='bbox 1227 2810 1322 2864; x_wconf 83' lang='lat' dir='ltr'>ibi),</span> <span class='ocrx_word' id='word_1_352' title='bbox 1355 2811 1398 2850; x_wconf 91' lang='lat' dir='ltr'>in</span> <span class='ocrx_word' id='word_1_353' title='bbox 1439 2809 1740 2862; x_wconf 85' lang='lat' dir='ltr'>explicatione</span> <span class='ocrx_word' id='word_1_354' title='bbox 1778 2809 1894 2850; x_wconf 90' lang='lat' dir='ltr'>illius</span> 
     </span>
     <span class='ocr_line' id='line_1_40' title="bbox 412 2871 828 2923; baseline 0.005 -13"><span class='ocrx_word' id='word_1_355' title='bbox 412 2872 569 2923; x_wconf 87' lang='lat' dir='ltr'>capitis</span> <span class='ocrx_word' id='word_1_356' title='bbox 595 2871 828 2913; x_wconf 87' lang='lat' dir='ltr'>videbitur.</span> 
     </span>
    </p>

    <p class='ocr_par' dir='ltr' id='par_1_3' title="bbox 411 2933 1896 3053">
     <span class='ocr_line' id='line_1_41' title="bbox 489 2933 1894 2994; baseline 0.001 -15"><span class='ocrx_word' id='word_1_357' title='bbox 489 2933 621 2991; x_wconf 59' lang='lat'><strong>70⁰8·</strong></span> <span class='ocrx_word' id='word_1_358' title='bbox 660 2939 736 2978; x_wconf 69' lang='lat' dir='ltr'>“ft</span> <span class='ocrx_word' id='word_1_359' title='bbox 760 2940 855 2979; x_wconf 83' lang='lat' dir='ltr'>luna</span> <span class='ocrx_word' id='word_1_360' title='bbox 883 2941 956 2990; x_wconf 74' lang='lat' dir='ltr'>sub</span> <span class='ocrx_word' id='word_1_361' title='bbox 975 2941 1142 2992; x_wconf 76' lang='lat' dir='ltr'>pedibus</span> <span class='ocrx_word' id='word_1_362' title='bbox 1165 2941 1485 2994; x_wconf 79' lang='lat' dir='ltr'>ojus.&#39;&#39;—Quod</span> <span class='ocrx_word' id='word_1_363' title='bbox 1515 2940 1738 2993; x_wconf 88' lang='lat' dir='ltr'>significet</span> <span class='ocrx_word' id='word_1_364' title='bbox 1752 2940 1894 2993; x_wconf 86' lang='lat' dir='ltr'>fidem</span> 
     </span>
     <span class='ocr_line' id='line_1_42' title="bbox 411 3000 1896 3053; baseline 0.003 -14"><span class='ocrx_word' id='word_1_365' title='bbox 411 3000 535 3051; x_wconf 78' lang='lat' dir='ltr'>apud</span> <span class='ocrx_word' id='word_1_366' title='bbox 561 3000 658 3040; x_wconf 79' lang='lat' dir='ltr'><em>illos</em></span> <span class='ocrx_word' id='word_1_367' title='bbox 694 3001 772 3053; x_wconf 83' lang='lat' dir='ltr'>qui</span> <span class='ocrx_word' id='word_1_368' title='bbox 799 3001 1025 3042; x_wconf 75' lang='lat' dir='ltr'>naturales</span> <span class='ocrx_word' id='word_1_369' title='bbox 1056 3004 1171 3052; x_wconf 84' lang='lat' dir='ltr'>sunt,</span> <span class='ocrx_word' id='word_1_370' title='bbox 1204 3009 1244 3043; x_wconf 82' lang='lat' dir='ltr'>et</span> <span class='ocrx_word' id='word_1_371' title='bbox 1279 3003 1323 3043; x_wconf 82' lang='lat' dir='ltr'>in</span> <span class='ocrx_word' id='word_1_372' title='bbox 1359 3002 1588 3051; x_wconf 74' lang='lat' dir='ltr'>charitate,</span> <span class='ocrx_word' id='word_1_373' title='bbox 1622 3008 1801 3043; x_wconf 85' lang='lat' dir='ltr'>constat</span> <span class='ocrx_word' id='word_1_374' title='bbox 1833 3015 1896 3043; x_wconf 83' lang='lat' dir='ltr'>ex</span> 
     </span>
    </p>
   </div>
   <div class='ocr_carea' id='block_1_3' title="bbox 1943 0 2098 101">
    <p class='ocr_par' dir='ltr' id='par_1_4' title="bbox 1943 0 2098 101">
     <span class='ocr_line' id='line_1_43' title="bbox 1943 0 2098 101; baseline 0 3375"><span class='ocrx_word' id='word_1_375' title='bbox 1943 0 2098 101; x_wconf 95' lang='lat' dir='ltr'> </span> 
     </span>
    </p>
   </div>
  </div>
 </body>
</html>
