2054 3464
86 2770 91 2786 tv
94 2782 99 2783 ⁷
99 2767 131 2781 kaka

118 835 156 899 ‚¹
187 843 195 846 ’
249 853 342 895 tiae
365 853 484 894 veri:
518 851 639 906 quod
668 850 850 892 “colles
876 851 1066 903 cingant
1094 863 1142 890 se
1169 848 1482 890 exultatione’

624 358 731 392 CAP.
754 357 857 399 XII„
879 356 1019 390 VERS.
1041 348 1190 389 6.—N.
1213 347 1374 400 73o[c].
1639 352 1746 398 2035

222 460 364 518 “haec
392 487 574 530 quoque
609 472 668 514 de
707 470 901 514 ecclesia
941 470 1060 524 apud
1101 476 1296 524 gentes;
1339 475 1385 510 et
1418 482 1496 522 per
1531 467 1748 508 “stillant

249 537 514 580 habitacula
544 536 713 578 deserti
728 534 748 550 ”
774 533 1056 588 significatur
1082 533 1203 588 quod
1236 539 1415 574 mentes
1447 545 1602 573 eorum
1634 545 1749 585 quae

119 602 178 642 τ’
249 601 372 656 prius
411 601 456 643 in
496 599 756 654 ignorantia
786 598 879 639 veri
920 597 1114 646 suerunt,
1149 602 1406 650 agnoscant
1439 601 1486 636 et
1526 594 1748 647 recipiant

249 677 383 714 vera;
415 662 658 706 “stillare’'
681 662 846 702 dicitur
867 661 924 702 de
947 660 1133 709 influxu,
1157 660 1393 713 agnitione
1416 664 1462 699 et
1486 658 1749 711 receptione

250 727 363 776 veri,·
388 724 721 768 “habitacula”
747 725 959 765 dicuntur
985 723 1041 764 de
1073 722 1362 764 interioribus
1394 721 1604 770 hominis,
1633 734 1749 774 quae

249 790 416 832 mentis
442 789 536 843 ejus
562 795 683 837 sunt,
708 794 755 829 et
780 787 1050 829 “desertum
1064 786 1083 801 ”
1106 786 1271 827 dicitur
1297 786 1354 826 de
1381 791 1507 826 statu
1533 785 1748 838 ignoran-

1486 847 1494 863 ’
1521 846 1748 901 significat

248 915 370 970 quod
400 915 522 956 bona
552 914 672 968 apud
703 913 807 955 illos
838 914 1059 967 recipiant
1091 926 1198 953 vera
1231 925 1332 952 cum
1364 911 1532 965 gaudio
1572 911 1746 952 cordis:

216 978 369 1034 ‘quod
403 981 574 1032 “prata
613 978 806 1018 induant
847 989 1052 1030 gregem,
1087 982 1133 1017 et
1172 975 1317 1016 valles
1358 975 1621 1028 operiantur
1660 974 1748 1015 fru—

239 1041 446 1093 „mentoss’
471 1040 698 1095 significat
725 1039 847 1094 quod
874 1039 1066 1093 utraque
1094 1052 1236 1086 mens,
1266 1038 1513 1092 spiritualis
1540 1043 1586 1078 et
1614 1043 1748 1078 natu-

110 1112 123 1137 '‹
155 1103 186 1134 ’·’
247 1105 368 1156 ralis,
395 1105 584 1159 recipiat
615 1118 724 1146 vera
755 1103 839 1145 sibi
871 1103 1222 1153 convenientia;
1259 1105 1428 1156 “prata
1441 1101 1460 1116 '’
1489 1100 1748 1155 significant

247 1167 326 1210 illa
365 1182 480 1223 quae
521 1168 688 1211 mentis
728 1166 975 1221 spiritualis
1016 1172 1063 1207 et
1108 1166 1214 1207 inde
1259 1165 1495 1206 rationalis
1537 1171 1658 1213 sunt,
1701 1170 1748 1205 et

250 1230 465 1274 “valles’'
505 1230 583 1272 illa
623 1245 738 1285 quae
779 1230 948 1271 mentis
989 1228 1224 1278 naturalis,
1268 1242 1320 1270 ac
1365 1228 1550 1282 “grex‘'
1591 1240 1748 1268 verum

186 1332 190 1334 ,
247 1293 496 1349 spirituale,
530 1300 578 1336 et
607 1293 924 1335 “frumentum
937 1292 957 1309 '¹
982 1305 1139 1334 verum
1171 1291 1393 1333 naturale.
1456 1291 1596 1346 Apud
1627 1291 1748 1333 Esa-

149 1370 186 1409 ’.χ
249 1371 378 1408 tam„

315 1445 548 1480 “1¹JCantent.
563 1472 571 1480 .
584 1472 593 1480 .
607 1447 764 1480 .laudem
775 1446 983 1479 extremitas
995 1452 1121 1484 terrae,
1131 1445 1391 1478 descendentes
1400 1455 1508 1483 mare,
1518 1450 1554 1476 et
1563 1445 1748 1485 plenitudo

423 1491 512 1533 ejus,
532 1491 671 1524 insulae
691 1498 726 1523 et
749 1491 970 1523 habitatores
990 1500 1112 1522 earum
1129 1499 1136 1528 ;
1162 1490 1337 1521 extollant
1357 1499 1483 1520 vocem
1508 1489 1688 1520 desertum
1714 1494 1750 1520 et

423 1536 531 1568 urbes
562 1535 652 1576 ejus,
684 1534 791 1566 villae
823 1544 911 1576 quas
943 1534 1120 1566 inhabitat
1150 1533 1286 1565 Arabia
1303 1543 1310 1570 ;
1350 1539 1495 1565 cantent
1528 1533 1748 1565 habitatores

422 1585 555 1621 petrae,
573 1589 592 1611 e
609 1579 724 1620 capite
742 1579 920 1611 montium
938 1577 1125 1610 clament”
1142 1577 1227 1618 (xlii.
1249 1586 1300 1616 10,
1321 1577 1394 1617 11):

246 1673 361 1717 haec
393 1671 450 1714 de
481 1670 678 1714 ecclesia
708 1671 829 1725 apud
860 1670 964 1712 illos
996 1671 1071 1725 qui
1102 1671 1267 1712 remoti
1299 1670 1358 1711 ab
1383 1669 1605 1711 ecclesiae
1630 1670 1748 1711 veris

245 1737 441 1786 suerunt,
468 1736 572 1791 quia
603 1734 836 1776 naturales
868 1740 915 1776 et
949 1734 1211 1785 sensuales;
1249 1733 1429 1775 illorum
1461 1734 1748 1787 ignorantiae

232 1806 398 1843 status
428 1798 702 1852 intelligitur
726 1812 806 1852 per
834 1796 1148 1847 “desertum,''
1174 1803 1220 1839 et
1254 1810 1408 1838 eorum
1441 1797 1656 1850 gaudium
1688 1810 1748 1838 ex

246 1862 588 1918 praedicatione
620 1869 667 1903 et
693 1861 963 1914 cognitione
989 1861 1097 1910 veri,
1126 1875 1205 1914 per
1234 1864 1461 1901 “cantare
1493 1859 1674 1901 laudem
1701 1865 1748 1900 et

184 1959 186 1961 »
246 1923 480 1966 extollere
521 1921 734 1964 vocem.”
810 1932 914 1970 (Quid
937 1933 1062 1970 reliqua
1083 1933 1274 1970 significant,
1297 1932 1506 1972 explicatumM
1516 1936 1563 1960 est
1585 1941 1693 1969 supra,
1716 1940 1749 1962 n.

245 1983 408 2036 406[b].)
464 1981 697 2036 Quoniam
727 1988 879 2023 status
910 1982 1201 2035 ignorantiae
1231 1982 1342 2030 veri,
1370 1982 1414 2022 in
1445 1995 1535 2035 quo
1565 1981 1748 2022 fuerunt

245 2051 426 2100 gentes,
450 2043 731 2099 significatur
753 2058 832 2098 per
852 2043 1164 2093 “desertum,”
1182 2057 1233 2085 ac
1257 2044 1530 2084 desiderium
1553 2043 1646 2084 veri
1670 2057 1750 2097 per

249 2107 496 2158 “famem‚”
522 2113 570 2149 et
601 2105 840 2149 instruffio
871 2121 898 2148 a
930 2107 1130 2148 Domino
1156 2121 1235 2161 per
1263 2105 1619 2156 “cibationem,'‘
1645 2106 1749 2147 ideo

247 2170 416 2215 fastum
447 2177 519 2213 est
551 2171 672 2226 quod
711 2171 935 2212 Dominus
966 2171 1208 2212 secesserit
1246 2171 1291 2211 in
1323 2170 1569 2218 desertum,
1603 2182 1654 2210 ac
1689 2169 1749 2210 ibi

228 2234 454 2278 *docuerit
494 2234 676 2276 turbam
717 2247 833 2288 quae
875 2233 1030 2288 Ipsum
1072 2234 1311 2288 quaesivit,
1347 2246 1399 2274 ac
1442 2240 1605 2287 postea
1645 2233 1749 2275 illos

204 2335 210 2343 ..
247 2296 467 2341 cibaverit
484 2311 494 2350 ;

321 2387 430 2431 (quod
452 2387 522 2420 hoc
545 2385 680 2420 factum
705 2387 751 2419 sit
772 2387 836 2419 “in
861 2387 1014 2419 desertis
1024 2386 1042 2399 '¹
1066 2393 1232 2418 constare
1257 2393 1376 2428 potest
1399 2387 1493 2427 apud
1518 2386 1750 2423 Matthaeum,

423 2441 499 2474 cap.
518 2431 589 2464 xiv.
612 2439 739 2471 13-22;
772 2441 848 2472 cap.
868 2441 925 2463 xv.
946 2431 1075 2471 32-38:
1107 2431 1221 2463 Marc.
1242 2431 1288 2463 vi.
1310 2439 1440 2470 31—34;
1471 2441 1547 2472 cap.
1568 2431 1638 2463 viii.
1667 2440 1748 2472 1—9:

422 2475 506 2508 Luc.
524 2476 568 2508 ix.
589 2483 694 2515 12-17
707 2474 730 2516 :)
834 2475 836 2477 ’

249 2563 403 2605 omnia
428 2563 548 2604 enim
574 2576 689 2617 quae
720 2576 747 2604 a
779 2562 979 2604 Domino
1014 2561 1171 2616 [facta]
1206 2569 1327 2612 sunt,
1356 2568 1402 2604 et
1429 2577 1608 2617 quoque
1635 2564 1750 2616 q'uae

140 2633 142 2635 ’
184 2658 186 2662 ‚
250 2639 354 2668 cum
380 2625 594 2675 Domino,
622 2626 1015 2680 repraesentativa
1040 2625 1233 2675 fuerunt,
1258 2627 1362 2680 quia
1388 2626 1749 2680 corresponden-

251 2690 371 2741 tiae3
417 2690 482 2732 ita
518 2703 696 2744 quoque
733 2689 840 2731 illa:
889 2703 949 2730 ex
986 2689 1161 2743 quibus,
1200 2695 1249 2730 ut
1287 2703 1347 2730 ex
1385 2689 1495 2730 locis
1533 2704 1557 2730 e
1594 2689 1751 2730 Verbo

251 2766 388 2807 supra
408 2751 630 2801 adductis,
650 2759 780 2807 patet
803 2753 923 2807 quod
945 2752 1246 2794 “desertum’'
1264 2752 1489 2806 significet
1513 2752 1607 2794 tale
1629 2752 1749 2806 apud

251 2814 485 2858 hominem
510 2815 632 2870 quod
665 2829 757 2856 non
789 2815 1026 2857 excultum
1053 2822 1099 2857 et
1132 2815 1392 2857 habitatum
1419 2822 1505 2864 est,
1533 2817 1598 2856 ita
1629 2815 1749 2868 quod

253 2878 455 2920 nondum
477 2878 618 2920 vitale
644 2893 704 2920 ex
731 2879 953 2932 spirituali
979 2877 1147 2920 factum
1172 2885 1271 2930 est;
1304 2879 1492 2933 proinde
1519 2877 1749 2932 applicate

251 2941 310 2983 ad
327 2941 581 2991 ecclesiam,
600 2942 721 2996 quod
741 2955 831 2983 non
849 2941 1126 2983 vivificatum
1145 2955 1223 2996 per
1240 2956 1346 2983 vera
1364 2956 1373 2993 ;
1405 2943 1470 2983 ita
1487 2941 1748 2994 religiosum

252 3004 372 3059 apud
404 3011 584 3059 gentes,
611 3005 732 3060 quod
764 3019 908 3060 paene
940 3006 1074 3046 inane
1106 3011 1152 3047 et
1179 3019 1371 3046 vacuum
1404 3005 1499 3055 fuit,
1528 3005 1631 3059 quia
1657 3018 1748 3054 non
