2008 3458
425 364 534 417 2398
836 373 1167 408 APOCALYPSIS
1198 375 1495 408 EXPLmATA.

421 485 464 525 in
491 485 558 525 his
584 484 693 526 locis
715 498 793 538 per
821 485 1013 527 “dolum
1029 486 1048 502 '’
1074 501 1163 528 non
1190 487 1457 542 intelligitur
1482 488 1610 530 dolus
1635 489 1678 530 in
1709 488 1900 532 naturali

421 561 567 595 sensu,
582 548 624 587 in
649 562 736 600 quo
758 554 826 588 est
849 549 1123 590 machinatio
1146 550 1440 600 fraudulenta,
1461 565 1511 592 ac
1535 552 1816 593 mendacium
1839 565 1899 593 ex

421 609 590 650 malitia
617 616 773 650 contra
798 611 959 661 alium;
993 612 1071 652 sed
1096 612 1225 653 dolus
1247 614 1290 653 in
1317 613 1532 667 spirituali
1562 627 1709 662 sensu,
1736 615 1779 654 in
1810 627 1899 668 quo

421 671 550 712 dolus
582 675 649 712 est
683 674 900 725 cogitatio
933 687 990 713 ex
1023 674 1274 716 intentione
1306 675 1562 724 voluntatis,
1597 690 1673 717 seu
1706 690 1765 718 ex
1796 683 1899 730 p'ro·

419 735 567 786 posito
599 741 675 775 aut
708 735 916 776 consulto
949 735 1159 789 loquendi
1191 744 1237 778 et
1274 739 1569 791 persuadendi
1600 738 1722 788 falsa,
1749 745 1797 780 et
1835 739 1897 781 sic

418 798 612 837 animam
630 798 856 850 perdendi.
909 798 1120 840 Similiter
1141 800 1196 840 de
1219 801 1461 853 prophetis,
1478 802 1594 854 apud
1616 801 1874 850 Jeremz‘am,

482 886 500 900 “
510 885 542 917 N
545 896 651 917 umne
665 891 718 918 est
731 885 765 917 in
780 887 882 918 corde
896 887 1144 927 prophetarum
1158 879 1442 929 prophetantium
1456 889 1690 928 mendacium,
1703 895 1738 922 et
1750 889 1899 932 prophe-

591 935 705 960 tarum
719 929 789 961 doli
803 929 917 962 cordis
935 930 988 962 sui
996 930 1030 963 ?”
1054 930 1160 971 (xxiii.
1178 932 1219 963 26
1232 931 1252 973 ;)

416 1003 533 1057 apud
557 1005 763 1054 eundem,

481 1082 678 1124 Prophetae
691 1083 892 1115 “visionem
906 1084 1092 1122 mendacii,
1106 1090 1141 1116 et
1155 1083 1374 1125 praestigias,
1389 1090 1423 1117 et
1435 1083 1593 1124 nihilum,
1604 1090 1638 1117 et
1650 1084 1769 1117 dolum
1781 1083 1896 1118 cordis

589 1127 644 1158 sui
661 1126 710 1158 illi
726 1127 937 1168 prophetant
953 1127 1079 1159 vobis”
1096 1126 1178 1168 (xiv.
1197 1127 1267 1169 14):

417 1227 496 1266 per
520 1214 831 1266 “prophetas’'
856 1215 900 1254 in
933 1214 1148 1267 spirituali
1180 1228 1312 1255 sensu
1344 1214 1649 1268 significantur
1679 1215 1896 1258 docentes

416 1287 522 1314 vera
552 1288 610 1314 ex
638 1275 792 1315 Verbo
824 1282 869 1316 et
902 1274 1165 1325 doctrinam,
1199 1283 1245 1318 et
1276 1277 1378 1317 inde
1410 1278 1453 1317 in
1493 1291 1625 1318 sensu
1664 1277 1893 1320 abstracto

417 1349 494 1388 per
519 1336 618 1377 illos
644 1337 918 1390 significatur
944 1338 1144 1379 Verbum
1171 1340 1317 1392 quoad
1349 1338 1624 1390 doctrinam5
1657 1354 1790 1394 quare
1817 1355 1895 1394 per

416 1398 516 1439 illos
539 1400 581 1439 in
608 1401 818 1452 opposito
843 1414 988 1449 sensu,
1007 1408 1055 1442 ut
1081 1402 1123 1441 in
1150 1401 1234 1441 illis
1257 1401 1379 1447 locis.
1399 1402 1705 1454 significantur
1725 1403 1892 1444 docen-

416 1467 485 1502 tes
527 1462 650 1510 falsa,
684 1463 746 1503 ita
782 1462 1065 1504 falsificantes
1097 1477 1201 1503 vera
1233 1463 1397 1514 Verbi;
1439 1465 1524 1505 hoc
1565 1479 1623 1505 ex
1660 1456 1893 1518 proposito*

416 1524 682 1577 intelligitur
700 1538 776 1577 per
791 1525 980 1566 “dolum
1003 1526 1176 1566 cordis'’
1191 1526 1380 1566 illorum.
1429 1526 1562 1579 Quod
1585 1541 1662 1580 per
1681 1527 1863 1569 “dolum
1874 1527 1894 1544 ”

414 1586 691 1639 intelligatur
722 1587 970 1628 falsificatio
1001 1589 1241 1629 veritatum
1268 1589 1407 1629 Verbi
1439 1603 1497 1629 ex
1529 1590 1771 1643 proposito,
1796 1596 1892 1631 tum

415 1664 474 1690 ex
500 1650 746 1702 cupiditate
773 1651 1028 1699 seducendi,
1057 1657 1184 1703 patet
1211 1652 1328 1704 apud
1355 1651 1611 1701 Hoscheam,
1947 1646 1953 1649 ⁷

479 1737 819 1823 “Circpgidjderunt
829 1738 897 1823 ssst
914 1739 1097 1770 mendacio
1115 1738 1293 1780 Ephraim,
1310 1745 1346 1771 et
1361 1739 1444 1772 dolo
1460 1740 1586 1772 domus
1604 1739 1744 1772 Israelis
1752 1739 1771 1754 ”
1786 1739 1857 1782 (xii.
1875 1749 1892 1773 1

640 1806 646 1813 .
698 1806 705 1813 .
722 1792 767 1813 xi.
787 1790 825 1813 12
870 1793 877 1814 ε

413 1882 490 1921 per
517 1869 877 1921 “Ephraimum”
904 1870 1177 1922 significatur
1203 1869 1458 1911 intelleetus
1479 1871 1718 1912 veritatum
1744 1870 1891 1912 ecele-

411 1932 515 1980 siae,
558 1939 604 1972 et
645 1945 722 1984 per
767 1932 986 1972 “domum
1028 1932 1234 1973 Israelis’'
1273 1934 1368 1986 ipsa
1412 1933 1625 1984 ecclesia3
1668 1934 1770 1974 inde
1814 1947 1892 1987 per

414 1994 634 2035 “dolum''
656 2001 701 2036 et
730 1998 755 2015 “
771 1995 1051 2035 mendacium
1063 1994 1082 2010 ”
1107 1994 1380 2048 significatur
1404 1995 1515 2036 falsa
1539 1996 1804 2048 persuadere
1827 2010 1886 2037 ex

412 2058 646 2110 proposito
673 2064 717 2098 et
750 2058 1010 2110 cupiditate.
1072 2057 1209 2110 Apud
1236 2058 1443 2106 eundem,

476 2148 494 2162 “
504 2145 600 2178 Facti
617 2152 698 2178 sunt
714 2146 802 2178 sicut
818 2156 918 2178 arcus
931 2146 1085 2183 dolosus,
1102 2147 1230 2178 cadent
1245 2146 1364 2187 gladio
1377 2147 1552 2188 principes
1565 2146 1713 2186 illorum,
1721 2157 1765 2179 ex
1779 2147 1892 2189 indig-

583 2189 726 2221 natione
743 2189 882 2230 linguae
900 2189 1076 2221 illorum'”
1092 2189 1162 2230 (vii.
1181 2189 1235 2229 16)
1250 2199 1257 2229 ;

411 2273 456 2308 et
482 2266 599 2319 apud
625 2265 858 2313 Davidem,

671 2334 824 2366 “Aversi
841 2340 923 2366 sunt
938 2334 1027 2366 sicut
1045 2343 1146 2366 arcus
1163 2333 1302 2366 dolosi’'
1319 2332 1391 2375 (Ps.
1407 2333 1538 2366 lxxviii.
1557 2333 1629 2374 57):

409 2428 725 2475 comparantur
745 2422 901 2462 “arcui
928 2421 1127 2470 doloso,'’
1144 2422 1245 2475 quia
1271 2435 1348 2474 per
1373 2420 1592 2475 “arcumss’
1614 2420 1889 2474 significatur

409 2485 612 2527 doctrina
643 2499 847 2538 pugnans
878 2486 921 2525 in
954 2491 1143 2538 utroque
1174 2498 1321 2533 sensu,
1355 2497 1516 2537 nempe
1553 2483 1755 2526 doctrina
1789 2485 1887 2526 falsi

409 2549 650 2602 pugnantis
683 2555 841 2588 contra
871 2560 1037 2596 verum,
1067 2561 1117 2587 ac
1144 2548 1235 2587 veri
1267 2553 1425 2587 contra
1454 2547 1641 2598 falsum;
1677 2547 1886 2600 “jacula'’

408 2613 526 2652 enim
558 2617 603 2651 et
629 2610 789 2651 “tela''
812 2608 1064 2662 significant
1096 2609 1206 2650 falsa
1231 2616 1307 2650 aut
1333 2623 1451 2658 vera,
1475 2623 1554 2662 per
1578 2623 1690 2663 quae
1713 2623 1885 2663 pugna-

407 2679 480 2713 tur
497 2686 506 2722 ;
539 2683 641 2719 (quod
656 2682 708 2710 illa
723 2691 779 2718 per
794 2678 811 2689 ‘¹
823 2691 931 2710 arcum
944 2681 959 2690 ''
974 2686 1004 2710 et
1019 2691 1075 2718 per
1087 2678 1104 2689 ‘¹
1116 2682 1178 2710 tela
1190 2681 1206 2690 ''
1220 2681 1443 2718 significentur,
1454 2681 1598 2710 videatur
1611 2690 1715 2719 supra.
1728 2690 1759 2711 n.
1777 2681 1885 2724 357):

407 2748 464 2774 ex
484 2733 640 2787 quibus
662 2733 821 2773 iterum
840 2738 966 2784 patet
989 2731 1106 2785 quod
1126 2745 1203 2784 per
1223 2735 1247 2752 “
1262 2731 1414 2772 dolum
1429 2731 1740 2784 ”intelligatur
1756 2732 1884 2772 dolus

406 2796 449 2835 in
476 2794 692 2848 spirituali
718 2808 862 2841 sensu,
891 2808 1002 2847 quae
1029 2801 1097 2834 est
1130 2800 1287 2834 contra
1310 2808 1415 2834 vera
1446 2801 1491 2835 et
1523 2790 1640 2834 bona
1666 2793 1805 2834 Verbi
1837 2801 1883 2835 et

406 2858 637 2906 ecclesiae,
671 2857 734 2896 ita
766 2857 937 2896 animus
975 2862 1019 2896 et
1060 2856 1279 2909 cupiditas
1310 2856 1568 2896 destruendi
1599 2855 1688 2897 illa.
1750 2854 1883 2908 Quod

406 2921 579 2960 animus
611 2926 655 2960 et
688 2919 907 2971 cupiditas
939 2919 1197 2959 destruendi
1227 2932 1332 2959 vera
1362 2924 1407 2959 et
1438 2919 1557 2958 bo'na
1587 2917 1739 2967 Verbi,
1773 2918 1881 2959 doc-

407 2983 548 3023 trinae
585 2988 631 3022 et
663 2982 891 3030 ecclesiae,
926 2982 989 3022 ita
1025 2995 1083 3021 ex
1121 2981 1328 3022 consulto
1360 2987 1405 3021 et
1437 2994 1495 3021 ex
1528 2981 1770 3033 proposito,
1804 2993 1882 3033 per
