2054 3464
372 345 482 398 2178
782 352 1112 387 APOCALYPSIS
1142 353 1441 387 EXPLICATA.

369 472 415 507 et
441 465 676 516 voluntas;
709 472 862 519 potest
893 467 1010 507 enim
1041 466 1177 508 homo
1207 467 1407 520 cogitare
1439 467 1582 508 multa
1612 480 1724 521 quae
1757 462 1850 511 non
1939 447 1959 469 ,⁴

368 529 478 576 vult,
504 535 548 569 et
575 529 692 582 quod
719 529 814 569 vult
841 529 924 570 hoc
952 530 1125 582 cogitat
1150 543 1250 571 cum
1274 530 1355 570 sibi
1377 530 1459 571 soli
1482 528 1660 571 reli&us
1685 535 1768 580 est,
1795 542 1848 573 ac
1979 530 2013 580 J>

369 591 484 631 velle
511 597 579 631 est
605 591 774 631 facere:
807 591 1016 632 voluntas
1042 592 1179 633 etiarn
1205 599 1250 633 et
1276 592 1378 633 inde
1405 593 1624 646 cogitatio
1654 598 1724 634 est
1753 592 1850 646 ipse
1957 596 1966 603 “
2013 590 2015 597 ’

370 654 519 702 homo,
553 660 598 694 et
631 667 719 694 non
752 655 971 707 cogitatio
1002 661 1234 707 separata3
1271 668 1321 696 ac
1353 653 1469 696 facta
1500 661 1546 696 et
1578 668 1713 708 opera
1743 662 1852 698 sunt·
1922 650 1926 651 ⁷

369 716 616 756 voluntatis
638 723 684 757 et
706 717 808 757 inde
830 717 1132 770 cogitationis,
1152 717 1316 765 at‚sola
1337 717 1447 758 fides
1469 724 1538 758 est
1561 719 1853 771 cogitationis
1896 744 1950 750 —
1980 710 1985 746 Ϊ

371 785 604 831 separatae
636 793 661 819 a
693 777 817 820 factis
843 786 888 820 et
917 780 1124 832 operibus
1150 794 1262 833 quae
1294 787 1397 821 sunt
1423 780 1682 822 voluntatis.
1743 780 1850 823 Fal·
1990 768 2026 787 ”

370 841 482 881 lacia
513 847 595 890 est,
625 840 757 893 Quod
783 841 892 882 fides
923 842 1171 895 separanda
1202 843 1259 883 sit
1290 856 1316 883 a
1346 842 1474 883 bonis
1500 843 1720 895 operibus,
1748 844 1851 897 quia
2003 878 2016 888 ,

370 904 505 944 homo
527 904 693 944 bonum
719 918 744 944 a
766 917 812 944 se
839 917 927 944 non
950 911 1101 957 potest
1122 904 1279 953 facere,
1299 911 1344 945 et
1367 906 1402 945 si
1424 905 1555 946 faciat
1573 905 1692 959 quod
1710 913 1851 960 ponat
1908 910 1929 954 s

370 966 414 1005 in
436 979 489 1006 eo
507 967 739 1016 meritum;
767 979 867 1007 cum
885 973 1036 1007 tamen
1058 967 1194 1008 homo
1217 980 1304 1007 non
1327 967 1495 1007 bonum
1517 967 1621 1008 facit
1644 982 1669 1008 a
1690 982 1751 1017 se,
1770 968 1852 1011 sed
1918 1011 1925 1017 ,
1969 971 2027 1022 ’μμ

372 1042 431 1068 ex
464 1028 673 1077 Domino,
707 1042 807 1069 cum
839 1043 898 1069 ex
925 1029 1093 1078 Verbo,
1127 1030 1228 1083 quia
1259 1030 1301 1070 in
1328 1029 1483 1070 Verbo
1514 1036 1583 1071 est
1615 1030 1872 1081 DominuS,v
1975 1027 2001 1074 ’,

372 1098 417 1131 et
436 1105 610 1145 quoque
633 1091 851 1132 Dominus
873 1098 942 1133 est
961 1091 1188 1143 Verbum3
1216 1099 1261 1133 et
1283 1099 1389 1133 tunc
1413 1092 1549 1133 homo
1572 1106 1660 1134 non
1682 1093 1851 1135 bonum
1879 1103 1882 1105 ’
1950 1107 1951 1110 ’
1984 1086 2014 1114 '7

370 1153 474 1194 facit
507 1168 531 1194 a
563 1168 623 1202 se,
658 1167 758 1194 cum
791 1154 894 1195 facit
926 1155 1039 1195 sicut
1070 1168 1096 1194 a
1127 1169 1188 1203 se,
1222 1161 1267 1195 et
1300 1168 1436 1208 usque
1469 1156 1610 1196 credit
1641 1156 1759 1210 quod
1790 1170 1851 1197 ex
1996 1148 2004 1158 ‘

371 1215 581 1264 Domino,
606 1217 707 1269 quia
733 1230 791 1257 ex
819 1217 997 1267 Verbo;
1030 1223 1076 1257 et
1102 1217 1203 1270 quia
1229 1217 1369 1257 credit
1396 1217 1514 1270 quod
1540 1217 1706 1258 bonum
1731 1217 1853 1272 quod

371 1279 476 1319 facit
509 1280 564 1319 sit
596 1293 622 1318 a
653 1279 862 1327 Domino,
896 1292 985 1320 non
1019 1286 1170 1331 potest
1202 1280 1245 1319 in
1276 1278 1402 1320 factis
1434 1280 1640 1331 meritum
1671 1293 1851 1334 ponere.

372 1341 571 1381 Fallacia
588 1347 671 1390 est,
692 1340 825 1393 Quod
843 1340 1096 1382 intellectus
1115 1341 1409 1394 captivandus
1427 1342 1483 1382 sit
1498 1342 1579 1382 sub
1596 1342 1853 1384 obedientia

372 1403 486 1452 fidei,
515 1410 559 1443 et
586 1404 705 1456 quod
728 1403 836 1444 fides
862 1404 956 1444 visa
981 1402 1214 1444 intellectu
1245 1417 1334 1444 non
1366 1404 1422 1444 sit
1444 1404 1553 1444 fides
1584 1403 1850 1457 spirituali33

372 1479 473 1506 cum
497 1472 649 1506 tamen
672 1464 928 1507 intellectus
950 1473 1018 1507 est
1042 1467 1114 1520 qui
1135 1466 1382 1507 illustratur
1403 1466 1601 1507 invrebus
1626 1465 1727 1507 fidei
1748 1479 1850 1508 cum

373 1528 535 1580 legitur
559 1527 774 1576 Verbum,
797 1534 843 1569 et
865 1527 1120 1569 intelleftus
1141 1528 1198 1569 ab
1220 1528 1517 1569 illustratione
1539 1528 1738 1569 seclusus
1761 1541 1851 1570 non

373 1593 457 1632 scit
483 1604 588 1630 num
610 1604 762 1631 verum
785 1592 840 1631 sit
862 1591 933 1631 vel
956 1604 1062 1631 num
1083 1590 1267 1631 falsum:
1301 1591 1403 1631 inde
1425 1590 1534 1631 fides
1561 1603 1642 1632 nec
1668 1590 1717 1632 fit
1742 1590 1852 1632 fides
1879 1614 1887 1621 «

372 1654 521 1706 ipsius,
542 1653 620 1693 sed
643 1653 752 1693 fides
774 1653 955 1694 alterius
977 1654 1020 1694 in
1043 1668 1116 1704 se;
1144 1667 1256 1707 quae
1278 1652 1387 1694 fides
1409 1660 1478 1694 est
1496 1652 1605 1694 fides
1627 1653 1852 1704 historica,

372 1724 418 1756 et
445 1729 544 1756 cum
571 1714 858 1756 confirmatur
883 1715 933 1756 fit
959 1715 1068 1756 fides
1094 1716 1363 1768 persuasiva,
1391 1729 1504 1769 quae
1531 1722 1683 1768 potest
1704 1715 1854 1758 videre

373 1778 483 1818 falsa
508 1785 556 1819 ut
580 1792 698 1826 vera,
723 1791 772 1818 ac
795 1792 900 1819 vera
925 1784 973 1819 ut
999 1778 1135 1829 falsa;
1167 1779 1270 1818 inde
1297 1785 1365 1818 est
1388 1778 1498 1818 fides
1524 1779 1722 1819 omnium
1746 1778 1854 1820 hae·

373 1841 547 1880 resium.
624 1840 822 1880 Fallacia
862 1847 946 1889 est,
990 1840 1122 1893 Quod
1163 1840 1336 1901 fiducia,
1374 1849 1497 1894 quae
1518 1847 1706 1881 vocatur
1743 1841 1854 1882 fides

374 1902 566 1951 salvans,
591 1909 724 1955 capta
745 1902 911 1956 absque
934 1901 1180 1951 intellectu,
1200 1903 1257 1943 sit
1280 1902 1438 1943 fiducia
1461 1902 1726 1955 spiritualis;
1753 1915 1855 1944 cum

373 1972 526 2005 tamen
553 1964 712 2005 fiducia
744 1965 909 2018 absque
941 1963 1174 2006 intellectu
1206 1972 1275 2005 est
1302 1966 1528 2017 persuasio
1559 1979 1618 2005 ex
1649 1965 1750 2014 alio,
1778 1971 1856 2008 aut

374 2041 432 2067 ex
457 2027 795 2068 confirmatione
818 2041 895 2080 per
917 2027 1016 2068 loca
1034 2027 1172 2068 Verbi
1194 2028 1263 2068 hic
1287 2034 1332 2068 et
1354 2027 1413 2067 ibi
1434 2028 1622 2080 sparsim
1647 2026 1852 2078 collesta,

374 2096 420 2130 et
446 2103 524 2142 per
548 2090 780 2130 ratiocinia
805 2104 863 2130 ex
896 2090 1086 2130 naturali
1116 2090 1296 2130 homine
1328 2089 1440 2130 falso
1466 2090 1681 2142 principio
1711 2089 1854 2143 appli-

375 2158 503 2202 cata;
537 2151 639 2192 talis
662 2151 820 2191 fiducia
843 2165 976 2192 caeca
998 2151 1108 2192 fides
1129 2159 1214 2200 est,
1239 2166 1352 2205 quae
1374 2153 1475 2205 quia
1497 2165 1585 2192 non
1603 2152 1726 2192 videt
1748 2164 1855 2193 num

374 2228 529 2255 verum
552 2216 609 2255 sit
635 2221 713 2255 aut
738 2215 914 2263 falsum,
942 2222 1012 2255 est
1039 2229 1159 2255 mere
1186 2215 1431 2255 naturalis:
1459 2221 1696 2268 praeterea
1720 2227 1855 2256 omne

374 2290 530 2317 verum
551 2277 649 2317 vult
670 2277 825 2325 videri,
849 2277 952 2329 quia
977 2283 1046 2317 est
1073 2277 1184 2316 lucis
1206 2277 1319 2317 caeli
1337 2291 1346 2327 ;
1379 2283 1426 2316 at
1442 2290 1598 2316 verum
1619 2276 1740 2329 quod
1762 2289 1854 2317 non

374 2339 568 2387 videtur,
593 2344 748 2391 potest
774 2339 928 2378 multis
953 2338 1191 2387 falsificari,
1216 2345 1262 2378 et
1287 2352 1443 2379 verum
1473 2337 1758 2379 falsificatum
1783 2344 1856 2379 est

374 2401 551 2442 falsum.
617 2400 756 2441 Tales
802 2407 907 2441 sunt
953 2401 1159 2441 fallaciae
1203 2400 1492 2440 solummodo
1531 2400 1681 2453 quoad
1719 2399 1855 2441 fidem

375 2470 634 2517 separatam
652 2477 677 2503 a
694 2464 825 2503 bonis
843 2464 1065 2516 operibus.
1124 2462 1239 2503 Sunt
1256 2463 1402 2503 adhuc
1421 2463 1586 2515 plures,
1606 2475 1697 2503 non
1714 2463 1854 2504 modo

374 2526 524 2580 quoad
550 2525 698 2574 fidem,
726 2525 806 2565 sed
831 2526 968 2566 etiam
991 2525 1139 2578 quoad
1162 2525 1282 2565 bona
1307 2538 1458 2578 opera,
1478 2525 1627 2578 quoad
1653 2524 1854 2566 charita·

375 2595 469 2629 tem
505 2594 552 2628 et
582 2588 731 2641 quoad
766 2588 1040 2640 proximum,
1071 2587 1290 2640 imprimis
1326 2587 1475 2640 quoad
1511 2586 1854 2639 conjunffiones

374 2650 554 2691 illorum
577 2663 678 2690 cum
704 2649 790 2690 fide
812 2650 870 2689 ab
888 2650 1074 2689 eruditis
1095 2648 1336 2690 artificiose
1358 2649 1670 2689 concinnatas.
1721 2647 1857 2701 Quod

375 2712 493 2753 tales
523 2712 730 2752 fallaciae
756 2711 1068 2764 significentur
1093 2724 1172 2763 per
1199 2711 1377 2763 “pedes
1403 2710 1531 2758 ursi‚”
1555 2716 1626 2751 est
1651 2711 1753 2763 quia
1777 2722 1857 2763 per

379 2779 404 2795 “
418 2788 567 2814 ursum
582 2774 600 2789 ''
623 2773 933 2827 significantur
954 2773 1017 2813 illi
1038 2773 1112 2826 qui
1133 2773 1178 2812 in
1195 2773 1402 2825 potentia
1423 2786 1482 2813 ex
1505 2772 1700 2813 naturali
1722 2785 1856 2813 sensu

376 2837 519 2877 Verbi
550 2842 670 2884 sunt,
702 2842 795 2876 tam
823 2835 955 2888 probi
984 2848 1119 2888 quam
1150 2834 1285 2884 mali;
1326 2840 1372 2874 et
1404 2835 1506 2887 quia
1535 2847 1615 2887 per
1647 2834 1824 2887 “pedes
1837 2832 1857 2848 ''

376 2898 690 2951 significantur
718 2898 958 2947 naturalia,
990 2898 1093 2938 ideo
1123 2911 1203 2950 per
1235 2897 1413 2949 “pedes
1449 2896 1568 2937 ursi''
1595 2895 1855 2949 significan·

375 2968 448 3002 tur
477 2961 698 3010 fallaciae,
730 2974 789 3001 ex
816 2961 980 3014 quibus
1012 2973 1095 3013 per
1122 2960 1361 3001 ratiocinia
1396 2959 1636 3000 falsificant
1669 2955 1852 2999 sensum
