2054 3464
395 347 505 388 2204
805 344 1135 378 APOCALYPSIS
1167 346 1464 379 EXPLICATA.

393 458 515 498 titas.
579 457 665 511 Qui
696 458 808 511 fugit
840 464 886 499 et
918 465 1149 500 aversatur
1174 460 1338 501 furtum
1371 475 1429 501 ex
1462 459 1593 500 simili
1621 460 1782 501 timore
1812 469 1874 502 ex

393 534 480 573 quo
498 522 780 570 adulterium,
797 522 832 561 is
850 528 973 562 amat
991 523 1311 571 sinceritatem,
1330 529 1375 563 et
1393 529 1516 563 amat
1535 523 1702 563 bonum
1720 523 1874 575 proxi-

395 584 454 623 mi
486 584 600 623 sicut
633 597 760 623 suum
792 584 973 624 bonum.
1049 584 1136 636 Qui
1167 585 1279 637 sugit
1312 591 1358 626 et
1391 591 1623 625 aversatur
1649 597 1782 626 neces
1813 597 1874 626 ex

393 646 524 685 simili
557 647 731 695 timore,
761 660 838 687 seu
864 647 966 687 odia
991 647 1284 695 internecina‚
1313 648 1347 687 is
1380 654 1503 688 amat
1531 648 1799 700 proximum,
1824 653 1875 688 et

393 708 436 748 in
472 702 694 749 charitate
727 716 809 750 est.
871 708 957 761 Qui
989 710 1101 762 fugit
1134 716 1179 750 et
1212 716 1444 750 aversatur
1469 710 1581 750 falsa
1612 710 1876 751 testimonia

393 785 451 810 ex
484 771 614 810 simili
648 772 822 819 timore,
850 772 886 811 is
917 778 1039 812 amat
1062 771 1282 823 justitiam
1315 779 1362 812 et
1393 779 1515 812 amat
1543 773 1799 820 veritatem,
1826 777 1874 813 et

392 833 477 873 hoc
511 847 569 873 ex
602 833 799 874 Domino
830 835 931 887 quia
962 848 1020 874 ex
1047 833 1226 884 Verbo;
1260 848 1395 887 quare
1426 835 1501 875 ille
1529 841 1631 887 post
1664 840 1873 883 mortem,

393 909 492 935 curn
519 895 567 936 fit
591 897 785 948 spiritus,
810 896 964 936 similis
987 903 1056 937 est
1079 897 1244 949 angelo
1266 897 1392 944 caeli,
1417 903 1462 937 et
1486 897 1587 937 ideo
1609 895 1658 937 fit
1684 895 1872 949 angelus

393 957 518 997 caeli.
581 957 667 1009 Qui
686 972 791 999 vero
810 972 899 999 non
918 973 976 999 ex
994 960 1155 999 timore
1177 959 1255 999 illo
1278 957 1436 999 sancto
1458 959 1569 1011 fugit
1588 957 1873 1006 adulterium,

393 1020 471 1060 sed
498 1034 556 1060 ex
584 1022 744 1062 timore
770 1021 913 1061 famae
940 1028 985 1062 et
1012 1022 1115 1062 inde
1137 1020 1336 1073 jacturae
1362 1022 1545 1061 honoris
1572 1028 1618 1062 et
1645 1021 1768 1068 lucri,
1795 1026 1874 1062 aut

394 1096 452 1122 ex
485 1083 646 1123 timore
679 1083 805 1136 legis,
833 1090 911 1124 aut
943 1098 1002 1124 ex
1035 1084 1197 1124 timore
1224 1084 1380 1131 morbi,
1409 1090 1486 1124 aut
1513 1097 1571 1124 ex
1598 1083 1873 1132 infirmitate,

393 1145 429 1184 is
452 1158 588 1198 usque
614 1146 814 1185 incastus
840 1152 924 1193 est,
949 1146 1051 1198 quia
1077 1145 1222 1185 solum
1250 1146 1381 1186 timet
1409 1146 1637 1194 mundum,
1662 1152 1708 1186 et
1729 1143 1875 1198 jaeta-

394 1220 488 1246 ram
516 1208 579 1246 sui
603 1207 897 1248 emolumenti
923 1209 967 1247 in
994 1208 1175 1255 mundo,
1200 1214 1245 1248 et
1274 1221 1363 1248 non
1387 1208 1518 1248 timet
1546 1208 1803 1256 Dominum,
1827 1213 1874 1248 et

393 1269 498 1309 inde
525 1282 606 1309 nec
639 1270 770 1310 timet
793 1268 1011 1322 jacturam
1039 1270 1151 1310 caeli
1178 1276 1223 1310 et
1250 1271 1370 1310 vitae
1402 1277 1638 1317 aeternae:
1673 1269 1878 1311 similiter

399 1332 471 1384 qui
493 1332 692 1372 abstinet
715 1346 740 1372 a
762 1332 900 1380 furtis,
917 1333 974 1372 ab
997 1332 1246 1372 homicidiis
1270 1347 1347 1373 seu
1365 1333 1478 1372 odiis
1503 1333 1807 1381 internecinis,
1827 1338 1874 1373 et

396 1408 453 1434 ex
480 1393 600 1433 falsis
633 1395 915 1443 testimoniis,
945 1394 1089 1434 solum
1122 1409 1179 1435 ex
1214 1395 1375 1435 timore
1407 1394 1599 1436 naturali
1625 1401 1672 1435 et
1700 1407 1790 1435 non
1816 1408 1876 1435 ex
1932 1437 1934 1442 ,

394 1457 555 1495 timore
578 1456 810 1508 spirituali,
830 1458 865 1496 is
888 1458 1086 1497 abstinet
1109 1457 1166 1497 ab
1188 1457 1273 1497 illis
1296 1471 1354 1497 ex
1378 1471 1425 1498 se
1448 1464 1494 1498 et
1518 1470 1607 1497 non
1630 1471 1689 1498 ex
1717 1457 1877 1498 Domi·
1928 1468 1930 1470 ’

396 1532 480 1568 no;
514 1525 559 1559 et
582 1519 655 1571 qui
682 1533 740 1559 ex
766 1533 827 1568 se,
852 1520 887 1559 is
914 1526 1067 1560 manet
1090 1520 1132 1559 in
1156 1520 1268 1569 illis;
1302 1527 1347 1560 et
1375 1534 1508 1560 nemo
1531 1521 1588 1560 ab
1613 1520 1699 1565 illis
1721 1527 1877 1574 potest

395 1581 555 1621 abduci
587 1594 720 1634 quam
752 1595 811 1622 ex
844 1582 1053 1622 Domino.
1125 1582 1199 1622 Ex
1231 1583 1298 1622 his
1331 1589 1542 1623 constare
1573 1589 1725 1636 potest
1747 1582 1877 1636 ,quod

395 1657 520 1684 mens
539 1644 779 1696 spiritualis
797 1645 913 1697 apud
932 1645 1160 1685 hominem
1180 1646 1403 1698 aperiatur
1420 1659 1498 1698 per
1515 1645 1572 1693 id,
1593 1645 1711 1699 quod
1733 1645 1877 1686 absti-

396 1712 501 1745 neat
538 1719 563 1745 a
600 1706 728 1745 malis
764 1706 976 1747 faciendis
1014 1722 1073 1748 ex
1100 1707 1280 1758 Verbo;
1323 1714 1369 1749 et
1407 1708 1526 1761 quod
1562 1709 1605 1748 in
1642 1722 1697 1748 eo
1735 1707 1876 1761 gradu

395 1769 633 1821 aperiatur,
660 1783 747 1821 quo
779 1769 835 1809 ab
861 1769 946 1809 illis
972 1770 1172 1810 abstinet
1199 1770 1410 1822 fugiendo
1436 1777 1482 1811 et
1509 1770 1760 1811 aversando
1785 1769 1874 1811 illa.

398 1829 477 1884 (6.)
513 1831 639 1871 Haec
663 1832 717 1872 de
741 1833 988 1885 aperitione
1013 1834 1177 1873 mentis
1197 1833 1462 1886 spiritualis;
1496 1846 1611 1873 nunc
1635 1833 1691 1874 de
1712 1833 1878 1874 forma·

397 1895 520 1934 tione
535 1893 626 1946 ejus
641 1894 826 1935 dicetur.
879 1895 1120 1935 Formatur
1134 1909 1260 1936 mens
1277 1895 1515 1948 spiritualis
1531 1909 1589 1936 ex
1605 1895 1690 1936 illis
1705 1909 1818 1949 quae
1831 1897 1876 1937 in

399 1957 613 1996 memoria
631 1957 823 1997 hominis
841 1971 899 1997 ex
916 1957 1069 1998 Verbo
1088 1964 1205 2006 sunt,
1223 1972 1336 2011 quae
1354 1964 1422 1999 est
1438 1959 1805 2011 promptuarium,
1820 1957 1877 2000 de

397 2032 484 2070 quo
507 2032 638 2071 supra
661 2018 827 2059 dictum
850 2026 933 2067 est,
959 2021 1036 2060 sed
1064 2020 1139 2060 illa
1165 2020 1250 2060 hoc
1275 2021 1411 2070 modo
1433 2021 1536 2060 inde
1558 2019 1794 2061 elevantur
1811 2033 1880 2061 :—-

397 2081 567 2129 Primo,
601 2082 733 2122 datur
769 2082 939 2122 homini
979 2081 1154 2123 affec‘tio
1191 2084 1296 2130 veri,
1330 2097 1442 2136 quae
1480 2089 1668 2124 vocatur
1703 2082 1879 2125 affectio

396 2144 487 2184 veri
519 2145 776 2196 spiritualis,
801 2159 914 2198 quae
941 2152 1010 2186 est
1037 2146 1154 2198 quod
1187 2146 1325 2186 homo
1357 2152 1478 2186 amet
1504 2159 1657 2186 verum
1679 2147 1782 2199 quia
1806 2153 1878 2188 est

396 2221 561 2247 verum.
613 2207 746 2259 Quod
770 2207 880 2248 haec
900 2207 1075 2248 affectio
1090 2209 1181 2249 veri
1200 2215 1305 2249 tunc
1325 2208 1469 2257 detur,
1487 2215 1556 2249 est
1575 2209 1676 2262 quia
1692 2210 1878 2250 remotis

398 2269 525 2309 malis
549 2269 686 2309 homo
708 2271 751 2309 in
773 2270 901 2309 bonis
925 2276 994 2310 est
1017 2284 1042 2310 a
1066 2270 1277 2318 Domino,
1302 2276 1347 2311 et
1371 2271 1537 2310 bonum
1560 2276 1683 2312 amat
1707 2284 1876 2320 verum,

397 2345 448 2372 ac
475 2345 628 2372 verum
655 2332 835 2379 bonum,
865 2338 910 2372 et
936 2332 1095 2372 volunt
1123 2332 1359 2385 conjungi:
1393 2333 1527 2374 datur
1547 2333 1624 2373 illa
1649 2331 1824 2374 affeffio
1849 2347 1876 2377 a

398 2393 495 2434 solo
523 2394 731 2440 Domino,
757 2395 859 2447 quia
882 2394 1102 2434 Dominus
1124 2396 1167 2434 in
1194 2395 1322 2435 caelo
1345 2401 1414 2435 est
1438 2395 1648 2435 Divinum
1671 2395 1843 2437 Verum
1863 2410 1873 2447 ;

400 2463 445 2497 et
468 2457 599 2497 datur
617 2471 694 2509 per
714 2457 927 2505 Verbum,
947 2458 1048 2510 quia
1067 2457 1285 2497 Dominus
1303 2459 1346 2497 in
1366 2458 1556 2498 ecclesia
1573 2464 1642 2499 est
1660 2457 1876 2500 Verbum.

402 2519 604 2567 Secundo,
634 2520 874 2560 elimantur
900 2526 945 2560 et
972 2519 1260 2573 purificantur
1285 2534 1310 2560 a
1343 2520 1538 2561 Domino
1564 2520 1641 2561 illa
1671 2535 1784 2574 quae
1816 2535 1875 2562 ex

400 2582 554 2622 Verbo
577 2583 619 2622 in
643 2581 898 2635 supradicto
917 2582 1110 2622 hominis
1128 2583 1432 2635 promptuario
1451 2589 1580 2633 sunt;
1611 2596 1662 2624 ac
1682 2583 1878 2642 genuina

399 2659 505 2684 vera
527 2659 553 2684 a
570 2644 689 2684 falsis
707 2645 765 2684 ibi
783 2645 1143 2685 discriminantur
1161 2651 1206 2684 et
1225 2651 1499 2697 separantur,
1521 2658 1623 2685 narn
1642 2658 1767 2686 mens
1785 2646 1875 2698 spi-

401 2707 571 2746 ritualis
590 2706 782 2746 hominis
806 2720 894 2746 non
917 2707 1093 2747 formari
1112 2712 1263 2759 potest
1286 2720 1418 2759 quam
1441 2721 1499 2746 ex
1522 2707 1726 2759 genuinis
1743 2708 1873 2756 veris,

397 2769 607 2821 quoniam
634 2768 807 2809 caelum
834 2782 923 2809 non
950 2769 993 2808 in
1020 2768 1116 2808 aliis
1143 2775 1224 2809 est.
1294 2768 1451 2816 Tertio,
1476 2769 1709 2810 elevantur
1731 2782 1757 2809 a
1780 2769 1875 2810 Do-

399 2831 518 2870 mino
550 2831 626 2870 illa
652 2845 757 2871 vera
783 2831 972 2871 mirabili
999 2831 1149 2878 modo,
1177 2837 1223 2871 et
1249 2830 1359 2871 fiunt
1391 2831 1650 2883 spiritualia,
1678 2831 1796 2885 quod
1822 2831 1874 2872 fit

398 2907 475 2946 per
501 2894 715 2933 influxum
743 2893 947 2942 caeli„ac
975 2894 1077 2934 inde
1103 2894 1395 2946 spiritualium
1423 2894 1870 2946 correspondentium

397 2956 698 3007 naturalibus;
737 2970 849 3009 quae
875 2970 979 2997 vera
1006 2957 1302 3009 disponuntur
1328 2957 1384 2996 ibi
1416 2957 1459 2996 in
1485 2956 1672 2998 formam
1698 2956 1871 2998 caeles-
