2008 3458
353 383 466 434 2480
767 390 1098 423 APOCALYPSIS
1129 390 1425 422 EXPLICATA.

352 502 451 544 lae‘'
477 509 580 543 sunt
607 502 909 555 cogitationes
935 516 960 542 a
986 502 1177 542 sensuali
1205 515 1432 554 corporeo,
1461 502 1523 543 ita
1548 515 1607 543 ex
1634 501 1830 551 fallaciis,

354 570 378 586 ‘⁶
394 565 573 618 populi”
591 565 900 618 praedicantur
918 565 972 604 de
995 564 1081 605 illis
1104 565 1177 618 qui
1199 566 1242 604 in
1265 565 1384 605 falsis
1407 571 1583 613 sunt‚et
1604 563 1834 617 “gentes’'

354 629 409 668 de
436 628 521 668 illis
543 628 615 680 qui
646 628 688 667 in
722 627 861 667 malis.
923 626 1010 679 Qui
1042 641 1130 667 non
1163 628 1245 668 scit
1279 627 1713 680 correspondentiam,
1737 627 1834 680 opi-

352 691 445 730 nari
486 696 637 742 potest
678 689 796 742 quod
836 689 1044 729 “frenum
1085 703 1298 742 equorum
1316 689 1333 704 ’'
1373 688 1594 741 significet
1633 689 1833 742 regimen

352 766 482 804 super
508 750 786 792 intellectum
818 766 876 791 ex
910 751 1005 792 sola
1037 753 1399 805 comparatione;
1433 752 1511 792 sed
1544 758 1613 792 est
1645 765 1703 792 ex
1735 764 1834 792 cor-

353 815 698 867 respondentia3
727 814 845 867 quod
873 814 1104 855 manifeste
1131 821 1337 855 constare
1365 821 1515 867 potest
1543 828 1600 854 ex
1628 828 1696 863 eo,
1715 813 1836 868 quod

352 879 394 917 in
421 877 587 917 mundo
613 877 829 929 spirituali
852 883 1098 929 appareant
1124 878 1224 930 equi
1248 878 1365 918 varie
1389 877 1609 930 phalerati
1635 883 1680 918 et
1712 877 1834 931 capi·

353 941 494 988 strati,
529 946 574 980 et
607 939 782 992 singula
812 954 924 993 quae
963 954 1094 993 super
1125 941 1261 994 equis,
1296 954 1382 980 una
1419 954 1519 981 cum
1554 940 1654 990 illis,
1687 953 1835 981 corre-

353 1002 648 1055 spondentiae
676 1009 793 1042 sunt.

430 1075 560 1119 924.
600 1065 655 1104 “A
684 1065 828 1105 stadiis
855 1065 962 1105 mille
986 1065 1430 1118 sexcentis.''—Quod
1461 1065 1685 1118 significet
1716 1065 1838 1107 mala

354 1126 397 1166 in
429 1126 549 1166 omni
577 1126 813 1178 complexu,
848 1133 1030 1167 constat
1063 1140 1121 1166 ex
1154 1126 1480 1179 significatione
1514 1126 1836 1175 “stadiorum”

354 1189 472 1241 quod
499 1189 587 1228 sint
615 1187 933 1241 produtffiones
959 1190 1003 1229 in
1030 1189 1167 1239 serie;
1201 1202 1304 1228 nam
1326 1188 1675 1237 “stadia‚''sicut
1695 1192 1720 1209 “
1737 1189 1836 1230 mil-

353 1251 512 1300 liaria‚'‘
539 1258 584 1291 et
616 1252 659 1291 in
688 1265 852 1304 genere
880 1252 992 1292 sicut
1020 1251 1194 1300 “viae,”
1221 1251 1474 1304 significant
1502 1251 1837 1304 progressiones

353 1315 395 1354 in
423 1314 533 1354 serie
559 1313 804 1354 secundum
832 1314 1134 1366 cogitationes
1161 1328 1218 1353 ex
1251 1312 1509 1354 affeffione:
1542 1320 1588 1355 et
1614 1328 1673 1354 ex
1699 1314 1836 1367 signi-

353 1376 560 1416 ficatione
604 1376 766 1416 “mille
808 1376 1167 1425 sexcentorum‚”
1191 1377 1308 1429 quod
1351 1377 1439 1416 sint
1481 1377 1599 1417 bona
1634 1378 1678 1417 in
1715 1377 1838 1418 omni

352 1438 607 1490 complexu,
628 1445 674 1479 et
700 1439 743 1478 in
770 1451 903 1478 sensu
928 1439 1152 1491 opposito,
1173 1447 1220 1479 ut
1246 1439 1330 1486 hic,
1356 1438 1473 1478 mala
1498 1439 1541 1478 in
1568 1439 1688 1479 omni
1713 1452 1837 1480 com·

354 1501 516 1553 plexu;
556 1514 763 1540 numerus
790 1502 908 1541 enim
938 1499 1134 1541 ‘⁴¹¹1mille
1166 1507 1383 1541 sexcenta
1396 1500 1415 1516 '’
1441 1500 1583 1541 simile
1614 1500 1837 1554 significat

353 1576 452 1603 cum
476 1563 686 1611 sedecim,
711 1569 756 1603 et
780 1576 988 1603 numerus
1009 1567 1032 1583 ‘⁴
1047 1563 1243 1603 sedecim
1257 1563 1275 1578 ''
1293 1563 1434 1603 simile
1457 1577 1558 1603 cum
1581 1570 1771 1616 quatuor
1791 1570 1839 1604 et

353 1639 452 1665 cum
479 1625 663 1673 duobus,
692 1632 737 1665 et
765 1625 808 1665 hi
835 1638 992 1666 omnes
1024 1626 1193 1665 numeri
1225 1626 1431 1666 dicuntur
1457 1625 1512 1666 de
1544 1625 1686 1674 bonis,
1714 1632 1761 1666 et
1792 1626 1837 1667 in

353 1689 562 1740 opposito
587 1701 719 1728 sensu
746 1689 800 1729 de
824 1688 964 1737 malis,
994 1689 1163 1729 numeri
1187 1689 1304 1729 enim
1321 1688 1522 1741 «majores
1554 1688 1839 1744 multiplicati

354 1750 494 1790 simile
521 1750 775 1802 significant
803 1764 903 1791 cum
931 1751 1173 1792 minoribus
1199 1758 1244 1792 et
1271 1764 1371 1791 cum
1394 1751 1666 1803 simplicibus
1692 1765 1718 1791 a
1742 1751 1838 1804 qui-

353 1813 433 1852 bus
457 1825 533 1864 per
551 1812 971 1865 multiplicationem
994 1819 1246 1866 exsurgunt
1265 1827 1274 1863 ;
1307 1814 1419 1853 sicut
1441 1813 1716 1853 “duodecim
1738 1812 1837 1853 mil-

356 1873 442 1914 lia”
461 1874 601 1914 simile
625 1888 725 1914 cum
748 1875 998 1924 duodecim,
1019 1882 1064 1916 et
1090 1879 1113 1895 “
1128 1875 1396 1915 duodecim'’
1414 1875 1554 1915 simile
1577 1888 1676 1915 cum
1699 1875 1839 1916 tribus

354 1941 399 1974 et
439 1941 631 1987 quatuor
666 1936 709 1975 in
750 1949 797 1975 se
838 1936 1154 1988 multiplicatis
1195 1946 1352 1983 (videatur
1375 1955 1478 1983 supra,
1503 1955 1533 1975 n.
1556 1945 1704 1987 430[a],
1725 1936 1838 1988 851).

357 1997 490 2051 Quod
508 1999 592 2038 tria
614 1999 657 2038 in
676 1999 830 2040 Verbo
849 2000 1052 2040 dicantur
1071 2000 1125 2040 de
1144 2001 1272 2048 veris,
1293 2007 1338 2040 et
1357 2000 1446 2039 duo
1463 2006 1558 2039 turn
1576 2006 1770 2052 quatuor
1783 1999 1839 2040 de

356 2061 497 2108 bonis,
517 2061 579 2100 ita
605 2062 648 2101 in
672 2063 880 2114 opposito
903 2075 1035 2102 sensu
1061 2063 1144 2102 tria
1167 2062 1221 2102 de
1245 2061 1379 2110 falsis,
1404 2075 1454 2102 ac
1474 2062 1561 2102 duo
1581 2068 1627 2102 et
1649 2067 1840 2115 quatuor

355 2123 409 2163 de
436 2123 575 2171 malis,
608 2122 854 2175 [videatur]
885 2123 1022 2163 etiam
1048 2136 1182 2175 supra
1209 2134 1252 2170 (n.
1273 2133 1393 2174 532):
1431 2123 1534 2162 inde
1565 2128 1693 2175 patet
1718 2122 1839 2175 quod

358 2193 383 2208 ‘⁸
397 2202 422 2228 a
440 2187 595 2228 stadiis
614 2186 734 2226 mille
754 2187 983 2227 sexcentis
997 2186 1015 2201 '’
1034 2186 1339 2239 significentur
1357 2184 1671 2238 productiones
1697 2185 1838 2226 malo-

356 2263 452 2291 rum
478 2251 521 2290 in
548 2250 759 2289 continua
785 2250 910 2297 serie,
939 2250 1002 2289 ita
1028 2249 1146 2289 mala
1171 2250 1214 2288 in
1242 2250 1362 2289 omni
1389 2249 1643 2301 complexu.
1705 2246 1839 2300 Quod

357 2326 382 2352 a
413 2312 526 2352 binis
558 2311 642 2351 illis
674 2311 1033 2351 devastatoribus
1065 2311 1294 2359 ecclesiae,
1323 2312 1394 2364 qui
1427 2310 1736 2362 intelliguntur
1761 2322 1840 2362 per

360 2373 710 2427 “Babylonem”
733 2381 778 2414 et
811 2387 888 2426 per
921 2374 1150 2414 “bestiam
1183 2373 1428 2421 draconis,‘’
1455 2373 1757 2425 producantur
1787 2385 1838 2413 ac

358 2435 574 2490 producta
600 2437 687 2476 sint
715 2436 832 2476 mala
863 2437 905 2476 in
933 2437 1144 2476 continua
1170 2437 1294 2484 serie,
1324 2443 1369 2476 et
1401 2436 1461 2475 sic
1494 2434 1612 2475 mala
1642 2435 1686 2474 in
1717 2435 1838 2475 omni

358 2499 612 2552 complexu,
630 2499 781 2539 multis
799 2506 949 2551 potest
969 2498 1146 2539 ostendi
1164 2512 1172 2548 3
1198 2498 1276 2538 sed
1296 2498 1350 2538 de
1366 2498 1678 2538 devastatione
1692 2496 1839 2538 eccle-

357 2564 445 2603 siae
478 2575 555 2614 per
583 2561 812 2602 “bestiam
845 2562 1049 2601 draconis
1062 2561 1080 2576 ”
1106 2562 1149 2601 in
1177 2560 1552 2613 explicationibus
1581 2573 1712 2612 super
1742 2571 1838 2612 cap.

358 2626 430 2665 xii.
463 2631 508 2665 et
541 2625 630 2664 xiii.
658 2630 889 2664 ostensum
921 2630 1004 2672 est,
1033 2629 1078 2664 et
1111 2623 1166 2663 de
1198 2622 1510 2663 devastatione
1543 2635 1619 2675 per
1647 2621 1839 2673 “Baby-

330 2687 544 2741 lonemss’
577 2688 620 2727 in
653 2687 1029 2740 explicationibus
1061 2699 1192 2738 super
1224 2698 1318 2737 cap.
1352 2685 1456 2735 xvii.
1490 2691 1536 2726 et
1567 2684 1695 2725 xxiii.
1728 2683 1839 2724 infra

359 2751 634 2792 ostendetur.
