2054 3464
385 341 496 386 2054
802 341 1134 376 APOCALYPSIS
1165 343 1462 376 EXPLICATA.

450 455 560 486 “Hoc
581 455 784 486 Levitarum
805 456 968 493 officium,
990 466 1011 487 a
1035 455 1106 487 filio
1126 456 1282 498 quinque
1302 463 1336 488 et
1357 457 1483 497 viginti
1503 466 1678 488 annorum
1699 462 1734 489 et
1753 467 1870 498 supra,

557 499 678 530 veniet
697 500 742 530 ad
762 499 986 530 militandum
1008 500 1168 531 militiam
1190 501 1225 531 in
1246 500 1445 531 ministerio
1466 500 1627 531 Tentorii
1647 507 1868 534 conventus:

559 543 621 573 sed
641 553 662 574 a
682 542 754 573 filio
776 543 1032 583 quinquaginta
1051 553 1226 574 annorum
1248 545 1387 575 recedet
1407 554 1427 574 a
1447 544 1572 575 militia
1589 544 1788 582 ministerii,
1805 554 1870 576 nec

556 586 771 617 ministrabit
788 586 941 626 amplius
954 585 971 598 ”
989 587 1111 624 (Num.
1130 587 1200 619 viii.
1220 595 1271 626 24,
1290 588 1362 626 25):

382 681 501 734 quod
525 694 662 733 opera
693 687 739 722 et
766 681 1010 722 ministeria
1037 681 1297 722 Levitarum
1325 683 1441 723 circa
1466 682 1733 723 Tentorium
1759 696 1867 724 con-

380 750 542 784 ventus
565 744 772 784 dicantur
792 744 1026 792 “militia‚”
1044 751 1113 785 est
1136 746 1237 798 quia
1260 745 1446 785 Levitae
1466 745 1868 797 repraesentabant

379 819 484 846 vera
506 806 749 856 ecclesiae;
784 812 829 847 et
853 806 1056 856 Aharon,
1082 808 1151 847 cui
1174 807 1361 848 Levitae
1384 807 1477 848 dati
1500 814 1603 848 sunt
1630 814 1675 848 et
1701 805 1868 849 addiffl

378 868 434 908 ad
472 868 771 917 serviendum,
805 869 1208 922 repraesentabant
1242 870 1485 910 Dominum
1520 870 1668 923 quoad
1699 870 1867 911 bonum

378 932 555 979 amoris,
590 938 636 972 et
672 932 820 984 quoad
858 945 969 984 opus
1001 932 1290 983 salvationis;
1334 939 1380 973 et
1418 934 1519 986 quia
1557 933 1777 974 Dominus
1807 947 1866 974 ex

378 994 499 1034 bono
525 995 688 1034 amoris
715 1008 793 1047 per
818 1008 924 1035 vera
950 1009 1008 1035 ex
1036 994 1192 1035 Verbo
1218 1002 1456 1048 regenerat
1483 1002 1528 1036 et
1555 995 1700 1036 salvat
1726 996 1868 1037 homi-

380 1070 473 1105 nes,
494 1064 539 1098 et
562 1071 738 1110 quoque
762 1063 965 1098 removet
984 1057 1103 1098 mala
1125 1064 1170 1098 et
1193 1058 1315 1107 falsa,
1336 1072 1448 1111 quae
1473 1064 1575 1098 sunt
1598 1058 1655 1098 ab
1677 1058 1864 1107 inferno,

381 1126 540 1160 contra
580 1134 693 1173 quae
734 1121 946 1161 continue
987 1127 1176 1173 pugnat,
1211 1121 1312 1161 ideo
1353 1120 1498 1161 officia
1538 1127 1584 1161 et
1622 1122 1867 1162 ministeria

379 1182 639 1223 Levitarum
658 1181 776 1224 dieta
793 1183 969 1223 fuerunt
990 1183 1184 1224 “militia
1202 1183 1236 1233 ;'’
1263 1183 1382 1236 quod
1405 1185 1541 1224 etiam
1564 1197 1622 1224 ex
1646 1197 1700 1224 eo
1722 1190 1863 1236 patet,

377 1246 496 1299 quod
529 1247 773 1286 ministeria
804 1246 982 1286 illorum
1013 1253 1177 1287 vocata
1209 1248 1298 1287 sint
1328 1246 1562 1295 “militia‚’'
1588 1247 1771 1288 tametsi
1802 1247 1866 1288 illi

376 1321 466 1349 non
499 1309 747 1349 militarunt
779 1315 939 1349 contra
969 1309 1124 1349 hostes
1155 1316 1325 1350 terrae:
1370 1324 1428 1350 ex
1467 1310 1552 1350 hoc
1585 1316 1712 1362 patet
1743 1309 1864 1363 quod

377 1372 677 1412 sacerdotium
709 1373 766 1412 sit
798 1371 969 1419 militia,
1003 1371 1082 1411 sed
1120 1372 1277 1412 militia
1315 1379 1473 1412 contra
1504 1372 1614 1412 falsa
1650 1379 1696 1413 et
1732 1371 1864 1414 mala.

376 1433 450 1474 Ex
488 1435 572 1474 hoc
610 1441 678 1475 est
716 1434 835 1487 quod
867 1434 1057 1474 ecclesia
1088 1435 1224 1475 etiam
1261 1435 1394 1475 hodie
1426 1435 1601 1475 dicatur
1634 1434 1883 1477 “ecclesia-

377 1497 620 1549 pugnans.’'
681 1497 820 1550 Apud
846 1497 1049 1546 Esaiam,

443 1590 550 1622 “Vox
575 1591 810 1622 multitudinis
836 1590 871 1621 in
900 1591 1091 1628 montibus,
1117 1591 1252 1631 speeies
1282 1591 1403 1631 populi
1433 1592 1563 1631 magni,
1588 1601 1659 1623 vox
1686 1591 1860 1624 tumultus

550 1644 741 1674 regnorum
762 1635 920 1674 gentium
939 1641 1245 1675 congregatarum,
1262 1634 1425 1676 Jehovah
1445 1635 1602 1667 Zebaoth
1619 1639 1783 1667 numerat
1802 1644 1863 1667 ex-

549 1678 696 1709 ercitum
714 1678 796 1709 belli
808 1677 826 1689 ¹’
844 1678 926 1715 (xiii.
945 1678 979 1717 4)
994 1687 1000 1715 ;

375 1763 488 1804 haec
520 1763 763 1803 videantur
802 1777 938 1816 supra
974 1774 1019 1812 (n.
1040 1773 1190 1816 453[b])
1226 1763 1489 1817 explicata;
1534 1770 1580 1805 et
1621 1764 1742 1818 quod
1781 1778 1862 1818 per

379 1829 650 1865 “numerare
677 1826 927 1866 exercitum
960 1826 1095 1867 belli‘'
1122 1825 1398 1878 significetur
1429 1826 1634 1867 ordinare
1665 1839 1771 1867 vera
1801 1839 1859 1867 ex

374 1887 495 1928 bono
518 1894 676 1928 contra
702 1887 812 1928 falsa
834 1902 892 1929 ex
919 1889 1053 1938 malo,
1078 1903 1190 1942 quae
1218 1902 1296 1941 per
1321 1893 1500 1942 “regna
1522 1890 1725 1942 gentium
1751 1901 1860 1930 con-

375 1950 696 2002 gregatarum’'
723 1950 1045 2003 significantur.
1106 1951 1244 2005 Apud
1271 1952 1477 2000 eundem,

441 2045 512 2077 “In
530 2047 585 2077 die
603 2046 663 2077 illo
681 2047 747 2078 erit
763 2046 924 2088 Jehovah
945 2045 1152 2088 [Zebaoth].
1168 2072 1174 2079 .
1189 2072 1196 2079 .
1211 2048 1262 2079 ,in
1281 2048 1441 2087 spiritum
1460 2047 1580 2087 judicii
1598 2048 1735 2079 sedenti
1753 2057 1861 2088 super

546 2090 816 2175 {xgivciiipffitsg
832 2091 1079 2150 fortitudinem
1107 2089 1208 2132 [illis]
1241 2092 1298 2132 qui
1327 2091 1502 2131 repellunt
1526 2091 1658 2122 bellum
1682 2101 1704 2123 a
1727 2091 1860 2132 porta”

374 2222 484 2262 haec
518 2221 573 2262 de
604 2221 690 2262 illis
721 2222 794 2275 qui
825 2222 869 2262 in
901 2222 1017 2263 fastu
1049 2223 1252 2274 propriae
1283 2222 1613 2275 intelligentiae
1639 2229 1757 2272 sunt,
1785 2223 1859 2277 qui

373 2284 687 2337 intelliguntur
723 2298 801 2337 per
840 2289 1091 2326 “coronam
1128 2285 1374 2338 superbiae,
1413 2285 1559 2326 ebrios
1598 2285 1859 2339 Ephraimi”

379 2346 488 2400 (ver.
521 2347 594 2400 1);
635 2348 689 2388 de
721 2347 806 2388 illis
838 2348 911 2401 qui
943 2361 1033 2388 non
1065 2348 1107 2388 in
1139 2361 1194 2388 eo
1224 2348 1340 2388 fastu
1372 2354 1489 2396 sunt,
1517 2348 1593 2388 illa
1624 2349 1857 2389 dicuntur:

373 2410 493 2463 quod
536 2424 593 2450 ex
637 2411 833 2451 Domino
874 2410 960 2451 illis
1005 2412 1063 2452 sit
1104 2410 1421 2463 intelligentia,
1465 2410 1741 2463 significatur
1781 2424 1860 2464 per

376 2472 513 2512 “Erit
543 2472 746 2524 Jehovah
778 2474 822 2513 in
854 2474 1057 2526 spiritum
1079 2472 1244 2526 judicii,
1278 2473 1454 2513 sedenti
1485 2487 1617 2525 super
1642 2473 1808 2525 judicio
1825 2473 1859 2523 ;”

376 2535 651 2587 “judicium''
683 2535 904 2588 significat
936 2534 1217 2576 intellecstum
1249 2537 1353 2583 veri,
1387 2536 1450 2576 ita
1481 2535 1855 2588 intelligentiam:

375 2598 493 2651 quod
524 2598 762 2650 “Jehovah
789 2599 871 2639 erit
898 2599 941 2638 in
967 2598 1275 2639 fortitudinem
1301 2598 1386 2638 illis
1412 2598 1484 2651 qui
1510 2598 1735 2650 repellunt
1761 2589 1884 2639 be1-‘

374 2661 465 2701 lum
498 2675 523 2701 a
554 2661 715 2713 porta'’
741 2661 963 2713 significat
990 2661 1109 2714 quod
1143 2661 1360 2701 Dominus
1390 2661 1467 2701 det
1494 2662 1745 2713 potentiam
1771 2661 1857 2702 illis

373 2725 444 2776 qui
468 2723 670 2763 Verbum
692 2730 737 2764 et
761 2722 1011 2764 do&rinam
1037 2737 1061 2764 e
1089 2723 1244 2764 Verbo
1266 2723 1526 2771 defendunt,
1551 2730 1597 2764 et
1619 2731 1775 2765 arcent
1801 2737 1857 2765 ne

373 2786 587 2827 violentia
622 2787 685 2826 eis
721 2787 960 2836 inferatur;
1006 2786 1177 2827 “urbs'’
1209 2793 1277 2827 est
1314 2784 1529 2834 doftrina,
1569 2793 1614 2827 et
1649 2787 1857 2839 “porta‚'’

373 2863 484 2902 quae
508 2850 586 2890 dat
608 2850 840 2890 introitum
863 2849 919 2889 ad
943 2849 1079 2897 illam,
1105 2855 1208 2890 sunt
1231 2863 1334 2889 vera
1357 2849 1601 2898 naturalia;
1634 2850 1736 2890 inde
1759 2855 1855 2890 erat

372 2911 491 2964 quod
510 2912 705 2952 seniores
723 2911 888 2964 judicia
905 2911 1141 2953 habuerint
1164 2912 1206 2952 in
1226 2911 1344 2952 urbis
1362 2912 1514 2964 portis.
1570 2910 1707 2964 Apud
1724 2911 1856 2959 Jere·

375 2987 522 3023 meam,
