2008 3458
539 392 645 426 cAP.
668 393 790 435 xm„
814 394 952 427 VERs.
975 395 1122 439 7.-Ν.
1145 385 1312 441 803[b].
1561 395 1670 439 2243

244 505 465 540 “pharisaee
487 485 600 546 caece,
620 516 734 548 purga
752 507 850 548 prius
870 508 1018 540 interius
1043 509 1159 549 poculi
1184 515 1219 540 et
1243 509 1395 549 patinae,
1415 513 1454 540 ut
1478 507 1538 540 fiat
1562 508 1670 540 etiam

353 550 525 583 exterius.
539 550 728 583 ‚mundum
739 550 758 562 ''
774 551 917 591 (Matth.
935 552 1031 584 xxiii.
1054 552 1118 592 26).

175 632 254 679 Ἐκ
294 633 365 676 his
405 647 522 676 nunc
564 640 776 676 constare
817 641 988 689 potest,
1027 636 1063 677 si
1105 635 1244 677 homo
1284 636 1472 690 implere
1514 641 1670 690 posset

177 697 330 741 omnia
360 697 489 751 legis,
517 698 554 738 si
586 697 715 739 daret
749 697 894 739 multa
925 699 1210 752 pauperibus,
1239 700 1275 740 si
1307 699 1476 740 bonum
1501 699 1670 740 faceret

84 756 134 819 ,j
177 759 359 816 pupillis
383 767 431 802 et
457 761 616 810 viduis,
641 761 780 802 immo
806 761 945 802 etiam
973 762 1008 802 si
1035 762 1164 802 daret
1192 762 1493 803 esurientibus
1520 761 1668 811 edere,

177 828 362 880 potaret
397 824 620 872 sitientes,
659 823 899 877 colligeret
941 825 1219 877 peregrinos
1258 825 1465 866 indueret
1509 825 1668 875 nudOS,

175 885 383 932 visitaret
413 893 646 940 aegrotos,
673 888 760 928 iret
791 886 849 927 ad
875 885 1052 928 vinctos
1085 888 1128 927 in
1161 901 1356 936 carcere,
1385 889 1420 928 si
1453 887 1670 942 Evange-

74 941 129 1002 ,ᾗ
176 946 286 992 lium
311 955 495 991 strenue
517 950 815 1004 praedicaret,
840 956 1131 991 converteret
1158 957 1336 1003 gentes,
1361 950 1670 1005 frequentaret

163 1011 365 1067 templa,
385 1013 751 1067 praedicationes
769 1012 936 1054 devote
955 1013 1248 1061 auscultaret,
1269 1014 1512 1067 quotannis
1536 1027 1670 1068 saepe

107 1073 324 1131 ‘obiret
349 1082 687 1117 sacramentum
714 1075 881 1124 Cenae,
909 1081 1094 1117 vacaret
1121 1077 1341 1129 precibus
1370 1083 1416 1117 et
1449 1076 1590 1130 plura,
1618 1089 1670 1117 ac

151 1137 404 1181 internum
429 1138 523 1192 ejus
550 1152 640 1180 non
667 1138 951 1192 purificatum
979 1146 1049 1180 est
1083 1139 1140 1180 ab
1166 1140 1271 1180 odio
1298 1146 1344 1180 et
1371 1138 1585 1188 vindicta,
1613 1139 1671 1180 ab

66 1200 142 1247 ’²2³
173 1206 280 1246 astu
319 1207 367 1243 et
409 1201 599 1251 malitia,
637 1202 695 1243 ab
731 1202 1044 1243 insinceritate
1086 1209 1132 1244 et
1170 1202 1404 1255 injustitia,
1443 1217 1470 1244 a
1510 1215 1671 1256 spurca

168 1260 458 1319 jucunditate
488 1264 713 1314 adulterii,
747 1264 805 1305 ab
835 1277 990 1307 amore
1022 1266 1087 1305 sui
1125 1271 1171 1306 et
1207 1266 1310 1306 inde
1342 1279 1496 1306 amore
1528 1267 1670 1319 impe-

75 1322 86 1371 ’ζ
105 1334 114 1357 ³⁷
138 1322 139 1325 ¹
173 1327 304 1369 randi
325 1334 372 1369 et
394 1327 514 1369 fastu
536 1329 742 1382 propriae
765 1327 1114 1382 intelligentiae,
1139 1342 1164 1368 a
1187 1335 1459 1382 contemptu
1481 1328 1669 1370 aliorum

88 1404 91 1406 ·
116 1394 133 1415 ·’
173 1403 283 1446 prae
308 1404 371 1440 se,
395 1398 441 1432 et
467 1405 494 1432 a
518 1384 699 1446 reliquis
726 1391 856 1432 malis
882 1398 928 1432 et
956 1391 1060 1432 inde
1086 1391 1223 1440 falsis,
1248 1406 1389 1445 usque
1416 1393 1567 1433 omnia
1594 1392 1672 1433 illa

95 1479 127 1506 a:
175 1466 313 1508 opera
338 1461 445 1496 sunt
470 1453 769 1508 hypocritica,
798 1461 845 1496 et
871 1461 976 1496 sunt
1010 1469 1069 1496 ex
1102 1455 1201 1508 ipso
1227 1455 1411 1496 homine
1444 1461 1489 1496 et
1523 1469 1614 1497 non
1645 1470 1672 1497 a

76 1523 137 1580 ξ’
175 1514 388 1559 Domino.
465 1517 533 1559 At
569 1531 677 1559 vero
718 1518 878 1559 eadem
919 1517 998 1558 illa
1034 1532 1186 1572 opera,
1225 1519 1406 1572 quando
1443 1519 1670 1560 internum

71 1571 126 1657 ζ,
174 1579 460 1634 purificatum
496 1586 582 1630 est,
616 1586 721 1622 sunt
759 1582 912 1622 omnia
943 1581 1077 1629 bona,
1112 1582 1214 1635 quia
1251 1595 1276 1622 a
1315 1581 1513 1623 Domino
1551 1583 1670 1636 apud

64 1639 67 1642 ’
106 1652 134 1677 ⁸
174 1641 435 1694 hominem;
473 1644 547 1698 qui
573 1657 667 1687 non
691 1650 847 1697 potest
874 1643 1008 1684 aliter
1030 1657 1164 1698 quam
1192 1644 1351 1693 facere,
1380 1646 1482 1698 quia
1513 1646 1557 1686 in
1583 1645 1670 1687 fide

66 1700 119 1739 ’ἑῖ
173 1710 222 1749 et
238 1718 393 1747 amore
410 1706 602 1748 faciendi
625 1706 701 1747 illa
720 1713 804 1748 est.
858 1706 960 1747 Hoc
985 1720 1044 1748 ex
1068 1706 1191 1747 mille
1209 1707 1433 1760 exemplis
1455 1722 1479 1748 e
1502 1709 1672 1749 mundo

66 1763 123 1818 ’
174 1768 396 1823 spirituali
422 1769 531 1810 mihi
554 1776 777 1811 testatum
799 1768 966 1811 factum
990 1776 1074 1811 est.
1137 1770 1305 1825 Anudivi
1329 1771 1448 1824 quod
1472 1771 1671 1825 pluribus

67 1827 74 1845 ⁵
173 1831 333 1874 datum
361 1834 419 1874 sit
442 1833 668 1874 recordari
690 1831 894 1874 aetorum
921 1847 1028 1874 suae
1055 1834 1177 1874 vitae
1204 1834 1247 1874 in
1275 1833 1459 1883 mundo,
1487 1840 1534 1875 et
1561 1847 1670 1875 enu-

174 1907 349 1937 merare
371 1896 491 1937 bona
513 1910 627 1951 quae
644 1896 875 1946 fecerunt;
908 1897 988 1938 sed
1012 1910 1112 1938 cum
1136 1898 1422 1950 aperiebatur
1443 1898 1671 1939 internum

61 1955 118 2021 ,fis
173 1971 344 2008 eorum,
373 1959 707 2013 deprehensum
734 1965 804 2000 est
836 1958 946 2000 illud
974 1959 1159 2013 plenum
1186 1961 1307 2001 omni
1335 1960 1456 2001 malo
1488 1966 1534 2002 et
1566 1961 1671 2002 inde

71 2017 126 2070 ξιξ·
173 2020 314 2064 falso:
348 2028 395 2064 et
422 2029 530 2064 tunc
557 2021 812 2063 revelatum
838 2028 908 2063 est
935 2022 1023 2063 illis
1050 2023 1170 2076 quod
1197 2023 1318 2064 bona
1343 2037 1458 2077 quae
1485 2036 1671 2065 enume-

84 2086 86 2089 ’
173 2090 402 2134 taverunt,
430 2099 490 2126 ex
522 2099 570 2126 se
602 2085 805 2134 fecerint,
834 2085 938 2139 quia
965 2092 1150 2140 propter
1182 2100 1230 2127 se
1262 2093 1309 2127 et
1342 2086 1585 2138 mundum;
1623 2094 1670 2128 et

173 2147 296 2202 quod
327 2154 560 2190 scaterent
593 2147 724 2189 malis
756 2148 814 2189 ab
845 2149 1133 2190 interioribus
1160 2163 1342 2201 eorum;
1382 2150 1499 2191 unde
1531 2164 1671 2204 appa-

102 2239 109 2254 ξ
173 2217 359 2253 ruerunt
382 2210 455 2252 vel
481 2212 597 2252 sicut
624 2212 730 2265 igne
757 2211 936 2261 adusta,
962 2211 1034 2252 vel
1063 2213 1178 2253 sicut
1204 2212 1458 2266 fuliginosa
1520 2212 1673 2254 Aliter

82 2264 101 2290 “²
149 2281 159 2298 ⁸
173 2284 284 2315 vero
298 2273 419 2328 apud
441 2273 544 2315 illos
562 2275 636 2328 qui
654 2274 972 2316 abstinuerunt
992 2288 1017 2315 a
1041 2275 1170 2316 malis
1189 2275 1404 2316 faciendis
1422 2290 1482 2317 ex
1499 2276 1670 2326 Verbo,

104 2338 130 2376 i
175 2348 227 2378 ac
269 2335 375 2377 dein
414 2336 626 2390 fugerunt
668 2343 715 2378 et
759 2338 956 2379 aversati
994 2345 1099 2379 sunt
1141 2338 1232 2388 illa,
1271 2346 1514 2393 propterea
1550 2340 1671 2394 quod

175 2406 368 2454 peccata
403 2406 574 2450 essent,
613 2407 660 2443 et
698 2407 860 2442 contra
896 2415 1096 2443 amorem
1140 2404 1184 2443 in
1227 2403 1388 2451 Deum,
1427 2410 1474 2445 et
1511 2409 1673 2445 contra

175 2462 451 2505 charitatem
482 2477 592 2518 erga
623 2464 910 2518 proximum;
953 2479 1108 2506 eorum
1141 2480 1294 2520 opera,
1329 2467 1516 2508 tametsi
1549 2467 1672 2507 simi-

55 2562 61 2573 ,
123 2529 134 2545 ·’
175 2525 280 2568 liter
304 2525 392 2567 illis
418 2533 635 2581 percepta
660 2528 776 2569 sicut
803 2541 830 2568 a
855 2542 903 2569 se
930 2527 1060 2578 faeta,
1086 2530 1238 2570 omnia
1263 2530 1383 2570 bona
1409 2529 1601 2578 fuerunt,
1625 2535 1672 2570 et

174 2597 481 2644 apparuerunt
508 2588 600 2631 [ηε-Χ
633 2590 732 2632 luce
765 2590 877 2632 caeli
907 2592 1023 2632 sicut
1057 2592 1134 2632 nix
1168 2592 1272 2633 alba
1304 2599 1350 2633 et
1383 2592 1487 2633 lana
1522 2591 1669 2646 (Esaz'.

58 2663 67 2679 ¹
123 2658 125 2660 ’
175 2652 203 2694 i.
235 2653 405 2707 12—18).
468 2652 596 2694 Haec
629 2667 767 2707 opera
798 2661 919 2703 sunt,
947 2669 1062 2709 quae
1093 2656 1136 2695 in
1164 2655 1320 2696 Verbo
1352 2655 1673 2709 intelliguntur

126 2746 140 2757 .,
175 2729 256 2770 per
280 2716 497 2770 “opera,”
513 2730 630 2771 quae
652 2731 678 2758 a
700 2717 788 2759 fide
811 2717 1072 2759 nullatenus
1096 2719 1293 2772 separari
1316 2725 1506 2772 possunt
1525 2733 1534 2770 ;
1567 2732 1672 2760 nam

55 2782 94 2822 Li
176 2777 288 2820 fides
310 2779 368 2821 ab
394 2779 482 2821 illis
504 2786 716 2834 separata
741 2787 812 2822 est
840 2787 1032 2830 mortua,
1057 2787 1103 2822 et
1131 2781 1241 2822 fides
1265 2788 1444 2822 mortua
1469 2788 1540 2823 est
1562 2781 1673 2823 fides

75 2851 85 2861 ’
175 2841 275 2883 falsi
311 2855 373 2883 ex
407 2856 560 2884 amore
597 2843 733 2893 malo,
771 2843 844 2885 vel
886 2850 956 2885 est
994 2844 1218 2897 cogitatio
1254 2845 1375 2898 quod
1412 2845 1477 2886 ita
1513 2845 1587 2894 sit,
1626 2851 1672 2887 et

60 2951 62 2954 y
131 2949 138 2957 ,
177 2917 318 2959 usque
343 2905 438 2946 vita
465 2905 598 2946 mala.

43 2975 74 3019 ἱ,
263 2966 398 3021 Quod
420 2968 650 3010 abstinere
675 2982 703 3010 a
728 2969 858 3011 malis
886 2983 946 3011 ex
973 2983 1238 3023 quacunque
1261 2969 1350 3011 alia
1375 2983 1511 3011 causa
1537 2983 1672 3024 quam

177 3043 238 3074 ex
264 3030 434 3081 Verbo,
463 3044 553 3073 non
580 3031 784 3086 purificet
810 3033 1038 3074 internum
1066 3033 1313 3083 hominem,
1341 3040 1471 3087 patet
1498 3033 1556 3075 ab
1582 3034 1670 3075 ori-
