2098 3476
389 356 493 409 1948
794 365 1124 399 APOCALvPsffi
1155 367 1452 400 EXPLICATA.

558 478 614 510 “ef
635 486 714 510 ecce
738 476 841 510 draco
865 487 1009 520 magnus
1025 478 1154 516 rufus,''
1169 477 1329 520 significat
1345 490 1454 510 omnes
1468 479 1530 521 qui
1549 489 1636 510 mere
1651 479 1823 512 naturales
1837 483 1869 512 et

553 522 717 552 sensuales
730 526 811 552 sunt
832 533 874 552 ex
896 533 1008 553 amore
1028 522 1085 553 sui
1105 527 1136 553 et
1150 524 1280 560 mundi,
1297 528 1327 553 et
1348 534 1450 564 usque
1463 524 1574 554 sciunt
1581 524 1687 565 plura
1701 528 1765 555 aut
1777 529 1865 566 pau-

552 566 641 596 ciora
664 576 705 596 ex
730 565 837 603 Verbo,
854 577 895 596 ex
917 566 1071 597 doc‘lrina
1089 566 1175 603 inde,
1192 571 1223 597 et
1228 568 1487 608 praedicatione,
1503 572 1534 598 et
1541 572 1669 608 putant
1678 572 1744 609 per
1762 569 1866 599 solam

552 609 723 640 scientiam
737 610 854 651 absque
869 610 942 640 vita
957 611 1091 640 salvari
1109 610 1158 652 [n.
1174 610 1254 652 714]
1268 622 1275 648 ;
1303 610 1450 644 “habens
1466 611 1578 654 capita
1590 611 1755 654 septem,''
1767 610 1864 653 signi·

553 652 628 684 ficat
650 654 821 684 scientiam
845 656 1038 684 sannorum
1074 654 1176 691 Verbi,
1200 665 1284 695 quae
1306 656 1584 686 adulteraverunt
1609 655 1660 697 [n.
1679 654 1782 698 715];
1811 657 1870 688 “et

553 706 680 729 cot-mm
697 697 842 734 decem,''
858 696 1017 738 significat
1033 699 1172 728 multam
1182 699 1365 739 potentiam
1386 699 1436 741 [n.
1456 698 1559 741 716];
1586 702 1644 732 “et
1655 708 1763 742 super
1777 697 1865 743 capi-

554 740 645 773 tibus
668 740 742 774 suls
761 740 953 773 dlademaz‘a
970 742 1128 783 septem,''
1145 741 1304 782 significat
1320 742 1456 773 Divina
1479 754 1561 774 vera
1585 743 1623 774 in
1646 744 1763 774 ultimo
1778 743 1865 774 ordi·
1884 756 1887 757 ⁷

553 785 616 821 nis,
634 795 718 826 quae
740 790 819 816 sunt
840 796 923 816 vera
946 796 1058 816 sensus
1080 786 1207 816 litterae
1232 786 1334 823 Verbi,
1352 787 1540 817 adulterata
1563 791 1594 818 et
1605 787 1794 829 prtgf'anata
1812 786 1864 830 [n.

555 828 651 870 717]-

419 907 452 938 4.
486 898 546 931 “ft
562 898 672 931 cauda
695 909 761 932 sua
785 898 893 932 traxit
907 899 1042 932 tet-tiam
1057 902 1191 942 partem
1208 900 1387 933 stellarum
1404 899 1517 938 σαεΙῘ,”
1532 900 1863 944 significatfalsffica-

551 943 672 974 tionem
689 948 719 974 et
733 945 1008 974 adulterationem
1030 945 1180 975 omnium
1197 946 1379 975 veritatum
1405 945 1500 975 Verbi
1517 944 1566 988 [n.
1586 944 1660 984 718,
1678 944 1760 987 719]
1771 956 1781 976 ι
1810 946 1869 978 ὀἳ

548 986 696 1030 projecit
709 987 788 1020 illas
811 987 844 1020 in
867 988 1023 1025 temam?
1040 987 1199 1029 significat
1215 989 1464 1019 exstincvz'onem
1481 993 1511 1020 et
1524 989 1775 1020 destructionem
1791 988 1865 1021 illa-

552 1042 629 1061 rum
650 1031 700 1074 [n.
721 1031 823 1073 720];
854 1034 909 1064 “et
932 1031 1035 1064 draco
1051 1031 1147 1064 stetit
1171 1041 1285 1065 coram
1309 1031 1449 1065 muliere
1467 1033 1583 1065 futura
1595 1033 1749 1075 pat-ere?
1764 1031 1864 1074 signi-

550 1074 626 1106 ficat
642 1076 753 1106 odium
767 1076 903 1107 illorum
919 1076 981 1117 qui
986 1081 1052 1117 per
1062 1080 1081 1094 “
1094 1077 1268 1107 draconem
1279 1077 1297 1090 ’¹
1313 1077 1560 1118 intelliguntur,
1575 1081 1689 1107 contra
1702 1077 1864 1108 ecclesiam

551 1120 645 1160 apud
664 1120 736 1151 illos
758 1120 819 1161 qui
841 1120 877 1151 in
901 1121 1056 1151 doetrina
1073 1125 1104 1150 et
1126 1120 1202 1151 inde
1218 1120 1290 1151 vita
1308 1121 1432 1151 amoris
1447 1125 1478 1151 et
1492 1120 1666 1152 charitatis
1680 1131 1701 1151 a
1716 1119 1865 1152 Domino

551 1168 654 1194 erunt
670 1163 720 1206 [n.
740 1163 842 1206 721];
870 1165 930 1196 “ut
940 1166 1121 1206 postquam
1135 1163 1318 1206 pepererit,
1335 1165 1440 1196 fetum
1457 1164 1532 1207 ejus
1546 1163 1754 1202 deror-aret?
1766 1163 1863 1206 signi-

550 1206 626 1238 fleat
648 1212 688 1238 ut
707 1209 913 1239 destruerent
933 1208 1123 1239 doctrinam
1148 1209 1240 1239 illius
1262 1209 1409 1239 ecclesiae
1429 1209 1466 1239 in
1482 1208 1597 1249 primo
1619 1209 1688 1250 ejus
1711 1212 1786 1240 ortu
1812 1208 1863 1252 [n.

554 1251 650 1294 722].

456 1367 577 1411 713.
610 1369 714 1406 [Vers.
731 1370 774 1407 3.]
806 1359 885 1398 “Et
908 1359 1029 1399 visum
1050 1363 1117 1399 est
1138 1359 1250 1399 allud
1265 1359 1422 1412 squnum
1447 1359 1487 1399 Ῐη
1512 1359 1862 1412 caelo.'¹—Quod

376 1420 596 1472 significet
628 1419 932 1460 revelationem
956 1420 1170 1460 Divinam
1201 1421 1252 1460 de
1282 1421 1608 1473 impugnatione
1636 1421 1860 1462 doctrinae

377 1497 487 1534 quae
501 1490 588 1535 pro
610 1496 722 1523 nova
743 1483 930 1531 ecclesia,
950 1489 992 1522 et
1012 1498 1039 1523 a
1062 1483 1231 1536 quibus,
1253 1490 1433 1524 constat
1455 1498 1513 1523 ex
1538 1483 1862 1537 significatione

381 1546 532 1597 “signi
565 1545 754 1598 magni,”
787 1546 905 1598 quod
938 1547 994 1586 sit
1027 1546 1257 1593 revelatio,
1292 1546 1593 1586 manifestatio
1625 1552 1670 1586 et
1702 1545 1861 1586 testifi-

378 1607 499 1646 catio
526 1607 691 1646 Divina
718 1617 773 1654 (de
789 1627 853 1654 qua
866 1626 971 1654 supra.
987 1627 1017 1646 n.
1032 1606 1156 1658 706):
1194 1607 1315 1659 quod
1346 1607 1403 1646 sit
1434 1607 1490 1647 de
1515 1608 1860 1660 impugnatione

377 1666 606 1708 d0&rinae
633 1682 744 1721 quae
778 1681 857 1720 pro
889 1681 1006 1707 nova
1031 1668 1233 1715 ecclesia,
1262 1674 1308 1708 et
1340 1681 1365 1707 a
1397 1668 1567 1721 quibus,
1596 1674 1775 1709 constat
1801 1682 1860 1710 ex

377 1731 679 1783 sequentibus,
719 1731 761 1770 in
803 1731 960 1783 quibus
1002 1730 1267 1770 describitur
1307 1730 1391 1770 hoc
1434 1731 1636 1782 signum3
1682 1730 1745 1771 illi
1785 1732 1859 1785 qui

378 1793 680 1845 impugnaturi
707 1791 956 1833 do&rinam
983 1792 1296 1845 intelliguntur
1321 1806 1399 1845 per
1423 1793 1703 1833 “draconem
1730 1806 1857 1846 mag-

378 1868 482 1894 num
509 1856 663 1904 rufum,
693 1862 948 1907 serpentem
974 1854 1246 1908 antiquum‚’'
1273 1861 1318 1895 et
1350 1856 1445 1907 ipsa
1468 1855 1749 1907 impugnatio
1779 1857 1859 1896 de-

377 1918 582 1957 scribitur
607 1931 684 1970 per
707 1918 825 1971 quod
851 1918 1025 1958 “draco
1052 1917 1125 1957 ille
1152 1919 1330 1958 steterit
1357 1931 1507 1958 coram
1530 1917 1713 1958 muliere
1739 1919 1853 1970 pari-

376 1987 487 2028 tura,
527 1987 574 2020 ut
611 1980 848 2020 devoraret
884 1980 1023 2020 fetum
1059 1979 1188 2032 ejus‚”
1226 1987 1271 2020 et
1309 1987 1468 2032 postea
1505 1993 1582 2032 per
1622 1983 1857 2033 “pugnam

376 2042 583 2082 draconis
610 2056 710 2082 cum
736 2042 996 2091 Michaele‚”
1023 2049 1067 2082 et
1095 2043 1197 2082 dein
1224 2056 1302 2094 per
1328 2042 1448 2095 quod
1477 2046 1776 2094 “persecutus
1802 2044 1859 2084 sit

378 2105 605 2144 mulierem
642 2106 684 2144 in
722 2105 964 2151 desertum,
1004 2111 1049 2145 et
1086 2105 1144 2145 ibi
1182 2112 1284 2157 post
1321 2105 1444 2144 illam
1481 2104 1659 2156 ejecerit
1696 2117 1856 2157 aquam

377 2169 488 2207 sicut
512 2167 712 2215 flumen,”
735 2175 780 2208 et
804 2181 935 2219 porro
957 2169 1000 2207 in
1023 2167 1325 2221 sequentibus.
1388 2167 1581 2219 Quinam
1604 2174 1757 2208 autem
1779 2181 1858 2220 per

380 2230 693 2270 “draconem”
730 2230 1056 2283 intelliguntur,
1095 2232 1138 2270 in
1180 2231 1384 2284 sequenti
1426 2230 1615 2270 articulo
1656 2230 1856 2280 dicetur;

376 2295 445 2334 hic
469 2293 614 2333 solum
636 2293 754 2345 quod
778 2294 866 2333 sint
893 2293 954 2333 illi
980 2294 1052 2347 qui
1079 2294 1532 2334 communicationem
1560 2305 1659 2333 cum
1685 2293 1858 2346 angelis

378 2356 489 2396 caeli
507 2356 690 2404 habent,
711 2356 788 2395 sed
809 2356 943 2396 modo
963 2370 1039 2408 per
1057 2363 1260 2403 externa,
1282 2369 1369 2395 non
1393 2362 1543 2395 autem
1562 2369 1639 2407 per
1655 2356 1857 2406 interna;

381 2432 483 2459 nam
510 2419 671 2458 dicitur
697 2419 815 2471 quod
843 2418 978 2458 draco
1004 2419 1078 2459 ille
1104 2420 1222 2458 visus
1248 2419 1304 2458 sit
1334 2419 1414 2458 “in
1441 2418 1568 2458 caelo
1585 2417 1627 2474 ;''·
1656 2431 1758 2458 nam
1785 2419 1858 2471 qui

379 2481 545 2520 nullam
573 2481 1025 2532 communicationem
1053 2494 1153 2521 cum
1180 2481 1306 2520 caelo
1332 2480 1516 2528 habent,
1545 2493 1635 2520 non
1667 2487 1856 2532 possunt

377 2544 435 2584 ibi
459 2544 610 2591 videri,
631 2550 733 2583 sunt
758 2545 876 2583 enim
899 2545 941 2583 in
964 2543 1160 2593 infern03
1193 2544 1265 2596 qui
1284 2550 1385 2583 sunt
1409 2543 1481 2595 qui
1504 2549 1673 2595 negant
1697 2542 1856 2590 Deum,

379 2607 591 2658 imprimis
615 2606 870 2654 Dominum,
892 2607 962 2659 qui
986 2606 1184 2646 Verbum
1209 2606 1331 2645 nihili
1355 2605 1555 2657 pendunt
1578 2611 1624 2645 et
1646 2604 1856 2657 blasphe-

380 2675 519 2716 mant,
545 2669 704 2721 quique
728 2668 895 2708 nullam
919 2669 1050 2708 fidem
1078 2669 1132 2708 de
1156 2670 1248 2708 vita
1271 2675 1454 2708 aeterna
1475 2668 1670 2718 habent3
1704 2667 1855 2715 verbo,

379 2744 537 2771 omnes
569 2731 631 2770 illi
663 2732 734 2783 qui
766 2744 897 2783 super
928 2732 1077 2770 omnia
1108 2737 1262 2771 amant
1295 2737 1438 2770 semet
1471 2736 1516 2770 et
1548 2729 1776 2778 mundum,
1805 2743 1856 2770 ac

376 2795 418 2833 in
451 2794 703 2841 inimicitiis,
738 2794 862 2841 odiis,
896 2791 1101 2833 vindiffis
1140 2799 1184 2833 et
1222 2793 1336 2833 dolis
1369 2794 1507 2832 vitam
1545 2798 1700 2844 agunt,
1735 2798 1780 2832 et
1811 2793 1854 2832 in

377 2857 460 2896 illis
485 2856 724 2908 jucundum
751 2857 964 2896 sentiunt.
1028 2855 1153 2895 Haec
1187 2853 1305 2895 dieta
1337 2861 1439 2895 sunt
1472 2861 1518 2894 ut
1546 2855 1711 2894 sciatur
1736 2855 1855 2907 quod

377 2933 454 2971 per
489 2919 767 2959 “draconem
781 2918 799 2933 '’
831 2932 919 2958 non
953 2918 1263 2970 intelligantur
1295 2918 1423 2965 tales,
1458 2917 1535 2957 sed
1568 2918 1639 2970 qui
1676 2917 1780 2957 dum
1813 2917 1855 2957 in

378 2982 544 3022 mundo
589 2982 744 3022 vivunt
791 2982 1244 3022 communicationem
1293 2987 1531 3021 externam
1581 2993 1679 3020 cum
1730 2979 1856 3020 caelo
