2008 3458
396 405 448 447 23
455 406 510 447 30
808 404 1139 440 APOCALYPSIS
1170 407 1469 441 EXPLICATA.

396 516 538 565 caelo,
567 522 635 557 est
663 517 764 570 quia
791 517 939 558 omnia
965 525 1010 559 et
1043 519 1219 572 singula
1244 520 1302 560 ibi
1329 533 1509 561 sensum
1536 519 1811 574 spiritualem
1835 521 1881 565 in

394 592 440 618 se
488 580 738 627 continent,
781 593 832 620 ac
879 594 1035 621 sensus
1080 582 1320 634 spiritualis
1364 584 1604 636 percipitur
1644 584 1686 624 in
1728 584 1877 635 caelis,

393 642 574 693 quando
606 656 760 682 sensus
793 643 1021 692 naturalis,
1051 645 1123 697 qui
1154 651 1223 686 est
1256 659 1412 686 sensus
1443 645 1635 694 litterae,
1659 645 1878 700 intelligi·
1930 696 1934 701 ,
1998 645 2008 677 Ῐ

392 710 464 743 tur
505 704 561 744 ab
602 705 795 745 homine.
871 705 1005 758 Quod
1046 708 1109 747 ita
1144 709 1216 756 sit,
1256 722 1314 748 ex
1357 695 1499 749 multa
1535 709 1817 761 experientia
1840 723 1882 750 ,ε

394 766 562 806 mundo
589 767 806 820 spirituali
833 769 938 809 mihi
965 769 1278 810 confirmatum
1310 778 1392 811 est.
1454 770 1621 811 Audivi
1647 770 1767 824 quod
1798 770 1880 812 ali-

392 829 465 880 qui
497 830 738 870 recitarent
770 831 906 871 verba
940 845 998 872 ex
1036 846 1168 872 sensu
1201 833 1378 873 litterae
1411 828 1564 882 Verbi,
1599 839 1645 874 et
1684 834 1876 887 percepi,

391 891 509 942 quod
531 891 651 932 illico
670 895 1019 935 communicatio
1042 894 1126 935 illis
1149 893 1265 936 sacta
1287 897 1343 936 sit
1366 909 1465 936 cum
1489 895 1636 949 aliqua
1658 895 1878 950 societate

391 954 516 1002 caeli,
542 954 597 994 ad
620 955 742 995 illam
765 957 883 996 enim
907 958 1160 1009 penetravit
1184 971 1339 998 sensus
1362 958 1615 1010 spiritualis,
1635 959 1707 1012 qui
1733 959 1878 1000 inerat

389 1016 536 1056 verbis
568 1031 591 1056 e
623 1031 755 1058 sensu
787 1018 965 1060 litterae
992 1020 1203 1061 recitatis.
1266 1021 1373 1060 Mali
1406 1021 1585 1073 spiritus
1610 1021 1879 1075 quandoque

390 1078 634 1120 abutuntur
651 1081 732 1121 hac
752 1082 1158 1122 communicatione
1176 1083 1231 1122 ad
1256 1083 1606 1135 comparandum
1625 1083 1706 1124 sibi
1724 1090 1878 1136 patro-

389 1141 551 1182 cinium
574 1157 597 1182 e
625 1144 772 1184 caelis.
834 1144 908 1184 Ex
932 1145 999 1185 his
1022 1152 1231 1185 constare
1255 1152 1407 1198 potest
1430 1145 1561 1199 quale
1584 1152 1653 1187 est
1675 1145 1878 1187 Verbum

388 1204 431 1243 in
460 1218 591 1245 sensu
618 1205 823 1257 litterae;
857 1213 902 1247 et
930 1208 1031 1260 quia
1057 1213 1126 1248 est
1153 1209 1580 1249 communicativum
1607 1221 1708 1249 cum
1734 1208 1875 1258 caelo,

388 1266 490 1307 ideo
513 1269 802 1309 consentiens
821 1270 1049 1322 spirituale
1073 1283 1173 1310 cum
1196 1271 1400 1319 naturali,
1420 1271 1540 1324 quod
1563 1277 1631 1311 est
1654 1269 1874 1320 sanctum,

388 1330 529 1371 influit
552 1332 655 1372 inde
678 1332 720 1371 in
741 1345 938 1373 amorem
958 1332 1208 1374 naturalem
1232 1333 1456 1387 loquentis
1475 1340 1551 1374 aut
1574 1334 1877 1387 praedicantis

389 1407 447 1433 ex
474 1393 643 1442 Verbo,
672 1395 743 1447 qui
776 1408 901 1435 amor
932 1396 1105 1436 excitat
1133 1397 1458 1448 cogitationem
1485 1396 1690 1450 loquelae
1722 1410 1875 1438 eorum

388 1457 654 1508 proximam.
706 1457 936 1510 Cogitatio
952 1458 1156 1512 loquelae
1176 1460 1383 1511 proxima
1397 1460 1570 1508 dicitur,
1589 1460 1691 1513 quia
1707 1459 1876 1502 homini

388 1527 457 1559 est
490 1520 708 1572 cogitatio
738 1520 921 1561 interior
957 1527 1002 1561 et
1039 1522 1257 1574 cogitatio
1289 1523 1512 1573 exterior;
1555 1523 1773 1576 cogitatio
1811 1523 1882 1574 illi⁴
1937 1527 1941 1531 ’
1999 1524 2003 1536 ²

387 1582 572 1622 interior
594 1588 663 1622 est
690 1583 870 1636 quando
896 1583 1016 1623 solus
1042 1590 1110 1625 est
1137 1590 1182 1625 et
1205 1598 1356 1626 secum
1380 1585 1566 1638 cogitat,
1586 1590 1633 1626 at
1656 1586 1876 1638 cogitatio

388 1645 586 1684 exterior
607 1645 669 1684 illi
695 1652 764 1686 est
792 1646 971 1699 quando
994 1660 1094 1687 cum
1120 1647 1217 1687 aliis
1243 1654 1310 1688 est
1337 1653 1382 1688 et
1409 1660 1509 1688 cum
1535 1647 1620 1688 illis
1653 1647 1872 1701 loquitur:

387 1707 523 1747 cuivis
551 1714 708 1747 notum
735 1715 804 1748 est
831 1706 984 1761 [¹³quod
1012 1710 1148 1750 homo
1174 1710 1316 1762 possit
1344 1723 1494 1750 secum
1521 1711 1722 1763 cogitare
1744 1710 1876 1752 aliter
2005 1762 2008 1767 ⁴

386 1783 519 1822 quam
551 1769 746 1823 loquitur
777 1785 927 1812 coram
959 1771 1239 1823 hominibus;
1278 1773 1496 1826 cogitatio
1529 1772 1639 1814 haec
1675 1774 1874 1814 exterior

385 1832 651 1884 intelligitur
691 1846 770 1885 per
809 1835 1134 1886 cogitationem
1174 1834 1379 1888 loquelae
1421 1836 1706 1887 proximam:
1755 1835 1871 1877 hanc

385 1896 710 1947 cogitationem
748 1897 921 1936 excitat
958 1903 1003 1937 et
1040 1898 1240 1937 incendit
1272 1910 1396 1938 amor
1433 1897 1660 1945 naturalis,
1694 1898 1767 1951 qui
1802 1905 1872 1940 est

385 1971 509 1998 amor
531 1957 713 2010 gloriae,
738 1959 918 1999 honoris
942 1966 1018 2000 aut
1041 1959 1163 2008 lucri,
1187 1961 1305 2012 apud
1329 1960 1428 2000 illos
1449 1961 1522 2014 qui
1545 1961 1586 2000 in
1609 1959 1730 2001 falsis
1750 1966 1869 2010 sunt,

385 2027 430 2061 et
453 2020 563 2060 falsa
586 2020 853 2061 confirmant
879 2035 937 2062 ex
961 2035 1092 2062 sensu
1116 2022 1292 2062 litterae
1316 2022 1468 2063 Verbi.
1530 2022 1631 2063 Hoc
1659 2035 1775 2064 nunc
1801 2029 1872 2071 est

385 2083 502 2136 quod
530 2083 804 2135 significatur
830 2098 907 2137 per
933 2085 1051 2137 quod
1080 2085 1251 2125 “datus
1277 2085 1333 2125 sit
1359 2085 1538 2137 spiritus
1559 2085 1743 2138 imagini
1768 2084 1870 2126 bes-

384 2145 512 2193 tiae,”
536 2153 580 2185 et
607 2149 693 2186 “ut
717 2145 924 2199 loquatur
946 2148 1096 2200 imago
1118 2147 1329 2195 bestiae,'’
1348 2161 1425 2200 per
1446 2161 1558 2200 quae
1580 2146 1868 2200 significatur,

383 2207 502 2260 quod
535 2206 765 2248 doetrinae
796 2209 898 2249 fidei
930 2216 1164 2262 separatae
1196 2223 1222 2250 a
1257 2211 1364 2258 vita,
1398 2223 1477 2262 per
1507 2207 1868 2263 conjunctionem

384 2284 484 2310 cum
511 2270 678 2319 Verbo,
707 2271 870 2324 aliquid
903 2273 1021 2312 vitae
1057 2272 1295 2325 spiritualis
1326 2273 1507 2320 inesset,
1535 2278 1581 2312 et
1613 2272 1733 2326 quod
1764 2273 1868 2314 inde

383 2346 407 2372 e
448 2333 575 2373 caelo
617 2335 902 2374 consentiens
944 2334 1168 2375 influxerit
1210 2336 1253 2374 in
1295 2335 1621 2387 cogitationem
1662 2334 1868 2388 loquelae

382 2397 649 2448 proximam,
670 2395 726 2435 ab
745 2409 895 2436 amore
915 2397 1104 2437 naturali
1123 2398 1371 2438 excitatam
1390 2403 1435 2437 et
1453 2397 1694 2438 incensam.
1743 2396 1867 2450 Quo·

383 2458 500 2498 niam
537 2458 579 2497 in
617 2459 829 2510 superiori
861 2458 1049 2499 articulo
1080 2457 1229 2500 actum
1262 2465 1330 2499 est
1368 2459 1423 2499 de
1455 2472 1605 2500 amore
1637 2459 1866 2512 spirituali,

382 2522 455 2574 qui
476 2527 544 2561 est
567 2520 666 2568 illis,
691 2527 735 2561 et
763 2522 835 2574 qui
867 2522 969 2561 facit
992 2522 1130 2562 vitam
1153 2521 1328 2562 illorum
1352 2522 1424 2575 qui
1454 2522 1497 2562 in
1520 2522 1718 2562 secundo
1739 2522 1866 2563 caelo

382 2590 499 2631 sunt,
529 2589 573 2623 et
606 2584 708 2636 quia
733 2584 868 2624 homo
895 2597 984 2624 non
1011 2585 1094 2624 scit
1121 2585 1348 2637 quomodo
1374 2597 1499 2625 amor
1529 2583 1578 2625 fit
1609 2584 1871 2637 spiritualis,

382 2647 531 2698 paucis
558 2646 626 2686 hic
655 2646 840 2687 dicetur.
901 2645 1058 2687 Omnis
1084 2660 1210 2687 amor
1235 2646 1283 2687 fit
1310 2647 1549 2699 spiritualis
1575 2660 1652 2700 per
1677 2661 1782 2689 vera
1807 2661 1866 2688 ex

381 2709 550 2757 Verbo,
579 2715 796 2762 quantum
823 2709 897 2749 illa
923 2710 1059 2750 homo
1085 2710 1291 2763 agnoscit
1318 2717 1362 2750 et
1389 2716 1605 2763 quantum
1630 2708 1865 2751 intelle&u

382 2771 520 2819 videt,
560 2778 605 2811 et
644 2777 802 2823 postea
838 2779 974 2820 amat,
1014 2772 1098 2812 hoc
1136 2778 1220 2820 est,
1259 2786 1317 2812 ex
1358 2772 1594 2812 voluntate
1634 2772 1738 2812 sacit
1774 2771 1862 2813 illa.

382 2832 515 2885 Quod
553 2847 678 2874 amor
713 2833 790 2874 fiat
828 2834 1065 2886 spiritualis
1101 2847 1180 2887 per
1214 2848 1320 2874 vera
1356 2848 1414 2874 ex
1446 2833 1613 2883 Verbo,
1647 2840 1864 2887 quantum

381 2895 518 2935 homo
555 2897 761 2949 agnoscit
797 2896 886 2945 illa,
924 2910 975 2937 ac
1012 2895 1404 2947 intellectuvidet
1441 2896 1529 2952 illa,
1567 2903 1637 2937 est
1678 2897 1779 2950 quia
1819 2896 1864 2937 in

380 2957 560 2998 homine
591 2965 693 2998 sunt
726 2959 855 2999 binae
888 2960 1143 3007 memoriae,
1172 2966 1217 3000 et
1249 2960 1351 2999 inde
1383 2959 1514 2999 binae
1546 2959 1860 3011 cogitationes,

380 3024 474 3059 tam
497 3021 612 3073 apud
636 3020 777 3061 malos
799 3035 932 3074 quam
955 3022 1071 3074 apud
1094 3022 1250 3072 bonos,
1275 3035 1436 3074 nempe
1458 3022 1640 3062 interior
1661 3027 1707 3062 et
1729 3026 1862 3061 exte-
