<?xml version="1.0" encoding="UTF-8"?>
<!DOCTYPE html PUBLIC "-//W3C//DTD XHTML 1.0 Transitional//EN"
    "http://www.w3.org/TR/xhtml1/DTD/xhtml1-transitional.dtd">
<html xmlns="http://www.w3.org/1999/xhtml" xml:lang="en" lang="en">
 <head>
  <title>
</title>
<meta http-equiv="Content-Type" content="text/html;charset=utf-8" />
  <meta name='ocr-system' content='tesseract 3.04.00' />
  <meta name='ocr-capabilities' content='ocr_page ocr_carea ocr_par ocr_line ocrx_word'/>
</head>
<body>
  <div class='ocr_page' id='page_1' title='image "apocalypsisexpli04sweduoft_0228.png"; bbox 0 0 2054 3464; ppageno 0'>
   <div class='ocr_carea' id='block_1_1' title="bbox 382 381 1456 424">
    <p class='ocr_par' dir='ltr' id='par_1_1' title="bbox 382 381 1456 424">
     <span class='ocr_line' id='line_1_1' title="bbox 382 381 1456 424; baseline 0.003 -12"><span class='ocrx_word' id='word_1_1' title='bbox 382 382 406 412; x_wconf 90' lang='lat'><em>2</em></span> <span class='ocrx_word' id='word_1_2' title='bbox 417 383 431 412; x_wconf 94' lang='lat'>1</span> <span class='ocrx_word' id='word_1_3' title='bbox 442 382 495 424; x_wconf 85' lang='lat'>30</span> <span class='ocrx_word' id='word_1_4' title='bbox 795 381 1127 415; x_wconf 85' lang='lat' dir='ltr'>APOCALYPSIS</span> <span class='ocrx_word' id='word_1_5' title='bbox 1158 382 1456 415; x_wconf 84' lang='lat' dir='ltr'><strong>EXPLICATA.</strong></span> 
     </span>
    </p>
   </div>
   <div class='ocr_carea' id='block_1_2' title="bbox 1736 0 2054 1691">
    <p class='ocr_par' dir='ltr' id='par_1_2' title="bbox 1736 0 2054 1691">
     <span class='ocr_line' id='line_1_2' title="bbox 1736 0 2054 1691; baseline 0 -1229"><span class='ocrx_word' id='word_1_6' title='bbox 1736 0 2054 1691; x_wconf 95' lang='lat' dir='ltr'>    </span> 
     </span>
    </p>
   </div>
   <div class='ocr_carea' id='block_1_3' title="bbox 376 491 1917 3056">
    <p class='ocr_par' dir='ltr' id='par_1_3' title="bbox 376 491 1917 3056">
     <span class='ocr_line' id='line_1_3' title="bbox 379 491 1866 549; baseline 0.001 -17"><span class='ocrx_word' id='word_1_7' title='bbox 379 491 624 533; x_wconf 83' lang='lat' dir='ltr'>illustratio</span> <span class='ocrx_word' id='word_1_8' title='bbox 638 492 700 541; x_wconf 87' lang='lat' dir='ltr'>fit,</span> <span class='ocrx_word' id='word_1_9' title='bbox 715 493 853 533; x_wconf 87' lang='lat' dir='ltr'>etiam</span> <span class='ocrx_word' id='word_1_10' title='bbox 867 493 1055 534; x_wconf 90' lang='lat' dir='ltr'>dicetur.</span> <span class='ocrx_word' id='word_1_11' title='bbox 1091 494 1413 549; x_wconf 85' lang='lat' dir='ltr'>Unusquisque</span> <span class='ocrx_word' id='word_1_12' title='bbox 1426 495 1564 535; x_wconf 85' lang='lat' dir='ltr'>homo</span> <span class='ocrx_word' id='word_1_13' title='bbox 1577 494 1726 547; x_wconf 87' lang='lat' dir='ltr'>quoad</span> <span class='ocrx_word' id='word_1_14' title='bbox 1738 493 1866 547; x_wconf 87' lang='lat' dir='ltr'>cogi-</span> 
     </span>
     <span class='ocr_line' id='line_1_4' title="bbox 379 555 1917 610; baseline 0.001 -16"><span class='ocrx_word' id='word_1_15' title='bbox 379 555 580 595; x_wconf 89' lang='lat' dir='ltr'>tationes</span> <span class='ocrx_word' id='word_1_16' title='bbox 603 560 649 595; x_wconf 93' lang='lat' dir='ltr'>et</span> <span class='ocrx_word' id='word_1_17' title='bbox 675 555 936 596; x_wconf 68' lang='lat' dir='ltr'>affeffiones</span> <span class='ocrx_word' id='word_1_18' title='bbox 959 570 1061 596; x_wconf 88' lang='lat' dir='ltr'>suas</span> <span class='ocrx_word' id='word_1_19' title='bbox 1083 563 1154 597; x_wconf 92' lang='lat' dir='ltr'>est</span> <span class='ocrx_word' id='word_1_20' title='bbox 1176 557 1220 597; x_wconf 88' lang='lat' dir='ltr'>in</span> <span class='ocrx_word' id='word_1_21' title='bbox 1242 558 1412 597; x_wconf 90' lang='lat' dir='ltr'>mundo</span> <span class='ocrx_word' id='word_1_22' title='bbox 1430 556 1678 610; x_wconf 87' lang='lat' dir='ltr'>spirituali;</span> <span class='ocrx_word' id='word_1_23' title='bbox 1703 569 1866 596; x_wconf 90' lang='lat' dir='ltr'>conse·</span> <span class='ocrx_word' id='word_1_24' title='bbox 1910 581 1917 590; x_wconf 89' lang='lat'><em>-</em></span> 
     </span>
     <span class='ocr_line' id='line_1_5' title="bbox 380 617 1868 672; baseline 0.001 -16"><span class='ocrx_word' id='word_1_25' title='bbox 380 623 571 669; x_wconf 91' lang='lat' dir='ltr'>quenter</span> <span class='ocrx_word' id='word_1_26' title='bbox 588 618 738 669; x_wconf 85' lang='lat' dir='ltr'>quoad</span> <span class='ocrx_word' id='word_1_27' title='bbox 761 618 966 670; x_wconf 89' lang='lat' dir='ltr'>spiritum</span> <span class='ocrx_word' id='word_1_28' title='bbox 989 632 1132 668; x_wconf 91' lang='lat' dir='ltr'>suum,</span> <span class='ocrx_word' id='word_1_29' title='bbox 1152 633 1255 660; x_wconf 87' lang='lat' dir='ltr'>nam</span> <span class='ocrx_word' id='word_1_30' title='bbox 1278 620 1460 672; x_wconf 88' lang='lat' dir='ltr'>spiritus</span> <span class='ocrx_word' id='word_1_31' title='bbox 1483 619 1679 658; x_wconf 89' lang='lat' dir='ltr'>hominis</span> <span class='ocrx_word' id='word_1_32' title='bbox 1701 623 1771 658; x_wconf 88' lang='lat' dir='ltr'>est</span> <span class='ocrx_word' id='word_1_33' title='bbox 1793 617 1868 671; x_wconf 88' lang='lat' dir='ltr'>qui</span> 
     </span>
     <span class='ocr_line' id='line_1_6' title="bbox 380 679 1869 735; baseline 0.001 -17"><span class='ocrx_word' id='word_1_34' title='bbox 380 680 555 731; x_wconf 81' lang='lat' dir='ltr'>cogitat</span> <span class='ocrx_word' id='word_1_35' title='bbox 581 685 626 719; x_wconf 92' lang='lat' dir='ltr'>et</span> <span class='ocrx_word' id='word_1_36' title='bbox 653 681 726 732; x_wconf 89' lang='lat' dir='ltr'>qui</span> <span class='ocrx_word' id='word_1_37' title='bbox 752 679 944 720; x_wconf 88' lang='lat' dir='ltr'>afficitur</span> <span class='ocrx_word' id='word_1_38' title='bbox 961 694 973 720; x_wconf 86' lang='lat'>:·</span> <span class='ocrx_word' id='word_1_39' title='bbox 1003 681 1141 721; x_wconf 92' lang='lat' dir='ltr'>homo</span> <span class='ocrx_word' id='word_1_40' title='bbox 1163 683 1236 735; x_wconf 91' lang='lat' dir='ltr'>qui</span> <span class='ocrx_word' id='word_1_41' title='bbox 1258 682 1504 735; x_wconf 90' lang='lat' dir='ltr'>spiritualis</span> <span class='ocrx_word' id='word_1_42' title='bbox 1526 680 1668 721; x_wconf 61' lang='lat' dir='ltr'>factus</span> <span class='ocrx_word' id='word_1_43' title='bbox 1692 685 1764 720; x_wconf 91' lang='lat' dir='ltr'>est</span> <span class='ocrx_word' id='word_1_44' title='bbox 1789 691 1869 734; x_wconf 83' lang='lat' dir='ltr'>per</span> 
     </span>
     <span class='ocr_line' id='line_1_7' title="bbox 379 741 1868 796; baseline 0.002 -16"><span class='ocrx_word' id='word_1_45' title='bbox 379 742 777 793; x_wconf 80' lang='lat' dir='ltr'>regenerationem</span> <span class='ocrx_word' id='word_1_46' title='bbox 793 755 819 782; x_wconf 89' lang='lat' dir='ltr'>a</span> <span class='ocrx_word' id='word_1_47' title='bbox 836 741 1049 791; x_wconf 89' lang='lat' dir='ltr'>Domino,</span> <span class='ocrx_word' id='word_1_48' title='bbox 1063 743 1213 796; x_wconf 91' lang='lat' dir='ltr'>quoad</span> <span class='ocrx_word' id='word_1_49' title='bbox 1231 744 1436 796; x_wconf 88' lang='lat' dir='ltr'>spiritum</span> <span class='ocrx_word' id='word_1_50' title='bbox 1455 755 1583 782; x_wconf 88' lang='lat' dir='ltr'>suurn</span> <span class='ocrx_word' id='word_1_51' title='bbox 1601 748 1671 782; x_wconf 88' lang='lat' dir='ltr'>est</span> <span class='ocrx_word' id='word_1_52' title='bbox 1689 743 1733 782; x_wconf 90' lang='lat' dir='ltr'>in</span> <span class='ocrx_word' id='word_1_53' title='bbox 1751 741 1868 783; x_wconf 81' lang='lat' dir='ltr'>soei·</span> 
     </span>
     <span class='ocr_line' id='line_1_8' title="bbox 382 803 1868 858; baseline 0.001 -16"><span class='ocrx_word' id='word_1_54' title='bbox 382 808 507 843; x_wconf 87' lang='lat' dir='ltr'>etate</span> <span class='ocrx_word' id='word_1_55' title='bbox 525 803 715 844; x_wconf 88' lang='lat' dir='ltr'>caelesti</span> <span class='ocrx_word' id='word_1_56' title='bbox 733 818 741 854; x_wconf 90' lang='lat'>;</span> <span class='ocrx_word' id='word_1_57' title='bbox 774 809 821 844; x_wconf 86' lang='lat' dir='ltr'>at</span> <span class='ocrx_word' id='word_1_58' title='bbox 837 804 975 844; x_wconf 91' lang='lat' dir='ltr'>homo</span> <span class='ocrx_word' id='word_1_59' title='bbox 993 804 1226 853; x_wconf 87' lang='lat' dir='ltr'>naturalis,</span> <span class='ocrx_word' id='word_1_60' title='bbox 1246 805 1319 858; x_wconf 91' lang='lat' dir='ltr'>qui</span> <span class='ocrx_word' id='word_1_61' title='bbox 1337 812 1407 846; x_wconf 89' lang='lat' dir='ltr'>est</span> <span class='ocrx_word' id='word_1_62' title='bbox 1425 805 1607 858; x_wconf 87' lang='lat' dir='ltr'>quinon</span> <span class='ocrx_word' id='word_1_63' title='bbox 1624 816 1868 856; x_wconf 82' lang='lat' dir='ltr'>regenera-</span> 
     </span>
     <span class='ocr_line' id='line_1_9' title="bbox 381 865 1869 918; baseline 0.002 -15"><span class='ocrx_word' id='word_1_64' title='bbox 381 870 469 912; x_wconf 79' lang='lat' dir='ltr'>tuS,</span> <span class='ocrx_word' id='word_1_65' title='bbox 496 865 646 918; x_wconf 87' lang='lat' dir='ltr'>quoad</span> <span class='ocrx_word' id='word_1_66' title='bbox 673 866 879 918; x_wconf 90' lang='lat' dir='ltr'>spiritum</span> <span class='ocrx_word' id='word_1_67' title='bbox 905 880 1034 907; x_wconf 91' lang='lat' dir='ltr'>suum</span> <span class='ocrx_word' id='word_1_68' title='bbox 1060 873 1130 908; x_wconf 89' lang='lat' dir='ltr'>est</span> <span class='ocrx_word' id='word_1_69' title='bbox 1160 867 1204 907; x_wconf 92' lang='lat' dir='ltr'>in</span> <span class='ocrx_word' id='word_1_70' title='bbox 1230 868 1453 908; x_wconf 89' lang='lat' dir='ltr'>societate</span> <span class='ocrx_word' id='word_1_71' title='bbox 1479 866 1713 916; x_wconf 87' lang='lat' dir='ltr'>infernali;</span> <span class='ocrx_word' id='word_1_72' title='bbox 1748 865 1869 918; x_wconf 85' lang='lat' dir='ltr'>apud</span> 
     </span>
     <span class='ocr_line' id='line_1_10' title="bbox 381 927 1870 982; baseline 0.001 -16"><span class='ocrx_word' id='word_1_73' title='bbox 381 927 500 967; x_wconf 91' lang='lat' dir='ltr'>hunc</span> <span class='ocrx_word' id='word_1_74' title='bbox 532 927 722 968; x_wconf 89' lang='lat' dir='ltr'>influunt</span> <span class='ocrx_word' id='word_1_75' title='bbox 754 929 973 969; x_wconf 91' lang='lat' dir='ltr'>continuo</span> <span class='ocrx_word' id='word_1_76' title='bbox 1004 929 1124 969; x_wconf 89' lang='lat' dir='ltr'>mala</span> <span class='ocrx_word' id='word_1_77' title='bbox 1157 930 1215 969; x_wconf 89' lang='lat' dir='ltr'>ab</span> <span class='ocrx_word' id='word_1_78' title='bbox 1254 929 1443 977; x_wconf 85' lang='lat' dir='ltr'>inferno,</span> <span class='ocrx_word' id='word_1_79' title='bbox 1476 937 1521 969; x_wconf 91' lang='lat' dir='ltr'>et</span> <span class='ocrx_word' id='word_1_80' title='bbox 1558 942 1736 982; x_wconf 91' lang='lat' dir='ltr'>quoque</span> <span class='ocrx_word' id='word_1_81' title='bbox 1767 939 1870 968; x_wconf 89' lang='lat' dir='ltr'>cum</span> 
     </span>
     <span class='ocr_line' id='line_1_11' title="bbox 376 983 1879 1044; baseline 0.001 -16"><span class='ocrx_word' id='word_1_82' title='bbox 376 988 577 1041; x_wconf 90' lang='lat' dir='ltr'>jucundo</span> <span class='ocrx_word' id='word_1_83' title='bbox 608 990 912 1043; x_wconf 90' lang='lat' dir='ltr'>recipiuntur;</span> <span class='ocrx_word' id='word_1_84' title='bbox 949 991 1068 1044; x_wconf 87' lang='lat' dir='ltr'>apud</span> <span class='ocrx_word' id='word_1_85' title='bbox 1099 991 1226 1031; x_wconf 90' lang='lat' dir='ltr'>illum</span> <span class='ocrx_word' id='word_1_86' title='bbox 1253 997 1407 1031; x_wconf 88' lang='lat' dir='ltr'>autern</span> <span class='ocrx_word' id='word_1_87' title='bbox 1434 991 1624 1031; x_wconf 87' lang='lat' dir='ltr'>influunt</span> <span class='ocrx_word' id='word_1_88' title='bbox 1650 983 1879 1031; x_wconf 83' lang='lat' dir='ltr'>continuo</span> 
     </span>
     <span class='ocr_line' id='line_1_12' title="bbox 381 1051 1877 1106; baseline 0.001 -15"><span class='ocrx_word' id='word_1_89' title='bbox 381 1051 503 1091; x_wconf 91' lang='lat' dir='ltr'>bona</span> <span class='ocrx_word' id='word_1_90' title='bbox 525 1065 548 1092; x_wconf 92' lang='lat' dir='ltr'>e</span> <span class='ocrx_word' id='word_1_91' title='bbox 571 1052 716 1101; x_wconf 87' lang='lat' dir='ltr'>caelo,</span> <span class='ocrx_word' id='word_1_92' title='bbox 740 1059 786 1092; x_wconf 92' lang='lat' dir='ltr'>et</span> <span class='ocrx_word' id='word_1_93' title='bbox 809 1066 988 1106; x_wconf 90' lang='lat' dir='ltr'>quoque</span> <span class='ocrx_word' id='word_1_94' title='bbox 1010 1054 1286 1106; x_wconf 89' lang='lat' dir='ltr'>recipiuntur</span> <span class='ocrx_word' id='word_1_95' title='bbox 1305 1067 1313 1103; x_wconf 91' lang='lat'>;</span> <span class='ocrx_word' id='word_1_96' title='bbox 1345 1060 1391 1094; x_wconf 92' lang='lat' dir='ltr'>et</span> <span class='ocrx_word' id='word_1_97' title='bbox 1414 1054 1516 1106; x_wconf 88' lang='lat' dir='ltr'>quia</span> <span class='ocrx_word' id='word_1_98' title='bbox 1538 1053 1658 1093; x_wconf 85' lang='lat' dir='ltr'>bona</span> <span class='ocrx_word' id='word_1_99' title='bbox 1679 1052 1877 1092; x_wconf 82' lang='lat' dir='ltr'>influunt</span> 
     </span>
     <span class='ocr_line' id='line_1_13' title="bbox 381 1113 1871 1168; baseline 0 -14"><span class='ocrx_word' id='word_1_100' title='bbox 381 1114 426 1154; x_wconf 91' lang='lat' dir='ltr'>in</span> <span class='ocrx_word' id='word_1_101' title='bbox 444 1113 730 1155; x_wconf 67' lang='lat' dir='ltr'>affectionem</span> <span class='ocrx_word' id='word_1_102' title='bbox 748 1114 857 1167; x_wconf 83' lang='lat' dir='ltr'>ejus,</span> <span class='ocrx_word' id='word_1_103' title='bbox 877 1121 923 1155; x_wconf 92' lang='lat' dir='ltr'>et</span> <span class='ocrx_word' id='word_1_104' title='bbox 942 1129 1021 1168; x_wconf 89' lang='lat' dir='ltr'>per</span> <span class='ocrx_word' id='word_1_105' title='bbox 1036 1115 1323 1156; x_wconf 56' lang='lat' dir='ltr'>affectionem</span> <span class='ocrx_word' id='word_1_106' title='bbox 1342 1116 1386 1155; x_wconf 91' lang='lat' dir='ltr'>in</span> <span class='ocrx_word' id='word_1_107' title='bbox 1404 1116 1750 1168; x_wconf 82' lang='lat' dir='ltr'>cogitationem,</span> <span class='ocrx_word' id='word_1_108' title='bbox 1765 1114 1871 1155; x_wconf 89' lang='lat' dir='ltr'>inde</span> 
     </span>
     <span class='ocr_line' id='line_1_14' title="bbox 383 1176 1872 1231; baseline 0.001 -15"><span class='ocrx_word' id='word_1_109' title='bbox 383 1177 422 1216; x_wconf 94' lang='lat' dir='ltr'>ei</span> <span class='ocrx_word' id='word_1_110' title='bbox 457 1176 716 1217; x_wconf 84' lang='lat' dir='ltr'>illustratio.</span> <span class='ocrx_word' id='word_1_111' title='bbox 777 1177 904 1218; x_wconf 90' lang='lat' dir='ltr'>Haec</span> <span class='ocrx_word' id='word_1_112' title='bbox 941 1177 1190 1218; x_wconf 84' lang='lat' dir='ltr'>illustratio</span> <span class='ocrx_word' id='word_1_113' title='bbox 1226 1184 1296 1218; x_wconf 89' lang='lat' dir='ltr'>est</span> <span class='ocrx_word' id='word_1_114' title='bbox 1337 1192 1451 1231; x_wconf 85' lang='lat' dir='ltr'>quae</span> <span class='ocrx_word' id='word_1_115' title='bbox 1486 1177 1758 1230; x_wconf 86' lang='lat' dir='ltr'>intelligitur</span> <span class='ocrx_word' id='word_1_116' title='bbox 1791 1189 1872 1229; x_wconf 89' lang='lat' dir='ltr'>per</span> 
     </span>
     <span class='ocr_line' id='line_1_15' title="bbox 382 1239 1872 1293; baseline 0 -15"><span class='ocrx_word' id='word_1_117' title='bbox 382 1239 742 1291; x_wconf 85' lang='lat' dir='ltr'>intelligentiam</span> <span class='ocrx_word' id='word_1_118' title='bbox 769 1245 815 1279; x_wconf 89' lang='lat' dir='ltr'>et</span> <span class='ocrx_word' id='word_1_119' title='bbox 841 1239 1296 1293; x_wconf 64' lang='lat' dir='ltr'>circumspectionem</span> <span class='ocrx_word' id='word_1_120' title='bbox 1323 1240 1618 1293; x_wconf 87' lang='lat' dir='ltr'>spiritualem,</span> <span class='ocrx_word' id='word_1_121' title='bbox 1642 1252 1756 1292; x_wconf 90' lang='lat' dir='ltr'>quae</span> <span class='ocrx_word' id='word_1_122' title='bbox 1778 1240 1872 1291; x_wconf 91' lang='lat' dir='ltr'>sig-</span> 
     </span>
     <span class='ocr_line' id='line_1_16' title="bbox 383 1300 1871 1355; baseline -0.001 -14"><span class='ocrx_word' id='word_1_123' title='bbox 383 1300 592 1341; x_wconf 86' lang='lat' dir='ltr'>nificatur</span> <span class='ocrx_word' id='word_1_124' title='bbox 609 1314 688 1354; x_wconf 90' lang='lat' dir='ltr'>per</span> <span class='ocrx_word' id='word_1_125' title='bbox 705 1305 730 1321; x_wconf 79' lang='lat'>‘⁴</span> <span class='ocrx_word' id='word_1_126' title='bbox 743 1301 841 1341; x_wconf 90' lang='lat' dir='ltr'>alas</span> <span class='ocrx_word' id='word_1_127' title='bbox 858 1301 1076 1355; x_wconf 87' lang='lat' dir='ltr'>aquilae,’&#39;</span> <span class='ocrx_word' id='word_1_128' title='bbox 1092 1316 1207 1355; x_wconf 90' lang='lat' dir='ltr'>quae</span> <span class='ocrx_word' id='word_1_129' title='bbox 1223 1303 1360 1342; x_wconf 86' lang='lat' dir='ltr'>datae</span> <span class='ocrx_word' id='word_1_130' title='bbox 1380 1308 1484 1342; x_wconf 90' lang='lat' dir='ltr'>sunt</span> <span class='ocrx_word' id='word_1_131' title='bbox 1504 1302 1694 1349; x_wconf 90' lang='lat' dir='ltr'>mulieri,</span> <span class='ocrx_word' id='word_1_132' title='bbox 1710 1301 1871 1354; x_wconf 88' lang='lat' dir='ltr'>quibus</span> 
     </span>
     <span class='ocr_line' id='line_1_17' title="bbox 382 1363 1872 1417; baseline 0 -14"><span class='ocrx_word' id='word_1_133' title='bbox 382 1363 558 1403; x_wconf 87' lang='lat' dir='ltr'>volavit</span> <span class='ocrx_word' id='word_1_134' title='bbox 589 1363 632 1403; x_wconf 91' lang='lat' dir='ltr'>in</span> <span class='ocrx_word' id='word_1_135' title='bbox 662 1363 908 1403; x_wconf 90' lang='lat' dir='ltr'>desertum.</span> <span class='ocrx_word' id='word_1_136' title='bbox 969 1364 1044 1412; x_wconf 91' lang='lat' dir='ltr'>Hi,</span> <span class='ocrx_word' id='word_1_137' title='bbox 1072 1377 1236 1416; x_wconf 89' lang='lat' dir='ltr'>nempe</span> <span class='ocrx_word' id='word_1_138' title='bbox 1262 1364 1534 1416; x_wconf 81' lang='lat' dir='ltr'>spirituales,</span> <span class='ocrx_word' id='word_1_139' title='bbox 1562 1369 1667 1404; x_wconf 90' lang='lat' dir='ltr'>sunt</span> <span class='ocrx_word' id='word_1_140' title='bbox 1693 1375 1872 1417; x_wconf 88' lang='lat' dir='ltr'>quoque</span> 
     </span>
     <span class='ocr_line' id='line_1_18' title="bbox 384 1426 1872 1479; baseline 0.001 -14"><span class='ocrx_word' id='word_1_141' title='bbox 384 1426 698 1478; x_wconf 87' lang='lat' dir='ltr'>comparative</span> <span class='ocrx_word' id='word_1_142' title='bbox 724 1426 839 1466; x_wconf 91' lang='lat' dir='ltr'>sicut</span> <span class='ocrx_word' id='word_1_143' title='bbox 865 1426 1043 1478; x_wconf 89' lang='lat' dir='ltr'>aquilae</span> <span class='ocrx_word' id='word_1_144' title='bbox 1074 1427 1169 1466; x_wconf 92' lang='lat' dir='ltr'>alte</span> <span class='ocrx_word' id='word_1_145' title='bbox 1195 1426 1435 1476; x_wconf 82' lang='lat' dir='ltr'>volantes3</span> <span class='ocrx_word' id='word_1_146' title='bbox 1472 1433 1520 1467; x_wconf 92' lang='lat' dir='ltr'>at</span> <span class='ocrx_word' id='word_1_147' title='bbox 1549 1426 1615 1466; x_wconf 91' lang='lat' dir='ltr'>illi</span> <span class='ocrx_word' id='word_1_148' title='bbox 1646 1426 1720 1479; x_wconf 86' lang='lat' dir='ltr'>qui</span> <span class='ocrx_word' id='word_1_149' title='bbox 1749 1437 1872 1466; x_wconf 88' lang='lat' dir='ltr'>mere</span> 
     </span>
     <span class='ocr_line' id='line_1_19' title="bbox 384 1487 1874 1542; baseline 0.001 -15"><span class='ocrx_word' id='word_1_150' title='bbox 384 1487 616 1528; x_wconf 83' lang='lat' dir='ltr'>naturales</span> <span class='ocrx_word' id='word_1_151' title='bbox 638 1493 759 1535; x_wconf 89' lang='lat' dir='ltr'>sunt,</span> <span class='ocrx_word' id='word_1_152' title='bbox 779 1489 1092 1540; x_wconf 86' lang='lat' dir='ltr'>comparative</span> <span class='ocrx_word' id='word_1_153' title='bbox 1115 1494 1220 1528; x_wconf 90' lang='lat' dir='ltr'>sunt</span> <span class='ocrx_word' id='word_1_154' title='bbox 1243 1489 1359 1528; x_wconf 91' lang='lat' dir='ltr'>sicut</span> <span class='ocrx_word' id='word_1_155' title='bbox 1379 1494 1631 1541; x_wconf 88' lang='lat' dir='ltr'>serpentes,</span> <span class='ocrx_word' id='word_1_156' title='bbox 1654 1488 1728 1542; x_wconf 91' lang='lat' dir='ltr'>qui</span> <span class='ocrx_word' id='word_1_157' title='bbox 1749 1487 1874 1528; x_wconf 86' lang='lat' dir='ltr'>humi</span> 
     </span>
     <span class='ocr_line' id='line_1_20' title="bbox 383 1550 1873 1603; baseline 0 -13"><span class='ocrx_word' id='word_1_158' title='bbox 383 1556 562 1602; x_wconf 91' lang='lat' dir='ltr'>repunt,</span> <span class='ocrx_word' id='word_1_159' title='bbox 595 1563 646 1590; x_wconf 85' lang='lat' dir='ltr'>ac</span> <span class='ocrx_word' id='word_1_160' title='bbox 678 1550 836 1590; x_wconf 90' lang='lat' dir='ltr'>vident</span> <span class='ocrx_word' id='word_1_161' title='bbox 866 1550 1040 1603; x_wconf 87' lang='lat' dir='ltr'>aquilas</span> <span class='ocrx_word' id='word_1_162' title='bbox 1070 1564 1203 1603; x_wconf 90' lang='lat' dir='ltr'>super</span> <span class='ocrx_word' id='word_1_163' title='bbox 1233 1564 1309 1600; x_wconf 89' lang='lat' dir='ltr'>se;</span> <span class='ocrx_word' id='word_1_164' title='bbox 1345 1564 1483 1603; x_wconf 89' lang='lat' dir='ltr'>quare</span> <span class='ocrx_word' id='word_1_165' title='bbox 1513 1551 1651 1591; x_wconf 88' lang='lat' dir='ltr'>etiam</span> <span class='ocrx_word' id='word_1_166' title='bbox 1686 1551 1731 1590; x_wconf 91' lang='lat' dir='ltr'>in</span> <span class='ocrx_word' id='word_1_167' title='bbox 1761 1563 1873 1590; x_wconf 86' lang='lat' dir='ltr'>mox</span> 
     </span>
     <span class='ocr_line' id='line_1_21' title="bbox 385 1605 1874 1666; baseline 0.001 -14"><span class='ocrx_word' id='word_1_168' title='bbox 385 1619 604 1665; x_wconf 89' lang='lat' dir='ltr'>sequente</span> <span class='ocrx_word' id='word_1_169' title='bbox 640 1625 773 1652; x_wconf 88' lang='lat' dir='ltr'>versu</span> <span class='ocrx_word' id='word_1_170' title='bbox 813 1613 952 1652; x_wconf 89' lang='lat' dir='ltr'>draco</span> <span class='ocrx_word' id='word_1_171' title='bbox 988 1613 1151 1652; x_wconf 90' lang='lat' dir='ltr'>dicitur</span> <span class='ocrx_word' id='word_1_172' title='bbox 1189 1613 1455 1666; x_wconf 64' lang='lat' dir='ltr'>“serpens&#39;’</span> <span class='ocrx_word' id='word_1_173' title='bbox 1498 1605 1756 1653; x_wconf 46' lang='lat' dir='ltr'>&#39;Praeterea</span> <span class='ocrx_word' id='word_1_174' title='bbox 1793 1625 1874 1666; x_wconf 87' lang='lat' dir='ltr'>per</span> 
     </span>
     <span class='ocr_line' id='line_1_22' title="bbox 387 1674 1872 1728; baseline 0.001 -14"><span class='ocrx_word' id='word_1_175' title='bbox 387 1675 522 1714; x_wconf 80' lang='lat' dir='ltr'>“alas</span> <span class='ocrx_word' id='word_1_176' title='bbox 548 1674 766 1727; x_wconf 86' lang='lat' dir='ltr'>aquilae‚”</span> <span class='ocrx_word' id='word_1_177' title='bbox 789 1688 904 1727; x_wconf 88' lang='lat' dir='ltr'>quae</span> <span class='ocrx_word' id='word_1_178' title='bbox 930 1675 1069 1715; x_wconf 85' lang='lat' dir='ltr'>datae</span> <span class='ocrx_word' id='word_1_179' title='bbox 1095 1681 1200 1715; x_wconf 89' lang='lat' dir='ltr'>sunt</span> <span class='ocrx_word' id='word_1_180' title='bbox 1223 1675 1412 1724; x_wconf 88' lang='lat' dir='ltr'>mulieri,</span> <span class='ocrx_word' id='word_1_181' title='bbox 1436 1675 1714 1728; x_wconf 86' lang='lat' dir='ltr'>significatur</span> <span class='ocrx_word' id='word_1_182' title='bbox 1733 1674 1872 1716; x_wconf 84' lang='lat' dir='ltr'>intel-</span> 
     </span>
     <span class='ocr_line' id='line_1_23' title="bbox 385 1736 1872 1790; baseline 0.001 -13"><span class='ocrx_word' id='word_1_183' title='bbox 385 1736 529 1778; x_wconf 71' lang='lat' dir='ltr'>lectus</span> <span class='ocrx_word' id='word_1_184' title='bbox 555 1738 676 1788; x_wconf 90' lang='lat' dir='ltr'>veri;</span> <span class='ocrx_word' id='word_1_185' title='bbox 709 1750 813 1777; x_wconf 89' lang='lat' dir='ltr'>nam</span> <span class='ocrx_word' id='word_1_186' title='bbox 840 1750 999 1778; x_wconf 90' lang='lat' dir='ltr'>omnes</span> <span class='ocrx_word' id='word_1_187' title='bbox 1025 1738 1099 1790; x_wconf 92' lang='lat' dir='ltr'>qui</span> <span class='ocrx_word' id='word_1_188' title='bbox 1124 1737 1182 1778; x_wconf 93' lang='lat' dir='ltr'>ab</span> <span class='ocrx_word' id='word_1_189' title='bbox 1206 1737 1285 1777; x_wconf 93' lang='lat' dir='ltr'>illa</span> <span class='ocrx_word' id='word_1_190' title='bbox 1310 1737 1505 1778; x_wconf 88' lang='lat' dir='ltr'>ecclesia</span> <span class='ocrx_word' id='word_1_191' title='bbox 1530 1743 1634 1778; x_wconf 90' lang='lat' dir='ltr'>sunt</span> <span class='ocrx_word' id='word_1_192' title='bbox 1662 1736 1872 1778; x_wconf 89' lang='lat' dir='ltr'>intellec-</span> 
     </span>
     <span class='ocr_line' id='line_1_24' title="bbox 385 1799 1873 1852; baseline 0 -13"><span class='ocrx_word' id='word_1_193' title='bbox 385 1805 482 1839; x_wconf 89' lang='lat' dir='ltr'>tum</span> <span class='ocrx_word' id='word_1_194' title='bbox 508 1799 785 1840; x_wconf 83' lang='lat' dir='ltr'>illustratum</span> <span class='ocrx_word' id='word_1_195' title='bbox 811 1799 1000 1847; x_wconf 87' lang='lat' dir='ltr'>habent,</span> <span class='ocrx_word' id='word_1_196' title='bbox 1027 1813 1086 1839; x_wconf 86' lang='lat' dir='ltr'>ex</span> <span class='ocrx_word' id='word_1_197' title='bbox 1118 1813 1206 1852; x_wconf 92' lang='lat' dir='ltr'>quo</span> <span class='ocrx_word' id='word_1_198' title='bbox 1231 1800 1383 1840; x_wconf 91' lang='lat' dir='ltr'>videre</span> <span class='ocrx_word' id='word_1_199' title='bbox 1410 1806 1601 1852; x_wconf 89' lang='lat' dir='ltr'>possunt</span> <span class='ocrx_word' id='word_1_200' title='bbox 1626 1811 1783 1839; x_wconf 90' lang='lat' dir='ltr'>verum</span> <span class='ocrx_word' id='word_1_201' title='bbox 1812 1812 1873 1840; x_wconf 87' lang='lat' dir='ltr'>ex</span> 
     </span>
     <span class='ocr_line' id='line_1_25' title="bbox 386 1860 1874 1914; baseline 0 -13"><span class='ocrx_word' id='word_1_202' title='bbox 386 1862 486 1901; x_wconf 91' lang='lat' dir='ltr'>luce</span> <span class='ocrx_word' id='word_1_203' title='bbox 511 1862 619 1909; x_wconf 85' lang='lat' dir='ltr'>veri,</span> <span class='ocrx_word' id='word_1_204' title='bbox 647 1861 732 1901; x_wconf 88' lang='lat' dir='ltr'>hoc</span> <span class='ocrx_word' id='word_1_205' title='bbox 759 1867 845 1910; x_wconf 85' lang='lat' dir='ltr'>est,</span> <span class='ocrx_word' id='word_1_206' title='bbox 872 1874 977 1901; x_wconf 89' lang='lat' dir='ltr'>num</span> <span class='ocrx_word' id='word_1_207' title='bbox 1005 1863 1062 1902; x_wconf 89' lang='lat' dir='ltr'>sit</span> <span class='ocrx_word' id='word_1_208' title='bbox 1087 1875 1243 1902; x_wconf 91' lang='lat' dir='ltr'>verum</span> <span class='ocrx_word' id='word_1_209' title='bbox 1269 1861 1341 1902; x_wconf 92' lang='lat' dir='ltr'>vel</span> <span class='ocrx_word' id='word_1_210' title='bbox 1368 1875 1458 1902; x_wconf 92' lang='lat' dir='ltr'>non</span> <span class='ocrx_word' id='word_1_211' title='bbox 1483 1874 1666 1910; x_wconf 88' lang='lat' dir='ltr'>verum;</span> <span class='ocrx_word' id='word_1_212' title='bbox 1697 1866 1744 1901; x_wconf 90' lang='lat' dir='ltr'>et</span> <span class='ocrx_word' id='word_1_213' title='bbox 1769 1860 1874 1914; x_wconf 88' lang='lat' dir='ltr'>quia</span> 
     </span>
     <span class='ocr_line' id='line_1_26' title="bbox 385 1922 1872 1976; baseline -0.001 -12"><span class='ocrx_word' id='word_1_214' title='bbox 385 1925 450 1964; x_wconf 88' lang='lat' dir='ltr'>ita</span> <span class='ocrx_word' id='word_1_215' title='bbox 471 1924 628 1964; x_wconf 91' lang='lat' dir='ltr'>vident</span> <span class='ocrx_word' id='word_1_216' title='bbox 651 1937 821 1972; x_wconf 88' lang='lat' dir='ltr'>verum,</span> <span class='ocrx_word' id='word_1_217' title='bbox 846 1929 1105 1976; x_wconf 86' lang='lat' dir='ltr'>agnoscunt</span> <span class='ocrx_word' id='word_1_218' title='bbox 1130 1924 1256 1972; x_wconf 91' lang='lat' dir='ltr'>illud,</span> <span class='ocrx_word' id='word_1_219' title='bbox 1281 1930 1326 1964; x_wconf 91' lang='lat' dir='ltr'>et</span> <span class='ocrx_word' id='word_1_220' title='bbox 1353 1924 1576 1976; x_wconf 90' lang='lat' dir='ltr'>recipiunt</span> <span class='ocrx_word' id='word_1_221' title='bbox 1602 1923 1714 1964; x_wconf 89' lang='lat' dir='ltr'>illud</span> <span class='ocrx_word' id='word_1_222' title='bbox 1736 1922 1872 1964; x_wconf 80' lang='lat' dir='ltr'>affec-</span> 
     </span>
     <span class='ocr_line' id='line_1_27' title="bbox 385 1985 1872 2040; baseline -0.001 -12"><span class='ocrx_word' id='word_1_223' title='bbox 385 1988 511 2028; x_wconf 87' lang='lat' dir='ltr'>tione</span> <span class='ocrx_word' id='word_1_224' title='bbox 546 2001 660 2040; x_wconf 89' lang='lat' dir='ltr'>quae</span> <span class='ocrx_word' id='word_1_225' title='bbox 696 1993 767 2028; x_wconf 91' lang='lat' dir='ltr'>est</span> <span class='ocrx_word' id='word_1_226' title='bbox 800 1988 1082 2027; x_wconf 88' lang='lat' dir='ltr'>voluntatis:</span> <span class='ocrx_word' id='word_1_227' title='bbox 1127 2001 1187 2028; x_wconf 83' lang='lat' dir='ltr'>ex</span> <span class='ocrx_word' id='word_1_228' title='bbox 1222 2001 1276 2028; x_wconf 93' lang='lat' dir='ltr'>eo</span> <span class='ocrx_word' id='word_1_229' title='bbox 1315 1987 1428 2028; x_wconf 88' lang='lat' dir='ltr'>fiunt</span> <span class='ocrx_word' id='word_1_230' title='bbox 1466 2001 1574 2027; x_wconf 88' lang='lat' dir='ltr'>vera</span> <span class='ocrx_word' id='word_1_231' title='bbox 1611 1986 1731 2040; x_wconf 88' lang='lat' dir='ltr'>apud</span> <span class='ocrx_word' id='word_1_232' title='bbox 1767 1985 1872 2027; x_wconf 90' lang='lat' dir='ltr'>illos</span> 
     </span>
     <span class='ocr_line' id='line_1_28' title="bbox 386 2045 1872 2104; baseline -0.001 -13"><span class='ocrx_word' id='word_1_233' title='bbox 386 2051 639 2104; x_wconf 86' lang='lat' dir='ltr'>spiritualia</span> <span class='ocrx_word' id='word_1_234' title='bbox 656 2065 665 2101; x_wconf 91' lang='lat'>;</span> <span class='ocrx_word' id='word_1_235' title='bbox 692 2045 1028 2104; x_wconf 83' lang='lat' dir='ltr'>consequenter</span> <span class='ocrx_word' id='word_1_236' title='bbox 1043 2064 1171 2091; x_wconf 91' lang='lat' dir='ltr'>mens</span> <span class='ocrx_word' id='word_1_237' title='bbox 1184 2051 1446 2104; x_wconf 85' lang='lat' dir='ltr'>spiritualis,</span> <span class='ocrx_word' id='word_1_238' title='bbox 1463 2065 1577 2104; x_wconf 85' lang='lat' dir='ltr'>quae</span> <span class='ocrx_word' id='word_1_239' title='bbox 1595 2063 1729 2103; x_wconf 87' lang='lat' dir='ltr'>supra</span> <span class='ocrx_word' id='word_1_240' title='bbox 1744 2062 1872 2090; x_wconf 88' lang='lat' dir='ltr'>men-</span> 
     </span>
     <span class='ocr_line' id='line_1_29' title="bbox 386 2113 1873 2168; baseline -0.001 -13"><span class='ocrx_word' id='word_1_241' title='bbox 386 2121 481 2155; x_wconf 88' lang='lat' dir='ltr'>tem</span> <span class='ocrx_word' id='word_1_242' title='bbox 512 2115 767 2155; x_wconf 86' lang='lat' dir='ltr'>naturalem</span> <span class='ocrx_word' id='word_1_243' title='bbox 798 2121 883 2163; x_wconf 91' lang='lat' dir='ltr'>est,</span> <span class='ocrx_word' id='word_1_244' title='bbox 911 2115 1030 2167; x_wconf 87' lang='lat' dir='ltr'>apud</span> <span class='ocrx_word' id='word_1_245' title='bbox 1061 2115 1166 2155; x_wconf 86' lang='lat' dir='ltr'>illos</span> <span class='ocrx_word' id='word_1_246' title='bbox 1197 2115 1411 2168; x_wconf 86' lang='lat' dir='ltr'>aperitur,</span> <span class='ocrx_word' id='word_1_247' title='bbox 1439 2121 1484 2155; x_wconf 96' lang='lat' dir='ltr'>et</span> <span class='ocrx_word' id='word_1_248' title='bbox 1515 2119 1676 2167; x_wconf 85' lang='lat' dir='ltr'>aperta</span> <span class='ocrx_word' id='word_1_249' title='bbox 1704 2113 1873 2166; x_wconf 84' lang='lat' dir='ltr'>accipit</span> 
     </span>
     <span class='ocr_line' id='line_1_30' title="bbox 385 2170 1872 2231; baseline -0.001 -13"><span class='ocrx_word' id='word_1_250' title='bbox 385 2180 530 2219; x_wconf 89' lang='lat' dir='ltr'>visum</span> <span class='ocrx_word' id='word_1_251' title='bbox 565 2178 839 2231; x_wconf 89' lang='lat' dir='ltr'>angelicum,</span> <span class='ocrx_word' id='word_1_252' title='bbox 876 2179 950 2231; x_wconf 90' lang='lat' dir='ltr'>qui</span> <span class='ocrx_word' id='word_1_253' title='bbox 986 2185 1056 2219; x_wconf 91' lang='lat' dir='ltr'>est</span> <span class='ocrx_word' id='word_1_254' title='bbox 1091 2180 1213 2219; x_wconf 92' lang='lat' dir='ltr'>visus</span> <span class='ocrx_word' id='word_1_255' title='bbox 1248 2180 1385 2231; x_wconf 88' lang='lat' dir='ltr'>ipsius</span> <span class='ocrx_word' id='word_1_256' title='bbox 1415 2179 1508 2218; x_wconf 87' lang='lat' dir='ltr'>veri</span> <span class='ocrx_word' id='word_1_257' title='bbox 1530 2170 1598 2218; x_wconf 43' lang='lat' dir='ltr'>&#39;ex</span> <span class='ocrx_word' id='word_1_258' title='bbox 1634 2177 1734 2218; x_wconf 90' lang='lat' dir='ltr'>luce</span> <span class='ocrx_word' id='word_1_259' title='bbox 1764 2176 1872 2229; x_wconf 91' lang='lat' dir='ltr'>ejus.</span> 
     </span>
     <span class='ocr_line' id='line_1_31' title="bbox 387 2241 1872 2295; baseline -0.001 -13"><span class='ocrx_word' id='word_1_260' title='bbox 387 2243 455 2283; x_wconf 89' lang='lat' dir='ltr'>At</span> <span class='ocrx_word' id='word_1_261' title='bbox 485 2256 593 2282; x_wconf 93' lang='lat' dir='ltr'>vero</span> <span class='ocrx_word' id='word_1_262' title='bbox 625 2242 698 2295; x_wconf 88' lang='lat' dir='ltr'>qui</span> <span class='ocrx_word' id='word_1_263' title='bbox 729 2255 821 2282; x_wconf 89' lang='lat' dir='ltr'>non</span> <span class='ocrx_word' id='word_1_264' title='bbox 856 2243 913 2282; x_wconf 91' lang='lat' dir='ltr'>ab</span> <span class='ocrx_word' id='word_1_265' title='bbox 948 2242 1145 2283; x_wconf 91' lang='lat' dir='ltr'>ecclesia</span> <span class='ocrx_word' id='word_1_266' title='bbox 1174 2242 1253 2282; x_wconf 88' lang='lat' dir='ltr'>illa</span> <span class='ocrx_word' id='word_1_267' title='bbox 1283 2249 1403 2290; x_wconf 90' lang='lat' dir='ltr'>sunt,</span> <span class='ocrx_word' id='word_1_268' title='bbox 1431 2243 1504 2295; x_wconf 87' lang='lat' dir='ltr'>qui</span> <span class='ocrx_word' id='word_1_269' title='bbox 1535 2247 1640 2282; x_wconf 88' lang='lat' dir='ltr'>sunt</span> <span class='ocrx_word' id='word_1_270' title='bbox 1671 2241 1746 2294; x_wconf 92' lang='lat' dir='ltr'>qui</span> <span class='ocrx_word' id='word_1_271' title='bbox 1780 2252 1872 2281; x_wconf 91' lang='lat' dir='ltr'>non</span> 
     </span>
     <span class='ocr_line' id='line_1_32' title="bbox 387 2305 1873 2359; baseline -0.001 -13"><span class='ocrx_word' id='word_1_272' title='bbox 387 2312 647 2359; x_wconf 88' lang='lat' dir='ltr'>agnoscunt</span> <span class='ocrx_word' id='word_1_273' title='bbox 667 2305 880 2346; x_wconf 89' lang='lat' dir='ltr'>Divinum</span> <span class='ocrx_word' id='word_1_274' title='bbox 903 2306 946 2346; x_wconf 91' lang='lat' dir='ltr'>in</span> <span class='ocrx_word' id='word_1_275' title='bbox 971 2305 1187 2346; x_wconf 90' lang='lat' dir='ltr'>Humano</span> <span class='ocrx_word' id='word_1_276' title='bbox 1206 2306 1405 2352; x_wconf 90' lang='lat' dir='ltr'>Domini,</span> <span class='ocrx_word' id='word_1_277' title='bbox 1425 2306 1587 2358; x_wconf 91' lang='lat' dir='ltr'>quique</span> <span class='ocrx_word' id='word_1_278' title='bbox 1606 2318 1696 2345; x_wconf 92' lang='lat' dir='ltr'>non</span> <span class='ocrx_word' id='word_1_279' title='bbox 1714 2310 1873 2345; x_wconf 89' lang='lat' dir='ltr'>amant</span> 
     </span>
     <span class='ocr_line' id='line_1_33' title="bbox 386 2367 1873 2423; baseline -0.001 -13"><span class='ocrx_word' id='word_1_280' title='bbox 386 2383 543 2410; x_wconf 90' lang='lat' dir='ltr'>verum</span> <span class='ocrx_word' id='word_1_281' title='bbox 565 2370 668 2423; x_wconf 88' lang='lat' dir='ltr'>quia</span> <span class='ocrx_word' id='word_1_282' title='bbox 689 2383 844 2410; x_wconf 89' lang='lat' dir='ltr'>verum</span> <span class='ocrx_word' id='word_1_283' title='bbox 867 2375 952 2417; x_wconf 92' lang='lat' dir='ltr'>est,</span> <span class='ocrx_word' id='word_1_284' title='bbox 972 2370 1037 2410; x_wconf 89' lang='lat' dir='ltr'>ita</span> <span class='ocrx_word' id='word_1_285' title='bbox 1058 2369 1368 2422; x_wconf 88' lang='lat' dir='ltr'>spiritualiter,</span> <span class='ocrx_word' id='word_1_286' title='bbox 1387 2369 1452 2409; x_wconf 92' lang='lat' dir='ltr'>illi</span> <span class='ocrx_word' id='word_1_287' title='bbox 1475 2382 1566 2410; x_wconf 89' lang='lat' dir='ltr'>non</span> <span class='ocrx_word' id='word_1_288' title='bbox 1587 2367 1873 2409; x_wconf 69' lang='lat' dir='ltr'>intelleEtum</span> 
     </span>
     <span class='ocr_line' id='line_1_34' title="bbox 387 2433 1872 2486; baseline -0.001 -12"><span class='ocrx_word' id='word_1_289' title='bbox 387 2434 666 2474; x_wconf 88' lang='lat' dir='ltr'>illustratum</span> <span class='ocrx_word' id='word_1_290' title='bbox 697 2439 890 2486; x_wconf 88' lang='lat' dir='ltr'>possunt</span> <span class='ocrx_word' id='word_1_291' title='bbox 924 2433 1109 2482; x_wconf 88' lang='lat' dir='ltr'>habere,</span> <span class='ocrx_word' id='word_1_292' title='bbox 1142 2447 1201 2473; x_wconf 85' lang='lat' dir='ltr'>ex</span> <span class='ocrx_word' id='word_1_293' title='bbox 1236 2447 1325 2486; x_wconf 93' lang='lat' dir='ltr'>quo</span> <span class='ocrx_word' id='word_1_294' title='bbox 1359 2433 1513 2472; x_wconf 90' lang='lat' dir='ltr'>videre</span> <span class='ocrx_word' id='word_1_295' title='bbox 1544 2437 1734 2485; x_wconf 84' lang='lat' dir='ltr'>possunt</span> <span class='ocrx_word' id='word_1_296' title='bbox 1765 2444 1872 2472; x_wconf 91' lang='lat' dir='ltr'>num</span> 
     </span>
     <span class='ocr_line' id='line_1_35' title="bbox 386 2495 1873 2549; baseline -0.001 -11"><span class='ocrx_word' id='word_1_297' title='bbox 386 2511 543 2538; x_wconf 88' lang='lat' dir='ltr'>verum</span> <span class='ocrx_word' id='word_1_298' title='bbox 566 2498 623 2537; x_wconf 81' lang='lat' dir='ltr'>sit</span> <span class='ocrx_word' id='word_1_299' title='bbox 645 2497 718 2537; x_wconf 88' lang='lat' dir='ltr'>vel</span> <span class='ocrx_word' id='word_1_300' title='bbox 741 2510 831 2537; x_wconf 91' lang='lat' dir='ltr'>non</span> <span class='ocrx_word' id='word_1_301' title='bbox 856 2511 864 2547; x_wconf 91' lang='lat'>;</span> <span class='ocrx_word' id='word_1_302' title='bbox 896 2495 982 2537; x_wconf 88' lang='lat' dir='ltr'>sed</span> <span class='ocrx_word' id='word_1_303' title='bbox 998 2497 1289 2549; x_wconf 88' lang='lat' dir='ltr'>apparentias</span> <span class='ocrx_word' id='word_1_304' title='bbox 1306 2497 1399 2536; x_wconf 91' lang='lat' dir='ltr'>veri</span> <span class='ocrx_word' id='word_1_305' title='bbox 1421 2497 1578 2536; x_wconf 91' lang='lat' dir='ltr'>vident</span> <span class='ocrx_word' id='word_1_306' title='bbox 1601 2502 1650 2536; x_wconf 92' lang='lat' dir='ltr'>ut</span> <span class='ocrx_word' id='word_1_307' title='bbox 1673 2496 1873 2548; x_wconf 88' lang='lat' dir='ltr'>genuina</span> 
     </span>
     <span class='ocr_line' id='line_1_36' title="bbox 387 2559 1874 2613; baseline -0.001 -11"><span class='ocrx_word' id='word_1_308' title='bbox 387 2576 510 2610; x_wconf 85' lang='lat' dir='ltr'>vera,</span> <span class='ocrx_word' id='word_1_309' title='bbox 539 2567 585 2602; x_wconf 92' lang='lat' dir='ltr'>et</span> <span class='ocrx_word' id='word_1_310' title='bbox 616 2560 717 2601; x_wconf 88' lang='lat' dir='ltr'>illas</span> <span class='ocrx_word' id='word_1_311' title='bbox 749 2561 866 2601; x_wconf 89' lang='lat' dir='ltr'>sicut</span> <span class='ocrx_word' id='word_1_312' title='bbox 895 2561 1094 2613; x_wconf 89' lang='lat' dir='ltr'>genuina</span> <span class='ocrx_word' id='word_1_313' title='bbox 1123 2574 1231 2601; x_wconf 88' lang='lat' dir='ltr'>vera</span> <span class='ocrx_word' id='word_1_314' title='bbox 1261 2574 1320 2600; x_wconf 83' lang='lat' dir='ltr'>ex</span> <span class='ocrx_word' id='word_1_315' title='bbox 1351 2573 1486 2600; x_wconf 90' lang='lat' dir='ltr'>sensu</span> <span class='ocrx_word' id='word_1_316' title='bbox 1517 2560 1700 2600; x_wconf 86' lang='lat' dir='ltr'>litterae</span> <span class='ocrx_word' id='word_1_317' title='bbox 1731 2559 1874 2600; x_wconf 87' lang='lat' dir='ltr'>Verbi</span> 
     </span>
     <span class='ocr_line' id='line_1_37' title="bbox 389 2623 1871 2678; baseline -0.002 -12"><span class='ocrx_word' id='word_1_318' title='bbox 389 2625 661 2667; x_wconf 84' lang='lat' dir='ltr'>confirmant</span> <span class='ocrx_word' id='word_1_319' title='bbox 681 2639 689 2675; x_wconf 91' lang='lat'>;</span> <span class='ocrx_word' id='word_1_320' title='bbox 716 2626 760 2665; x_wconf 90' lang='lat' dir='ltr'>in</span> <span class='ocrx_word' id='word_1_321' title='bbox 778 2639 866 2678; x_wconf 92' lang='lat' dir='ltr'>quo</span> <span class='ocrx_word' id='word_1_322' title='bbox 885 2631 1040 2665; x_wconf 86' lang='lat' dir='ltr'>tamen</span> <span class='ocrx_word' id='word_1_323' title='bbox 1059 2637 1192 2664; x_wconf 90' lang='lat' dir='ltr'>sensu</span> <span class='ocrx_word' id='word_1_324' title='bbox 1211 2624 1352 2664; x_wconf 91' lang='lat' dir='ltr'>Verbi</span> <span class='ocrx_word' id='word_1_325' title='bbox 1370 2623 1586 2676; x_wconf 85' lang='lat' dir='ltr'>pleraque</span> <span class='ocrx_word' id='word_1_326' title='bbox 1604 2630 1709 2664; x_wconf 91' lang='lat' dir='ltr'>sunt</span> <span class='ocrx_word' id='word_1_327' title='bbox 1730 2637 1871 2677; x_wconf 88' lang='lat' dir='ltr'>appa-</span> 
     </span>
     <span class='ocr_line' id='line_1_38' title="bbox 388 2687 1871 2742; baseline -0.002 -12"><span class='ocrx_word' id='word_1_328' title='bbox 388 2691 563 2730; x_wconf 86' lang='lat' dir='ltr'>rentiae</span> <span class='ocrx_word' id='word_1_329' title='bbox 588 2690 696 2738; x_wconf 88' lang='lat' dir='ltr'>veri,</span> <span class='ocrx_word' id='word_1_330' title='bbox 723 2703 838 2742; x_wconf 90' lang='lat' dir='ltr'>quae</span> <span class='ocrx_word' id='word_1_331' title='bbox 869 2689 905 2728; x_wconf 89' lang='lat' dir='ltr'>si</span> <span class='ocrx_word' id='word_1_332' title='bbox 936 2688 1261 2729; x_wconf 89' lang='lat' dir='ltr'>confirmantur</span> <span class='ocrx_word' id='word_1_333' title='bbox 1291 2693 1340 2728; x_wconf 91' lang='lat' dir='ltr'>ut</span> <span class='ocrx_word' id='word_1_334' title='bbox 1370 2688 1568 2740; x_wconf 89' lang='lat' dir='ltr'>genuina</span> <span class='ocrx_word' id='word_1_335' title='bbox 1598 2701 1720 2736; x_wconf 88' lang='lat' dir='ltr'>vera,</span> <span class='ocrx_word' id='word_1_336' title='bbox 1747 2687 1871 2728; x_wconf 87' lang='lat' dir='ltr'>falsi-</span> 
     </span>
     <span class='ocr_line' id='line_1_39' title="bbox 389 2751 1871 2804; baseline -0.002 -10"><span class='ocrx_word' id='word_1_337' title='bbox 389 2754 605 2804; x_wconf 85' lang='lat' dir='ltr'>ficantur;</span> <span class='ocrx_word' id='word_1_338' title='bbox 638 2759 684 2794; x_wconf 92' lang='lat' dir='ltr'>et</span> <span class='ocrx_word' id='word_1_339' title='bbox 705 2752 941 2793; x_wconf 86' lang='lat' dir='ltr'>falsificata</span> <span class='ocrx_word' id='word_1_340' title='bbox 958 2766 1066 2792; x_wconf 87' lang='lat' dir='ltr'>vera</span> <span class='ocrx_word' id='word_1_341' title='bbox 1087 2757 1192 2792; x_wconf 87' lang='lat' dir='ltr'>sunt</span> <span class='ocrx_word' id='word_1_342' title='bbox 1214 2751 1339 2791; x_wconf 88' lang='lat' dir='ltr'>falsa.</span> <span class='ocrx_word' id='word_1_343' title='bbox 1399 2751 1459 2791; x_wconf 93' lang='lat' dir='ltr'>Hi</span> <span class='ocrx_word' id='word_1_344' title='bbox 1481 2752 1584 2804; x_wconf 89' lang='lat' dir='ltr'>quia</span> <span class='ocrx_word' id='word_1_345' title='bbox 1606 2764 1696 2791; x_wconf 91' lang='lat' dir='ltr'>non</span> <span class='ocrx_word' id='word_1_346' title='bbox 1718 2751 1871 2791; x_wconf 90' lang='lat' dir='ltr'>videre</span> 
     </span>
     <span class='ocr_line' id='line_1_40' title="bbox 389 2815 1871 2871; baseline -0.003 -13"><span class='ocrx_word' id='word_1_347' title='bbox 389 2824 582 2871; x_wconf 87' lang='lat' dir='ltr'>possunt</span> <span class='ocrx_word' id='word_1_348' title='bbox 607 2831 715 2858; x_wconf 85' lang='lat' dir='ltr'>vera</span> <span class='ocrx_word' id='word_1_349' title='bbox 741 2831 799 2857; x_wconf 81' lang='lat' dir='ltr'>ex</span> <span class='ocrx_word' id='word_1_350' title='bbox 826 2817 926 2857; x_wconf 88' lang='lat' dir='ltr'>luce</span> <span class='ocrx_word' id='word_1_351' title='bbox 951 2817 1058 2865; x_wconf 91' lang='lat' dir='ltr'>veri,</span> <span class='ocrx_word' id='word_1_352' title='bbox 1085 2822 1131 2857; x_wconf 93' lang='lat' dir='ltr'>et</span> <span class='ocrx_word' id='word_1_353' title='bbox 1161 2816 1223 2856; x_wconf 90' lang='lat' dir='ltr'>sic</span> <span class='ocrx_word' id='word_1_354' title='bbox 1249 2815 1487 2855; x_wconf 66' lang='lat' dir='ltr'>intellectu</span> <span class='ocrx_word' id='word_1_355' title='bbox 1514 2828 1677 2867; x_wconf 88' lang='lat' dir='ltr'>capere</span> <span class='ocrx_word' id='word_1_356' title='bbox 1707 2815 1800 2863; x_wconf 88' lang='lat' dir='ltr'>illa,</span> <span class='ocrx_word' id='word_1_357' title='bbox 1827 2815 1871 2855; x_wconf 90' lang='lat' dir='ltr'>in</span> 
     </span>
     <span class='ocr_line' id='line_1_41' title="bbox 389 2877 1873 2928; baseline -0.003 -7"><span class='ocrx_word' id='word_1_358' title='bbox 389 2881 595 2928; x_wconf 86' lang='lat' dir='ltr'>obscura,</span> <span class='ocrx_word' id='word_1_359' title='bbox 622 2880 761 2920; x_wconf 90' lang='lat' dir='ltr'>immo</span> <span class='ocrx_word' id='word_1_360' title='bbox 791 2880 835 2919; x_wconf 92' lang='lat' dir='ltr'>in</span> <span class='ocrx_word' id='word_1_361' title='bbox 861 2892 997 2919; x_wconf 85' lang='lat' dir='ltr'>caeca</span> <span class='ocrx_word' id='word_1_362' title='bbox 1019 2878 1106 2919; x_wconf 90' lang='lat' dir='ltr'>fide</span> <span class='ocrx_word' id='word_1_363' title='bbox 1132 2883 1252 2926; x_wconf 89' lang='lat' dir='ltr'>sunt,</span> <span class='ocrx_word' id='word_1_364' title='bbox 1279 2878 1335 2917; x_wconf 91' lang='lat' dir='ltr'>de</span> <span class='ocrx_word' id='word_1_365' title='bbox 1362 2877 1627 2927; x_wconf 89' lang='lat' dir='ltr'>credendis;</span> <span class='ocrx_word' id='word_1_366' title='bbox 1658 2882 1704 2917; x_wconf 88' lang='lat' dir='ltr'>et</span> <span class='ocrx_word' id='word_1_367' title='bbox 1735 2889 1873 2917; x_wconf 87' lang='lat' dir='ltr'>caeca</span> 
     </span>
     <span class='ocr_line' id='line_1_42' title="bbox 391 2941 1871 2996; baseline -0.002 -13"><span class='ocrx_word' id='word_1_368' title='bbox 391 2944 501 2984; x_wconf 88' lang='lat' dir='ltr'>fides</span> <span class='ocrx_word' id='word_1_369' title='bbox 537 2949 606 2984; x_wconf 86' lang='lat' dir='ltr'>est</span> <span class='ocrx_word' id='word_1_370' title='bbox 642 2944 758 2984; x_wconf 89' lang='lat' dir='ltr'>sicut</span> <span class='ocrx_word' id='word_1_371' title='bbox 792 2942 949 2983; x_wconf 86' lang='lat' dir='ltr'>oculus</span> <span class='ocrx_word' id='word_1_372' title='bbox 987 2943 1061 2996; x_wconf 91' lang='lat' dir='ltr'>qui</span> <span class='ocrx_word' id='word_1_373' title='bbox 1093 2954 1250 2995; x_wconf 88' lang='lat' dir='ltr'>parum</span> <span class='ocrx_word' id='word_1_374' title='bbox 1285 2941 1359 2981; x_wconf 92' lang='lat' dir='ltr'>vel</span> <span class='ocrx_word' id='word_1_375' title='bbox 1395 2941 1505 2980; x_wconf 89' lang='lat' dir='ltr'>nihil</span> <span class='ocrx_word' id='word_1_376' title='bbox 1537 2941 1692 2990; x_wconf 86' lang='lat' dir='ltr'>videt;</span> <span class='ocrx_word' id='word_1_377' title='bbox 1732 2941 1871 2980; x_wconf 90' lang='lat' dir='ltr'>immo</span> 
     </span>
     <span class='ocr_line' id='line_1_43' title="bbox 390 3001 1871 3056; baseline -0.003 -9"><span class='ocrx_word' id='word_1_378' title='bbox 390 3020 525 3047; x_wconf 86' lang='lat' dir='ltr'>caeca</span> <span class='ocrx_word' id='word_1_379' title='bbox 547 3005 657 3046; x_wconf 87' lang='lat' dir='ltr'>fides</span> <span class='ocrx_word' id='word_1_380' title='bbox 683 3019 773 3046; x_wconf 91' lang='lat' dir='ltr'>non</span> <span class='ocrx_word' id='word_1_381' title='bbox 799 3011 869 3045; x_wconf 89' lang='lat' dir='ltr'>est</span> <span class='ocrx_word' id='word_1_382' title='bbox 895 3004 1020 3054; x_wconf 91' lang='lat' dir='ltr'>fides,</span> <span class='ocrx_word' id='word_1_383' title='bbox 1044 3004 1123 3045; x_wconf 91' lang='lat' dir='ltr'>sed</span> <span class='ocrx_word' id='word_1_384' title='bbox 1147 3003 1284 3044; x_wconf 92' lang='lat' dir='ltr'>modo</span> <span class='ocrx_word' id='word_1_385' title='bbox 1306 3003 1564 3056; x_wconf 88' lang='lat' dir='ltr'>persuasio:</span> <span class='ocrx_word' id='word_1_386' title='bbox 1598 3009 1644 3043; x_wconf 85' lang='lat' dir='ltr'>et</span> <span class='ocrx_word' id='word_1_387' title='bbox 1669 3003 1772 3056; x_wconf 91' lang='lat' dir='ltr'>quia</span> <span class='ocrx_word' id='word_1_388' title='bbox 1793 3001 1871 3042; x_wconf 85' lang='lat' dir='ltr'>illa</span> 
     </span>
    </p>
   </div>
  </div>
 </body>
</html>
