2098 3476
395 356 501 400 1954
803 357 1135 392 APOCALYPSIS
1167 360 1465 392 EXPLICATA.

389 468 461 509 vel
499 468 647 518 fidem,
681 470 752 510 vel
787 469 974 511 fructum
1013 470 1168 520 talem,
1202 485 1349 525 quem,
1383 473 1485 525 quia
1522 471 1631 512 nihil
1670 472 1877 525 cogitant

387 531 442 572 de
466 531 625 580 facere,
652 546 740 573 non
765 533 1036 583 comedunt;
1070 535 1258 587 proinde
1285 534 1363 575 illo
1386 533 1527 575 fructu
1551 549 1597 575 se
1621 548 1711 575 non
1734 535 1877 576 nutri-

387 601 494 635 unt:
535 602 771 648 praeterea
796 609 876 636 nec
905 596 1156 637 admittunt
1183 596 1260 637 illa
1286 598 1501 650 principia
1528 598 1646 638 ultra
1672 610 1807 651 quam
1833 597 1878 638 in

387 660 665 706 memoriam,
706 666 751 699 et
790 660 893 700 inde
930 660 974 699 in
1012 661 1340 713 cogitationem
1378 661 1417 701 ei
1455 662 1723 713 proximam,
1763 674 1878 714 quae

386 727 455 762 est
483 722 704 774 cogitatio
732 722 965 770 sensualis,
995 723 1038 762 in
1071 737 1158 775 qua
1190 722 1299 762 nihil
1332 723 1577 776 spirituale,
1606 737 1720 777 quae
1752 723 1877 776 cogi-

386 784 502 823 tatio
535 797 624 823 non
656 784 869 836 explorat
902 798 1008 824 num
1036 798 1190 825 verum
1223 786 1308 835 sit;
1347 799 1482 838 quare
1509 793 1673 826 cavent
1707 799 1762 826 ne
1794 785 1877 826 ali-

386 846 492 898 quid
540 846 679 886 intret
721 847 864 886 visum
905 847 1180 896 interiorem,
1223 848 1296 901 qui
1342 854 1411 888 est
1453 847 1738 899 intellectum
1786 861 1876 888 non

387 908 595 948 volentes
622 909 734 949 scire
766 909 885 962 quod
917 910 1068 950 omnia
1099 910 1176 950 illa
1207 924 1321 963 quae
1354 910 1408 950 de
1441 910 1527 951 fide
1553 910 1731 951 illorum
1757 909 1881 951 dicta

387 977 505 1019 sunt,
535 978 695 1011 contra
727 970 1009 1012 intellectum
1042 973 1317 1023 illustratum
1350 974 1454 1022 sint,
1483 974 1597 1014 sicut
1630 980 1734 1014 sunt
1767 986 1876 1014 con-

386 1039 455 1073 tra
487 1035 732 1086 genuinum
760 1048 940 1075 sensum
969 1035 1121 1075 Verbi.
1185 1035 1296 1076 Inde
1328 1049 1504 1089 quoque
1537 1042 1606 1076 est
1639 1036 1757 1089 quod
1790 1035 1877 1076 illis
1912 1053 1914 1055 >

386 1096 459 1148 qui
504 1103 640 1149 caput
682 1097 890 1137 draconis
931 1099 1231 1147 constituunt,
1276 1111 1365 1138 non
1411 1099 1593 1151 aliquod
1632 1100 1876 1151 genuinum

385 1172 539 1198 verum
562 1160 619 1199 sit
639 1173 647 1209 3
682 1173 771 1199 non
791 1161 909 1200 enim
933 1175 991 1201 ex
1015 1161 1127 1201 falso
1143 1162 1374 1214 principio,
1395 1162 1513 1214 quod
1537 1167 1606 1202 est
1631 1161 1727 1202 sola
1749 1161 1874 1211 fides,

386 1221 603 1273 profluere
635 1229 826 1275 possunt
865 1224 948 1263 nisi
986 1223 1097 1263 salsa
1136 1225 1179 1264 in
1212 1225 1427 1264 continua
1465 1225 1604 1274 serie;
1648 1230 1717 1264 est
1756 1225 1876 1264 enim

386 1283 483 1323 sola
510 1283 620 1324 fides
648 1298 737 1324 non
765 1285 940 1334 dabilis,
971 1299 1075 1326 nam
1102 1285 1213 1326 fides
1240 1287 1408 1340 absque
1436 1287 1661 1327 charitate
1688 1299 1778 1326 non
1805 1293 1875 1328 est

386 1346 522 1396 fides;
561 1348 710 1387 anima
743 1349 861 1388 enim
893 1348 995 1389 fidei
1028 1355 1097 1389 est
1131 1349 1355 1399 charitas;
1394 1363 1530 1402 quare
1557 1350 1703 1390 dicere
1730 1349 1875 1390 solam

387 1408 536 1457 fidem,
565 1417 634 1450 est
661 1411 809 1451 dicere
841 1412 961 1464 quod
994 1412 1162 1465 absque
1188 1413 1350 1461 amma,
1379 1413 1443 1452 ita
1468 1412 1636 1466 absque
1663 1413 1757 1453 vita
1788 1420 1873 1463 est,

388 1472 507 1524 quod
534 1473 578 1512 in
605 1487 652 1513 se
679 1480 748 1513 est
777 1481 1017 1515 mortuum.

473 1533 571 1588 (iii.)
618 1535 752 1588 Quod
778 1536 842 1576 illi
869 1538 942 1590 qui
970 1551 1028 1577 ex
1052 1538 1230 1590 propria
1252 1537 1559 1590 intelligentia
1581 1538 1874 1580 excluserunt

385 1596 467 1636 sibi
494 1591 714 1650 dogmata
746 1613 805 1639 ex
833 1599 988 1639 Verbo
1015 1613 1175 1652 corpus
1203 1600 1411 1640 draconis
1438 1601 1736 1649 constituant,
1765 1614 1875 1642 con·

385 1665 506 1700 stare
529 1666 683 1712 potest
707 1675 765 1702 ex
789 1675 856 1710 eo,
882 1662 1001 1714 quod
1025 1676 1182 1703 omnes
1205 1677 1263 1703 ex
1286 1663 1387 1711 illis,
1413 1664 1485 1716 qui
1508 1663 1695 1704 student
1719 1663 1874 1704 Verbo

385 1735 436 1761 ac
463 1723 506 1761 in
531 1735 683 1763 amore
707 1725 771 1764 sui
795 1731 914 1772 sunt,
939 1726 1076 1765 etiam
1104 1726 1147 1765 in
1174 1725 1291 1766 fastu
1314 1727 1518 1778 propriae
1541 1725 1874 1778 intelligentiae

386 1785 502 1834 sint;
543 1791 588 1825 et
616 1799 773 1826 omnes
800 1788 873 1840 qui
900 1788 943 1826 in
971 1787 1055 1827 hoc
1084 1782 1200 1828 fastu
1228 1795 1346 1835 sunt,
1375 1795 1420 1828 et
1449 1788 1578 1828 simul
1605 1789 1788 1841 ingenio
1814 1802 1874 1829 ex

387 1848 581 1888 naturali
610 1848 775 1889 lumine
802 1850 993 1902 pollent,
1018 1850 1081 1890 illi
1109 1850 1360 1891 excludunt
1388 1851 1470 1891 sibi
1497 1851 1715 1904 dogmata
1741 1851 1872 1902 inde;

385 1924 444 1950 ex
478 1910 561 1951 hac
595 1912 767 1964 origine
800 1919 904 1953 sunt
938 1926 1096 1953 omnes
1128 1914 1352 1962 haereses,
1381 1920 1427 1954 et
1461 1927 1618 1954 omnes
1650 1913 1874 1954 falsitates

385 1972 429 2011 in
462 1973 569 2013 orbe
602 1973 874 2014 Christiano.
939 1975 1193 2016 Dicendum
1231 1983 1300 2016 est
1340 1977 1444 2029 quid
1476 1976 1782 2029 intelligentia
1813 1990 1873 2017 ex

385 2036 578 2088 proprio,
604 2042 649 2076 et
677 2037 781 2090 quid
808 2037 1116 2091 intelligentia
1142 2053 1201 2079 ex
1229 2052 1318 2079 non
1346 2040 1537 2092 proprio.
1601 2038 1872 2091 Intelligen-

385 2098 450 2137 tia
481 2112 539 2138 ex
566 2101 745 2152 proprio
772 2107 842 2140 est
875 2115 933 2140 ex
960 2107 1120 2149 semet,
1149 2107 1195 2141 at
1223 2101 1529 2154 intelligentia
1555 2115 1614 2142 ex
1646 2114 1735 2141 non
1768 2115 1872 2154 pro-

385 2161 481 2214 prio
507 2168 577 2201 est
610 2176 635 2201 a
663 2162 872 2203 Domino.
937 2163 1253 2216 Intelligentia
1279 2178 1337 2204 ex
1365 2165 1544 2217 proprio
1570 2170 1639 2204 est
1667 2163 1873 2204 omnibus
1903 2208 1911 2216 ‚

386 2223 473 2263 illis
506 2225 578 2277 qui
610 2225 653 2264 in
686 2239 839 2266 amore
866 2227 931 2266 sui
964 2233 1083 2275 sunt,
1113 2240 1216 2266 nam
1249 2240 1374 2266 amor
1401 2227 1465 2267 sui
1495 2233 1564 2267 est
1592 2228 1737 2279 ipsum
1769 2240 1872 2280 pro-

385 2287 527 2339 prium
551 2287 758 2336 hominis,
779 2295 824 2328 et
848 2288 910 2328 illi
933 2290 976 2329 in
1000 2303 1152 2330 amore
1175 2290 1240 2329 sui
1264 2296 1367 2330 sunt
1391 2291 1463 2342 qui
1488 2289 1645 2342 legunt
1670 2289 1871 2330 Verbum

386 2356 432 2390 et
473 2350 576 2390 inde
623 2351 844 2403 colligunt
887 2352 1107 2404 dogmata
1147 2359 1332 2405 propter
1371 2353 1550 2401 samam,
1592 2352 1784 2405 gloriam
1825 2358 1872 2393 et

385 2414 607 2464 honores3
646 2421 691 2454 et
725 2416 826 2467 quia
857 2414 920 2454 illi
953 2428 1042 2455 non
1075 2415 1224 2468 aliqua
1250 2430 1356 2456 vera
1382 2422 1571 2468 possunt
1598 2415 1763 2464 videre,
1792 2415 1872 2456 sed

385 2477 522 2516 modo
545 2476 669 2525 falsa,
694 2477 796 2517 ideo
822 2478 865 2517 in
893 2478 1100 2518 draconis
1124 2492 1310 2531 corpore
1338 2485 1469 2528 sunt;
1503 2478 1724 2530 colligunt
1752 2478 1872 2518 enim

385 2547 431 2581 et
455 2540 705 2581 excludunt
730 2538 839 2581 talia
861 2555 919 2581 ex
944 2541 1099 2581 Verbo
1122 2555 1235 2594 quae
1258 2541 1411 2582 favent
1430 2541 1655 2582 amoribus
1679 2540 1870 2589 illorum,

384 2616 435 2643 ac
477 2603 581 2643 inde
623 2604 972 2644 scaturientibus
1014 2604 1169 2654 malis;
1214 2617 1265 2644 ac
1308 2604 1385 2644 illa
1426 2618 1538 2657 quae
1579 2603 1872 2656 dogmatibus

384 2666 563 2706 illorum
596 2668 943 2714 contrariantur,
978 2681 1092 2720 quae
1129 2673 1233 2707 sunt
1266 2681 1371 2707 vera
1408 2681 1466 2707 ex
1503 2667 1638 2714 bono,
1671 2665 1743 2706 vel
1781 2679 1871 2706 non

385 2729 557 2778 vident,
592 2729 663 2769 vel
702 2735 979 2781 pervertunt.
1044 2729 1356 2782 Intelligentia
1393 2735 1546 2769 autem
1582 2743 1641 2769 ex
1674 2728 1872 2768 Domino

385 2799 455 2833 est
482 2792 689 2832 omnibus
716 2791 804 2831 illis
831 2792 904 2844 qui
930 2793 973 2831 in
1000 2790 1235 2832 affe6fione
1258 2793 1349 2832 veri
1376 2791 1595 2844 spirituali
1621 2797 1751 2841 sunt;
1785 2790 1871 2831 hoc

385 2862 470 2904 est,
511 2856 584 2908 qui
621 2860 777 2894 amant
815 2867 969 2894 verum
1007 2855 1110 2907 quia
1146 2861 1217 2894 est
1254 2867 1423 2902 verum,
1463 2860 1508 2894 et
1547 2854 1650 2906 quia
1686 2854 1873 2894 inservit
1911 2893 1919 2897 -

384 2919 506 2958 vitae
524 2923 750 2966 aeternae,
769 2930 820 2957 ac
843 2918 964 2957 vitae
987 2917 1234 2956 animarum
1253 2917 1498 2956 hominurn.
1561 2916 1735 2956 Dicitur
1752 2915 1872 2968 quod

385 2980 690 3033 intelligentia
722 2992 875 3020 eorum
912 2992 1002 3020 non
1039 2980 1096 3020 sit
1130 2993 1193 3020 ex
1230 2979 1408 3033 proprio
1445 2978 1524 3019 sed
1561 2992 1620 3019 ex
1658 2978 1870 3028 Domino,

1952 664 1973 678 ,ὃ
