2098 3476
629 356 734 388 CAP.
759 357 860 398 xn„
885 357 1024 390 VERs.
1053 358 1193 390 1.—N.
1216 350 1383 405 710[b].
1654 365 1762 408 1939

258 469 444 512 venient
469 469 571 519 illi,”
596 476 643 512 et
674 484 754 524 per
778 471 898 525 quod
927 474 1145 525 “tempus
1172 486 1263 514 non
1290 479 1383 514 stet
1415 473 1458 514 in
1491 480 1619 515 utero
1646 474 1758 516 filio-

258 546 356 575 rum
374 533 408 584 ;’'
439 537 770 589 per—“tempus
801 547 892 575 non
924 541 1017 576 stat
1049 536 1092 576 in
1126 543 1256 577 utero
1287 536 1477 577 filiorum
1490 537 1507 551 ''
1534 537 1758 590 significa-

258 602 332 638 tur
366 596 488 651 quod
530 609 621 638 non
660 604 925 650 permaneat
963 598 1007 638 in
1047 604 1171 640 statu
1208 599 1551 640 reformationis.
1620 599 1758 653 Apud

257 658 462 709 Esaiam,

325 759 448 792 “Novi
473 759 606 801 perfide
625 760 766 801 agendo
787 760 920 801 perfide
945 759 1090 793 aeturus
1109 771 1219 800 esses,
1241 768 1275 793 et
1295 763 1591 803 praevaricatoris
1613 764 1758 796 nornine

431 804 477 835 ab
493 810 595 836 utero
606 811 778 855 *vocatum
796 811 851 836 est
868 805 931 836 tibi
946 804 962 816 '’
980 805 1102 844 (xlviii.
1122 805 1154 846 8)
1170 816 1176 837 :

255 901 367 944 haec
399 902 456 944 de
488 902 625 943 domo
655 902 825 956 Jacobi‚
854 916 933 956 per
964 917 1099 957 quam
1131 904 1401 958 intelligitur
1432 905 1623 946 ecclesia
1655 920 1756 959 per-

254 979 385 1006 versa
404 980 414 1016 ;
444 965 649 1019 “perfide
672 966 839 1019 agere”
857 966 1081 1019 significat
1104 974 1262 1008 contra
1285 982 1391 1008 vera
1413 968 1639 1020 revelata3
1671 974 1755 1012 “et

254 1029 626 1082 praevaricatoris
658 1030 840 1070 nomine
877 1029 933 1070 ab
970 1036 1100 1071 utero
1131 1032 1281 1071 vocari
1300 1030 1319 1045 ‘’
1351 1031 1574 1084 significat
1606 1046 1755 1074 reces-

254 1092 428 1134 sionem
453 1106 480 1134 a
505 1093 620 1134 veris
647 1106 672 1133 a
699 1093 841 1146 primo
865 1099 1070 1146 tempore
1097 1108 1186 1147 quo
1212 1091 1440 1135 reformari
1463 1102 1643 1147 posset;
1677 1109 1757 1148 per

256 1156 445 1197 “vocari
471 1157 652 1197 nomine
665 1155 684 1171 '⁹
705 1155 984 1209 significatur
1009 1156 1141 1210 quale
1167 1156 1260 1210 ejus
1287 1158 1436 1211 quoad
1463 1157 1551 1199 illa.
1613 1158 1753 1212 Apud

252 1217 514 1278 Hosclzmm,

325 1314 439 1358 Jacob
456 1315 521 1347 “in
541 1321 643 1347 utero
664 1300 908 1356 supplantavit
928 1316 1075 1347 fratrem
1097 1326 1211 1356 suum,
1233 1323 1268 1348 et
1292 1317 1328 1348 in
1356 1318 1484 1349 robore
1506 1327 1571 1349 suo
1592 1324 1757 1359 potenter

428 1359 602 1401 pugnavit
619 1369 699 1391 cum
718 1359 797 1391 Deo
809 1359 827 1371 ’¹
844 1360 916 1400 (xii.
934 1368 955 1399 4
974 1358 1033 1402 [B.
1047 1361 1092 1392 A.
1111 1358 1162 1402 3])
1176 1372 1182 1393 :

251 1448 358 1504 quid
389 1461 475 1503 per
513 1449 624 1490 haec
667 1449 710 1490 in
747 1463 882 1490 sensu
920 1450 1099 1490 interno
1138 1449 1430 1503 significatur,
1471 1464 1606 1492 nemo
1643 1452 1754 1492 scire

252 1519 422 1567 potest,
455 1513 539 1553 nisi
574 1513 648 1566 qui
684 1513 769 1553 scit
806 1513 926 1566 quod
957 1512 1100 1566 Jacob
1137 1519 1182 1554 et
1221 1513 1313 1566 ejus
1350 1515 1520 1566 posteri
1553 1528 1691 1568 usque
1728 1529 1755 1556 a

251 1575 454 1630 patribus
480 1588 636 1616 eorum
662 1575 824 1616 fuerint
851 1589 972 1616 mere
1000 1575 1242 1625 naturales,
1267 1576 1371 1617 inde
1398 1583 1558 1618 contra
1584 1577 1752 1618 bonum
1774 1598 1777 1600 ,

251 1638 365 1680 caeli
390 1645 436 1680 et
463 1638 709 1690 ecclesiae;
744 1653 847 1680 nam
874 1640 948 1693 qui
975 1639 1191 1680 naturalis
1217 1646 1287 1680 est
1314 1647 1360 1680 et
1388 1654 1478 1680 non
1505 1640 1636 1681 simul
1662 1641 1751 1694 spi-

251 1702 437 1752 ritualis,
462 1702 536 1743 ille
563 1709 633 1744 est
659 1709 818 1744 contra
844 1703 1014 1744 bonum
1041 1702 1176 1753 illud3
1210 1703 1295 1743 hoc
1323 1704 1442 1744 enim
1466 1712 1754 1757 comparatur

251 1765 398 1808 solum
423 1779 503 1819 per
528 1764 892 1818 conjunctionem
919 1767 1011 1807 veri
1038 1772 1084 1807 et
1111 1765 1217 1806 boni
1245 1767 1434 1819 primum
1462 1767 1505 1807 in
1533 1768 1753 1820 spirituali

250 1829 448 1879 homine,
475 1835 522 1870 et
548 1829 650 1870 dein
678 1830 722 1870 in
750 1829 968 1880 naturali;
1003 1843 1082 1882 per
1111 1829 1379 1869 “Esavum”
1403 1837 1555 1870 autem
1582 1830 1751 1884 signifi-

251 1899 379 1934 catur
414 1892 584 1941 bonum
623 1892 828 1933 naturale
865 1893 908 1933 in
948 1892 1195 1947 spirituali:
1240 1906 1357 1933 nunc
1395 1894 1498 1946 quia
1527 1893 1669 1946 Jacob
1706 1900 1752 1935 et

193 1991 202 1999 .
250 1956 419 2010 posteri
445 1955 538 2009 ejus
570 1955 687 1996 tales
713 1956 905 2005 suerunt,
933 1963 980 1997 et
1013 1957 1116 2010 quia
1147 1969 1281 1996 omne
1314 1956 1483 1996 bonum
1515 1956 1608 1997 tale
1640 1956 1750 2009 reje-

250 2026 423 2068 cerunt,
457 2025 504 2060 et
541 2019 626 2060 hoc
663 2033 689 2060 a
725 2020 869 2072 primo
907 2026 1127 2072 tempore,
1162 2019 1264 2060 ideo
1296 2019 1458 2060 dicitur
1494 2019 1549 2060 de
1579 2019 1752 2073 jacobo

250 2083 371 2137 quod
401 2083 482 2123 “in
515 2089 644 2124 utero
676 2082 1037 2136 supplantaverit
1070 2082 1254 2123 fratrem
1286 2082 1452 2123 suum.'’
1513 2083 1752 2124 Praeterea

250 2159 329 2200 per
363 2149 601 2200 “pugnam
631 2146 789 2200 Jacobi
822 2159 924 2187 cum
956 2145 1154 2199 angelo''
1190 2145 1266 2200 (de
1298 2160 1386 2200 qua
1416 2147 1566 2199 agitur
1600 2145 1751 2187 Genes.

249 2210 398 2253 xxxii.
432 2220 570 2263 25-32
606 2209 677 2264 [B.
709 2209 768 2250 A.
802 2209 999 2263 24-31]),
1033 2210 1300 2251 describitur
1332 2210 1620 2250 contumacia
1651 2210 1750 2251 illo-

250 2287 361 2322 rum,
390 2287 478 2328 qua
507 2274 769 2315 institerunt
802 2274 922 2327 quod
955 2280 1122 2314 terram
1150 2272 1410 2314 Canaanem
1437 2273 1749 2326 possiderent;

245 2338 328 2391 per
364 2337 486 2392 quod
517 2337 787 2390 intelligitur
823 2343 872 2378 ut
909 2336 1102 2378 ecclesia
1138 2336 1257 2389 apud
1294 2336 1395 2377 illos
1427 2337 1750 2378 institueretur.

251 2400 379 2442 Haec
403 2402 690 2442 contumacia
711 2401 981 2442 describitur
1006 2414 1085 2453 per
1110 2400 1234 2441 illam
1261 2413 1474 2453 pugnam,
1499 2407 1546 2441 et
1572 2414 1750 2454 quoque

249 2478 329 2519 per
359 2464 437 2506 illa
467 2478 581 2518 quae
613 2465 656 2505 in
684 2478 814 2506 versu
841 2471 1060 2518 sequente
1087 2464 1206 2516 apud
1231 2463 1479 2504 Hosclzeam
1504 2463 1563 2504 ibi
1594 2464 1750 2504 dicun-

250 2536 349 2580 tur;
383 2542 560 2582 nempe,

247 2623 250 2629 ’
317 2624 392 2657 “Et
411 2624 770 2710 titgezterffugnavit
790 2633 870 2656 cum
891 2624 1048 2665 angelo..
1063 2623 1176 2656 ‚flevit
1196 2630 1231 2655 et
1251 2630 1415 2664 precatus
1435 2629 1489 2655 est
1510 2633 1590 2655 eum
1603 2623 1621 2635 '’
1641 2621 1714 2665 [xii.
1734 2630 1750 2663 5

474 2693 482 2700 .
537 2693 544 2700 .
562 2678 582 2707 4
626 2679 632 2700 ;

250 2762 331 2804 sed
363 2762 649 2816 quod-usque
675 2761 809 2802 futuri
835 2761 1005 2815 absque
1031 2760 1181 2814 aliquo
1207 2761 1328 2801 bono
1351 2761 1515 2801 amoris
1542 2760 1751 2802 caelestis

249 2834 297 2868 et
319 2826 574 2880 spiritualis,
603 2825 872 2878 intelligitur
897 2838 976 2878 per

326 2923 431 2965 Quod
455 2922 605 2962 angelus
630 2922 786 2962 tetigerit
806 2921 925 2953 volam
951 2921 1100 2953 femoris
1121 2920 1257 2963 Jacobi,
1278 2927 1314 2952 et
1339 2921 1433 2961 quod
1458 2921 1579 2952 luxata
1603 2920 1647 2951 sit
1668 2920 1750 2951 vola

424 2966 571 2998 femoris
591 2966 669 3007 ejus
689 2966 723 2998 in
746 2963 914 2998 luctando
935 2975 1014 2997 cum
1035 2966 1164 3006 angelo
1184 2965 1279 3005 (Gen.
1300 2965 1407 2996 xxxii.
1431 2972 1480 3003 25,
1500 2973 1539 3003 32
1560 2962 1616 3005 [B.
1635 2965 1678 2995 A.
1698 2971 1746 3002 24,

426 3007 518 3051 31]):
