2054 3464
425 371 535 411 2088
599 382 602 385 ·
837 379 1166 413 APOCALYPSIS
1197 381 1492 413 EXPLICATA.

425 504 525 532 eum
544 505 567 532 e
590 490 688 532 luce
710 491 753 532 in
772 491 996 540 tenebras,
1013 498 1058 532 et
1077 506 1136 533 ex
1154 493 1260 534 orbe
1275 493 1734 534 excommunicabunt
1751 506 1853 535 eum
1869 492 1904 546 ;”

428 554 711 594 “tenebrae’'
743 560 846 595 sunt
878 554 1003 601 salsa,
1037 561 1083 595 et
1118 557 1549 596 “excommunicare
1581 570 1639 596 ex
1671 555 1808 597 orbe”
1834 562 1905 598 est

424 616 581 668 ejicere
607 631 666 656 ex
693 617 812 657 bono
839 617 1069 657 ecclesiae.
1130 617 1267 671 Apud
1294 618 1470 667 Lucam,

490 704 741 736 “Exanimatis
765 705 968 736 hominibus
993 715 1076 745 prae
1100 706 1226 737 timore
1250 712 1285 737 et
1309 704 1589 746 exspectatione.
1604 731 1628 744 .,
1649 716 1738 748 quae
1761 706 1907 739 venient

596 758 702 788 super
722 754 892 779 terrarum
917 749 1061 785 orbem:
1091 759 1172 780 nam
1194 749 1342 780 virtutes
1366 749 1542 781 caelorum
1565 750 1904 782 commovebuntur:

596 798 700 832 atque
717 797 799 822 tunc
813 792 982 822 videbunt
1002 791 1126 823 Filium
1144 793 1299 824 hominis
1315 793 1519 824 venientem
1536 793 1571 824 in
1590 794 1683 824 nube
1695 792 1714 805 ’'
1727 792 1906 826 caelorum

597 835 703 865 “cum
721 835 849 866 virtute
866 842 901 866 et
916 835 1030 875 gloria
1046 836 1157 866 multa
1169 835 1186 847 ''
1203 836 1286 874 (xxi.
1304 836 1355 871 26.
1374 837 1427 876 27)
1442 847 1448 868 ε

421 921 533 962 haec
561 922 617 962 de
644 922 1034 963 consummatione
1057 923 1237 971 saeculi,
1262 937 1375 977 quae
1402 930 1471 964 est
1497 923 1702 964 ultimum
1726 930 1905 978 tempus

422 984 654 1032 ecclesiae,
679 985 859 1038 quando
882 999 971 1025 non
994 985 1174 1038 aliquod
1193 999 1345 1026 verum
1369 993 1438 1026 est
1461 986 1666 1039 amplius,
1690 987 1793 1040 quia
1813 999 1904 1028 non

422 1046 615 1096 bonum;
655 1053 802 1087 status
829 1047 941 1088 caeli
969 1054 1076 1088 tunc
1109 1061 1187 1101 per
1214 1047 1291 1088 illa
1317 1048 1454 1088 verba
1479 1049 1758 1098 describitur,
1786 1049 1905 1102 quod

422 1122 584 1162 nempe
613 1110 900 1150 “exanimati
927 1116 1056 1150 erunt
1084 1110 1289 1150 homines
1315 1124 1420 1163 prae
1448 1111 1610 1151 timore
1640 1117 1686 1152 et
1712 1124 1905 1165 exspec-

421 1172 610 1220 tatione,
650 1186 763 1225 quae
799 1173 983 1213 venient
1020 1186 1152 1226 super
1188 1179 1406 1213 terrarum
1444 1172 1638 1222 orbem,''
1674 1171 1753 1227 per
1792 1188 1906 1228 quae

421 1234 853 1281 describiturtimor
883 1234 1060 1275 illorum
1092 1236 1164 1288 qui
1196 1236 1239 1275 in
1271 1235 1406 1275 caelis
1439 1242 1557 1284 sunt,
1585 1236 1704 1289 quod
1736 1237 1904 1290 peritu-

420 1309 516 1336 rum
548 1298 606 1337 sit
639 1310 771 1337 omne
799 1296 1017 1338 ecclesiae
1044 1298 1191 1350 quoad
1219 1298 1386 1338 bonum
1418 1303 1464 1338 et
1496 1298 1599 1339 inde
1626 1299 1775 1352 quoad
1799 1313 1906 1340 vera

421 1358 528 1411 ejus,
557 1365 602 1400 et
630 1358 916 1412 exspe&atio
943 1361 1039 1413 opis
1065 1374 1091 1400 a
1119 1360 1340 1401 Domino:
1375 1361 1494 1414 quod
1522 1362 1729 1414 potentia
1755 1356 1905 1402 Divini

420 1421 529 1462 Veri
552 1421 823 1463 labefactata
846 1423 917 1470 sit,
943 1422 1221 1475 significatur
1247 1437 1325 1476 per
1349 1425 1742 1476 “commotionem
1763 1425 1904 1466 virtu·

420 1490 517 1524 tum
559 1485 784 1525 caelorum
802 1485 837 1536 ;'‘
881 1487 1110 1526 “virtutes
1153 1486 1411 1526 caelorum'’
1451 1493 1555 1527 sunt
1598 1487 1760 1528 Divina
1799 1495 1905 1533 vera

421 1548 569 1600 quoad
597 1549 876 1600 potentiam:
915 1549 1034 1602 quod
1067 1555 1174 1589 tunc
1202 1549 1422 1589 Dominus
1449 1549 1814 1591 manifestaturus
1845 1552 1903 1593 sit

421 1610 634 1650 Divinum
655 1611 838 1659 Verum,
856 1612 924 1651 eui
943 1612 1163 1664 potentia,
1184 1618 1229 1652 et
1249 1625 1307 1652 ex
1326 1626 1412 1665 quo
1430 1611 1748 1665 intelligentia,
1764 1614 1913 1667 signi-¹

419 1671 578 1713 ficatur
609 1687 687 1726 per
712 1674 877 1714 “Tunc
904 1674 1121 1715 videbunt
1156 1674 1318 1714 Filium
1350 1674 1543 1714 hominis
1568 1675 1827 1717 venientem
1858 1677 1903 1718 in

420 1735 536 1775 nube
578 1735 805 1776 caelorum
846 1749 946 1777 cum
987 1737 1155 1777 virtute
1196 1743 1242 1777 et
1288 1736 1431 1789 gloria
1472 1736 1653 1778 multa.’'
1731 1736 1903 1779 Similia

420 1797 731 1850 significantur
756 1813 835 1851 per
859 1799 1095 1839 “terram''
1117 1806 1162 1840 et
1190 1813 1267 1852 per
1296 1799 1519 1840 “orbem”
1541 1800 1583 1839 in
1610 1801 1902 1854 sequentibus

419 1861 462 1900 in
491 1861 777 1913 Apocalypsi,
1888 1859 1895 1867 ³

485 1951 503 1962 ‘¹
514 1949 616 1981 Sunt.
632 1950 790 1990 ‚spiritus
805 1950 1019 1981 daemonum
1034 1950 1205 1982 facientes
1219 1951 1322 1990 signa
1337 1951 1381 1982 ad
1394 1951 1593 1982 exeundum
1608 1951 1652 1982 ad
1668 1961 1770 1992 reges
1788 1957 1903 1984 terrae

592 1999 626 2023 et
651 1994 746 2024 orbis
767 1999 939 2024 terrarum
961 1995 1078 2032 totius,
1099 1994 1143 2025 ad
1164 1994 1453 2034 congregandum
1474 1994 1554 2026 illos
1579 1995 1614 2026 in
1639 1994 1799 2027 bellum''
1818 1995 1901 2036 (xvi.

594 2036 647 2075 14)
661 2047 667 2068 2

418 2125 592 2173 dicitur,
630 2125 727 2164 “ad
759 2138 889 2177 reges
923 2131 1069 2166 terrae
1101 2131 1147 2166 et
1185 2126 1326 2166 totius
1358 2126 1476 2166 orbis
1508 2125 1770 2175 terrarum‚’'
1799 2127 1901 2181 quia

417 2186 537 2226 aliud
564 2186 782 2227 ecclesiae
809 2201 886 2240 per
915 2191 1120 2228 “terram
1133 2187 1152 2203 ‘'
1178 2194 1224 2228 et
1257 2187 1375 2228 aliud
1405 2202 1482 2241 per
1511 2189 1735 2230 “orbem'’
1761 2189 1900 2243 signi-

417 2247 587 2288 ficatur.
650 2248 874 2301 Quoniam
898 2263 975 2302 per
996 2250 1218 2290 “orbem'’
1241 2250 1518 2303 significatur
1540 2251 1732 2292 ecclesia
1753 2251 1900 2305 quoad

418 2311 599 2359 bonum,
633 2312 735 2351 ideo
767 2326 845 2364 per
879 2312 1103 2352 “orbem'’
1130 2312 1439 2365 significantur
1471 2315 1621 2354 omnia
1651 2314 1900 2364 ecclesiae;

417 2374 660 2414 essentiale
683 2375 801 2414 enim
825 2374 1041 2415 ecclesiae
1065 2381 1134 2415 est
1157 2376 1323 2415 bonum
1343 2390 1351 2425 ;
1385 2390 1520 2429 quare
1543 2377 1616 2416 ubi
1638 2383 1708 2417 est
1731 2376 1900 2417 bonum

416 2436 475 2476 ibi
507 2437 644 2476 etiam
676 2442 746 2476 est
778 2450 945 2484 verum,
973 2450 1076 2477 nam
1109 2450 1242 2478 omne
1274 2438 1441 2478 bonum
1473 2438 1701 2478 desiderat
1727 2451 1897 2487 verum,

417 2505 463 2539 et
499 2498 596 2538 vult
629 2498 840 2551 conjungi
871 2513 991 2547 vero,
1026 2506 1071 2540 et
1109 2513 1167 2540 ex
1200 2513 1253 2540 eo
1290 2500 1581 2553 spiritualiter
1612 2501 1794 2551 nutriri3
1836 2501 1900 2541 ita

416 2562 555 2602 etiam
581 2562 823 2614 reciproce.

495 2637 619 2682 742.
659 2629 898 2681 “Projeotus
922 2633 989 2669 est
1009 2629 1048 2668 in
1073 2633 1240 2676 tert-am,
1266 2633 1310 2669 et
1330 2629 1468 2683 angeli
1487 2629 1576 2683 ejus
1600 2643 1690 2670 cum
1718 2630 1785 2671 illo
1802 2642 1899 2683 pro·

406 2691 518 2744 jacti
539 2691 866 2743 suni.''—Quod
902 2691 1129 2744 significet
1161 2692 1280 2744 quod
1305 2692 1424 2732 mala
1459 2692 1542 2732 illa
1574 2698 1617 2732 et
1633 2692 1769 2744 falsa
1797 2693 1901 2733 inde

416 2754 628 2793 damnata
653 2752 744 2792 sint
768 2752 953 2804 inferno,
982 2759 1164 2793 constat
1197 2767 1255 2793 ex
1282 2752 1612 2805 significatione
1638 2753 1828 2806 “projici
1853 2755 1897 2794 in

415 2813 624 2861 terram,”
650 2813 771 2866 quod
802 2815 859 2853 sit
891 2815 1090 2866 separari
1115 2827 1141 2854 a
1166 2813 1309 2861 caelo,
1338 2827 1388 2854 ac
1414 2814 1619 2854 damnari
1644 2814 1819 2854 inferno
1845 2825 1900 2864 (de

415 2893 480 2920 qua
501 2884 684 2923 sequitur);
733 2879 779 2913 et
823 2887 881 2913 ex
925 2873 1258 2925 significatione
1301 2873 1606 2926 “angelorum
1646 2873 1898 2922 draconis‚‘'

415 2935 534 2988 quod
567 2936 656 2975 sint
688 2934 800 2975 falsa
835 2934 931 2988 [ex]
966 2935 1100 2982 malo,
1129 2935 1248 2988 quod
1280 2948 1358 2987 per
1386 2935 1701 2976 “draconem’'
1727 2934 1896 2988 signifi-

416 3004 571 3049 catur;
614 3011 692 3051 per
726 2997 951 3050 “angelos
989 2997 1133 3038 caeli’'
1166 2998 1284 3038 enim
1321 2998 1364 3037 in
1397 2997 1550 3038 Verbo
1588 2997 1898 3050 significantur
