2054 3464
380 346 492 388 2060
790 357 1121 392 APOCALYPSIS
1152 360 1449 394 EXPLICATA.

378 470 560 510 tametsi
592 469 796 511 doctrina
828 470 1018 519 illorum,
1047 465 1159 525 quae
1191 479 1259 514 est
1292 472 1509 514 Doctrina
1541 474 1780 517 Athanasii
1805 475 1863 518 de

377 532 612 581 Trinitate,
641 534 760 574 aliud
787 534 947 584 docet;
986 535 1096 576 haec
1126 537 1243 576 enim
1271 537 1405 577 docet
1433 538 1551 590 quod
1580 538 1789 579 Divinum
1814 545 1861 580 et

379 593 635 636 Humanum
678 598 736 637 sit
781 597 907 637 unita
948 597 1155 646 Persona,
1197 612 1248 639 ac
1294 605 1530 652 utrumque
1571 613 1706 640 unum
1746 601 1860 642 sicut

375 658 522 698 anima
548 665 593 699 et
621 672 806 711 corpus:
840 659 1047 700 consulat
1074 661 1258 714 quisque
1286 675 1437 702 eorum
1465 669 1621 711 semet,
1647 669 1692 703 et
1719 664 1860 716 perci-

375 720 466 771 piet
498 721 618 774 quod
650 722 752 762 talis
785 723 846 762 eis
879 723 980 763 idea
1011 723 1066 763 de
1099 723 1294 764 Domino
1321 726 1389 764 sit.
1452 725 1525 764 Ex
1559 725 1624 765 his
1651 732 1860 766 constare

374 789 528 834 potest
560 785 664 837 quid
697 785 964 838 intelligitur
995 800 1072 839 per
1100 786 1407 827 “Michaelem
1434 795 1479 828 et
1512 788 1698 840 angelos
1729 788 1860 841 ejus‚”

374 846 446 898 qui
473 860 572 886 curn
599 847 795 888 dracone
822 855 1106 901 pugnarunt;
1145 850 1264 902 quod
1292 864 1453 902 nempe
1486 851 1548 891 illi
1580 852 1652 904 qui
1686 849 1859 892 Huma-

374 921 479 948 num
503 908 684 950 Domini
710 910 920 951 Divinum
943 919 1211 963 agnoscunt,
1237 919 1282 952 et
1309 914 1381 965 qui
1408 927 1488 965 pro
1510 914 1601 953 vita
1624 915 1787 954 amoris
1812 921 1859 956 et

373 970 604 1011 charitatis
632 979 762 1023 sunt;
802 987 904 1013 nam
932 974 1004 1027 qui
1037 987 1116 1026 pro
1142 975 1224 1015 hac
1252 982 1369 1023 sunt,
1399 989 1488 1016 non
1516 982 1703 1028 possunt
1729 976 1861 1018 aliter

373 1047 505 1086 quam
543 1048 788 1087 agnoscere
827 1036 1038 1076 Divinum
1078 1037 1337 1077 Humanum
1378 1038 1572 1087 Domini,
1612 1053 1670 1079 ex
1709 1052 1882 1088 causa„

373 1096 474 1148 quia
499 1096 661 1151 alioqui
685 1111 774 1138 non
800 1099 843 1138 in
870 1098 1018 1152 aliquo
1044 1113 1195 1140 amore
1221 1101 1263 1139 in
1292 1100 1548 1149 Dominum,
1573 1108 1618 1142 et
1645 1102 1748 1142 inde
1775 1114 1857 1142 nec

371 1158 414 1197 in
443 1159 661 1200 charitate
689 1174 795 1213 erga
821 1162 1076 1213 proximum
1099 1169 1287 1214 possunt
1314 1177 1436 1213 esse;
1470 1163 1580 1204 haec
1607 1164 1724 1204 enim
1750 1163 1857 1204 cha-

371 1221 478 1260 ritas
510 1228 555 1261 et
587 1222 660 1262 ille
693 1236 818 1263 amor
849 1230 917 1264 est
949 1225 1077 1264 unice
1107 1238 1132 1264 a
1158 1224 1321 1264 Divino
1350 1225 1561 1265 Humano
1589 1226 1782 1275 Domini,
1811 1232 1857 1267 et

372 1297 461 1324 non
488 1298 513 1324 a
538 1284 701 1325 Divino
723 1293 931 1338 separato
954 1287 1010 1326 ab
1034 1286 1246 1327 Humano
1270 1288 1426 1340 Ipsius,
1453 1302 1533 1328 nec
1560 1302 1619 1328 ex
1643 1288 1857 1330 Humano

371 1353 580 1399 separato
607 1362 632 1388 a
659 1348 822 1389 Divino
850 1350 1018 1402 Ipsius;
1057 1364 1191 1403 quare
1218 1351 1353 1390 etiam
1380 1357 1618 1404 postquam
1648 1350 1856 1404 “projec-

372 1417 443 1450 tus
470 1416 539 1450 est
564 1411 699 1452 draco
724 1412 768 1451 in
796 1419 961 1452 terram
989 1426 1088 1453 cum
1115 1413 1287 1466 angelis
1314 1414 1444 1465 ejus,’‘
1469 1429 1560 1454 vox
1587 1413 1707 1455 dieta
1732 1421 1801 1456 est
1833 1429 1857 1456 e

372 1472 511 1521 caelo,
544 1473 712 1514 “Nunc
744 1473 861 1515 facta
893 1481 962 1515 est
994 1475 1126 1524 salus,
1155 1483 1201 1516 et
1233 1477 1452 1528 potentia,
1480 1484 1525 1517 et
1557 1490 1746 1530 regnum
1773 1476 1856 1518 Dei

372 1536 527 1583 nostri,
553 1542 598 1576 et
625 1543 830 1588 potestas
857 1537 1023 1578 Christi
1048 1538 1190 1590 Ipsius
1204 1538 1222 1552 '’
1248 1537 1379 1591 (vers.
1409 1538 1491 1593 10).
1553 1539 1627 1580 Ex
1654 1539 1721 1580 his
1747 1553 1854 1581 con-

371 1591 491 1638 stare
522 1605 675 1651 potest
708 1600 811 1652 quid
843 1613 921 1652 per
949 1604 973 1620 “
991 1600 1259 1641 Michaelem
1286 1607 1331 1641 et
1358 1602 1546 1654 angelos
1575 1602 1666 1655 ejus
1679 1602 1697 1617 ’'
1722 1603 1856 1644 intel-

371 1658 534 1713 ligitur.
611 1661 745 1714 Quod
787 1662 1057 1703 Michaelem
1093 1663 1137 1703 in
1175 1665 1321 1715 specie
1364 1665 1619 1715 concernit;
1662 1665 1857 1706 creditur

370 1737 429 1763 ex
461 1737 593 1764 sensu
621 1725 798 1765 litterae
831 1725 949 1778 quod
982 1726 1039 1766 sit
1071 1739 1182 1765 unus
1214 1740 1272 1766 ex
1306 1727 1614 1779 archangelis;
1653 1727 1732 1767 sed
1765 1741 1855 1768 non

370 1793 439 1826 est
484 1787 642 1839 aliquis
687 1787 986 1840 archangelus
1030 1789 1074 1828 in
1120 1788 1279 1828 caelis:
1333 1795 1436 1829 sunt
1482 1789 1662 1842 quidem
1707 1789 1856 1842 angeli

370 1850 621 1901 superiores
649 1856 693 1890 et
720 1850 961 1898 inferiores,
990 1856 1086 1891 tum
1113 1852 1406 1903 sapientiores
1437 1853 1579 1904 magis
1611 1859 1656 1893 et
1683 1853 1853 1902 minus;

369 1919 415 1952 et
456 1927 632 1966 quoque
677 1914 720 1953 in
766 1914 1059 1954 societatibus
1100 1914 1362 1966 angelorum
1403 1921 1506 1955 sunt
1543 1915 1855 1971 moderatores

368 1975 547 2028 reliquis
573 1976 632 2015 ibi
659 1974 895 2028 praefe&i;
934 1976 1013 2016 sed
1046 1990 1183 2029 usque
1216 1990 1303 2016 non
1336 1984 1439 2016 sunt
1471 1978 1743 2030 archangeli,
1771 1978 1854 2019 sub

369 2051 552 2090 quorum
582 2038 840 2078 obedientia
866 2053 925 2078 ex
958 2038 1107 2092 aliquo
1135 2039 1320 2078 arbitrio
1346 2046 1496 2089 stant;
1536 2039 1626 2080 tale
1653 2041 1852 2093 regimen

368 2113 457 2140 non
491 2101 622 2141 datur
652 2102 695 2140 in
728 2101 877 2150 caelis,
913 2115 1069 2141 omnes
1101 2103 1218 2141 enim
1255 2102 1312 2141 ibi
1352 2115 1440 2141 non
1478 2102 1611 2142 alium
1644 2116 1776 2155 supra
1807 2117 1854 2144 se

368 2163 502 2203 corde
528 2169 782 2215 agnoscunt
809 2177 941 2216 quam
968 2163 1113 2203 solum
1141 2163 1409 2214 Dominum;
1444 2164 1562 2217 quod
1588 2165 1854 2218 intelligitur

368 2238 447 2277 per
473 2225 654 2265 Domini
680 2225 817 2265 verba
843 2226 962 2278 apud
987 2225 1281 2274 Matthaeum,

435 2330 552 2362 “Vos.
568 2331 694 2362 .nolite
719 2331 837 2362 vocari
863 2329 1009 2368 doctor;
1038 2341 1129 2362 unus
1154 2332 1249 2362 enim
1274 2338 1328 2362 est
1353 2338 1472 2363 vester
1497 2330 1641 2370 Doaor,
1667 2332 1853 2370 Christus;

541 2384 667 2405 omnes
688 2381 805 2405 autem
827 2385 892 2405 vos
913 2375 1039 2406 fratres
1060 2375 1155 2406 estis.
1205 2375 1248 2406 Et
1269 2382 1404 2414 patrem
1426 2385 1469 2406 ne
1486 2376 1621 2407 vocetis
1638 2382 1795 2407 vestrum
1815 2377 1852 2408 in

541 2424 634 2449 terra
649 2428 655 2454 ;
681 2428 772 2449 unus
790 2428 942 2458 namque
960 2425 1014 2449 est
1033 2418 1138 2449 Pater
1154 2426 1272 2449 vester
1289 2419 1346 2459 qui
1365 2419 1399 2449 in
1418 2419 1522 2449 caelis
1540 2425 1603 2450 est.
1651 2419 1774 2460 Neque
1791 2429 1855 2451 vo·

542 2462 669 2492 cemini
688 2462 848 2501 magistri
864 2471 870 2498 ;
896 2472 986 2493 unus
1005 2462 1099 2492 enim
1118 2468 1235 2493 vester
1252 2469 1305 2492 est
1324 2462 1505 2501 Magister,
1521 2461 1693 2494 Christus.
1740 2463 1825 2504 Qui.
1839 2487 1848 2495 .

541 2505 716 2536 maximus
734 2511 788 2536 est
805 2512 972 2543 vestrum,
991 2506 1056 2536 erit
1074 2506 1235 2536 minister
1252 2512 1369 2536 vester
1381 2505 1399 2516 ''
1416 2505 1523 2545 (xxiii.
1543 2505 1659 2544 8—11):

368 2623 445 2662 per
476 2609 576 2649 illos
608 2616 759 2649 autem
791 2606 979 2662 angelos
1006 2610 1079 2662 qui
1111 2610 1398 2649 nominantur
1428 2610 1471 2648 in
1498 2601 1665 2657 Verbo,
1695 2615 1743 2650 ut
1775 2623 1854 2662 per

370 2671 709 2712 “Michaelem'’
741 2678 786 2711 et
827 2671 1185 2724 “Raphaelem,''
1216 2671 1528 2723 intelliguntur
1565 2671 1851 2712 administra-

367 2735 514 2775 tiones
545 2741 591 2774 et
622 2732 885 2781 functiones,
915 2742 959 2774 et
992 2735 1035 2774 in
1067 2747 1231 2786 genere
1264 2740 1413 2786 partes
1445 2733 1773 2774 determinatae
1806 2739 1852 2774 et

367 2804 516 2838 certae
549 2797 948 2837 administrationis
985 2803 1030 2837 et
1062 2795 1298 2837 functionis
1330 2797 1527 2836 omnium
1559 2796 1850 2848 angelorum;

367 2874 501 2912 quare
527 2861 597 2900 hic
625 2873 703 2911 per
727 2859 1064 2899 “Michaelem'’
1086 2858 1351 2911 intelligitur
1377 2859 1420 2898 id
1446 2856 1683 2898 functionis
1710 2871 1850 2911 ange-

367 2924 510 2963 lorum
537 2923 656 2976 quod
688 2936 819 2974 supra
844 2921 1015 2962 dictum
1041 2929 1124 2970 est,
1154 2935 1313 2974 nempe
1340 2922 1539 2961 defensio
1565 2921 1680 2961 illius
1709 2922 1848 2973 partis

367 2984 596 3026 doctrinae
623 2999 681 3025 ex
708 2985 863 3025 Verbo
895 2985 1013 3038 quod
1042 2985 1299 3041 Humanum
1329 2984 1509 3024 Domini
1537 2984 1747 3023 Divinum
1774 2984 1846 3032 sit,
