2008 3458
441 395 553 438 2394
854 393 1184 445 APOCALYPSIS
1214 374 1512 427 EXPLICATA.

441 512 510 546 est
551 505 669 559 quod
710 505 782 559 qui
814 519 902 547 non
929 512 1182 559 agnoscunt
1209 506 1419 547 Divinum
1444 506 1702 547 Humanum
1725 505 1920 556 Domini,

441 576 486 609 et
519 582 606 608 non
638 570 794 609 vivunt
826 569 1072 609 secundum
1104 575 1345 622 praecepta
1377 570 1519 622 Ipsius
1555 569 1598 609 in
1631 568 1799 618 Verbo,
1832 581 1921 610 non

442 631 687 670 consociari
714 631 886 684 possint
911 630 1084 684 angelis
1115 631 1239 672 caeli.
1302 631 1433 684 Quod
1460 632 1522 672 ita
1553 632 1624 679 sit,
1653 632 1920 672 constiterat

441 693 546 732 mihi
579 707 637 732 ex
669 692 810 733 multa
841 694 1148 746 experientia:
1190 693 1365 734 fuerunt
1397 695 1470 747 qui
1510 694 1566 734 de
1604 693 1800 734 Domino
1831 706 1921 735 non

442 755 571 794 aliter
592 768 725 807 quam
748 756 860 796 sicut
883 756 938 796 de
960 755 1047 796 alio
1069 755 1250 796 homine
1275 757 1602 809 cogitaverunt,
1623 762 1668 796 et
1694 756 1767 809 qui
1788 754 1922 796 fidem

443 817 718 864 hodiernam,
752 831 865 870 quae
897 824 965 858 est
997 817 1107 858 fides
1138 819 1397 871 cogitativa,
1422 818 1590 871 absque
1621 817 1770 870 aliquo
1801 817 1922 859 bono

442 880 561 919 vitae
579 880 789 920 vixerunt
808 894 816 929 ;
849 880 892 920 hi
914 881 1016 934 quia
1037 880 1321 937 crediderunt
1343 880 1463 934 quod
1481 881 1573 921 vita
1594 886 1780 920 aeterna
1801 886 1922 921 esset

444 942 579 982 modo
601 943 842 983 intromitti
864 944 906 983 in
931 943 1117 991 caelum,
1133 943 1235 983 ideo
1253 944 1388 983 etiam
1406 957 1465 983 ex
1484 949 1643 995 optato
1665 943 1708 983 in
1729 943 1924 997 aliquam

445 1005 710 1044 societatem
741 1006 922 1046 admissi
948 1012 1078 1056 sunt;
1115 1005 1194 1046 sed
1226 1012 1274 1046 ut
1306 1006 1494 1058 primum
1521 1005 1598 1045 lux
1631 1004 1742 1046 caeli
1767 1003 1924 1046 oculos

443 1067 618 1107 illorum
651 1068 848 1117 strinxit,
882 1074 1127 1121 coeperunt
1164 1068 1310 1121 quoad
1342 1069 1483 1108 visum
1524 1074 1570 1108 et
1609 1067 1738 1108 simul
1777 1068 1925 1122 quoad

444 1128 722 1170 intellectum
748 1144 926 1184 prorsus
952 1132 1190 1179 obscurari,
1219 1144 1268 1171 ac
1301 1131 1343 1170 in
1377 1138 1604 1183 stuporem
1636 1143 1687 1171 ac
1719 1131 1762 1171 in
1793 1130 1924 1172 satui-

444 1199 587 1234 tatem
614 1193 798 1244 cadere;
831 1200 877 1234 et
903 1206 1004 1234 cum
1036 1193 1158 1234 calor
1183 1193 1294 1234 caeli
1325 1193 1425 1234 illos
1456 1192 1653 1242 afflabat,
1678 1199 1924 1247 coeperunt

446 1256 541 1296 diro
582 1256 716 1296 modo
762 1257 957 1306 cruciari,
1001 1262 1046 1296 et
1087 1257 1234 1309 quoad
1275 1262 1409 1308 caput
1453 1262 1499 1297 et
1540 1256 1686 1309 quoad
1726 1256 1926 1297 membra

445 1318 558 1358 sicut
576 1323 808 1370 serpentes
826 1319 1110 1372 contorqueri
1129 1333 1137 1368 ;
1165 1332 1299 1371 quare
1322 1332 1368 1358 se
1391 1319 1599 1359 deorsum
1621 1318 1923 1371 conjecerunt,

442 1380 696 1432 pejerantes
719 1381 837 1433 quod
863 1381 1027 1421 intrare
1054 1380 1242 1429 caelum,
1268 1381 1350 1421 nisi
1375 1381 1418 1421 in
1445 1380 1542 1422 luce
1568 1387 1614 1422 et
1641 1381 1788 1423 calore
1813 1382 1926 1423 caeli

448 1444 550 1488 sint,
570 1449 689 1483 esset
714 1442 799 1482 illis
821 1443 1064 1493 infernum;
1097 1449 1144 1483 et
1171 1443 1290 1496 quod
1312 1443 1580 1484 nesciverint
1607 1443 1726 1497 quod
1751 1443 1924 1485 caelum

448 1505 585 1544 cuivis
616 1506 672 1545 sit
713 1519 770 1545 ex
804 1518 955 1546 amore
993 1511 1038 1545 et
1075 1505 1178 1545 inde
1215 1504 1315 1554 fide,
1349 1519 1426 1546 seu
1461 1519 1519 1546 ex
1551 1506 1644 1546 vita
1683 1505 1927 1547 secundum

447 1574 689 1620 praecepta
722 1567 902 1608 Domini
939 1569 982 1608 in
1014 1567 1181 1617 Verbo,
1218 1574 1264 1608 et
1300 1583 1359 1608 ex
1393 1567 1478 1608 fide
1511 1568 1554 1608 in
1586 1568 1843 1617 Dominum,
1880 1575 1927 1610 et

449 1643 625 1682 prorsus
663 1643 752 1671 non
785 1644 843 1670 ex
878 1629 963 1671 fide
996 1631 1162 1683 absque
1193 1631 1286 1671 vita
1320 1630 1435 1679 fidei,
1469 1645 1581 1684 quae
1622 1637 1690 1672 est
1721 1631 1927 1672 charitas:

450 1692 603 1732 Paucis
625 1693 796 1733 dicetur
819 1693 921 1745 quid
943 1696 966 1713 “
981 1693 1198 1745 primitiae
1213 1692 1232 1708 '’
1250 1694 1292 1733 in
1311 1693 1465 1734 Verbo
1487 1691 1766 1745 significant:
1802 1694 1927 1747 “pri-

449 1754 630 1794 mitiae'’
656 1754 908 1807 significant
941 1755 1099 1796 similia
1131 1769 1243 1808 quae
1268 1756 1605 1808 “primogenita
1625 1755 1658 1806 ;”
1689 1756 1768 1796 sed
1803 1757 1927 1810 “pri-

451 1817 715 1870 mogenita”
755 1818 962 1858 dicuntur
1003 1818 1058 1858 de
1103 1818 1380 1866 animalibus,
1423 1818 1502 1858 sed
1546 1818 1834 1871 “primitiae”
1873 1819 1928 1860 de

450 1880 796 1933 vegetabilibus3
823 1881 886 1920 ita
901 1883 926 1900 “
939 1880 1267 1933 primogenita''
1280 1887 1382 1921 sunt
1401 1894 1512 1934 quae
1531 1882 1720 1934 primum
1738 1895 1928 1924 nascun-

450 1950 533 1989 tur,
558 1950 602 1983 et
628 1943 884 1995 “primitiae
896 1942 915 1957 ’'
941 1957 1053 1996 quae
1079 1949 1182 1983 sunt
1209 1957 1266 1983 ex
1291 1944 1440 1996 primis
1462 1957 1573 1997 quae
1597 1945 1927 1996 producuntur3

449 2019 499 2046 ac
528 2013 712 2058 utraque
739 2005 991 2058 significant
1019 2006 1185 2046 bonum
1211 2005 1438 2058 spirituale
1461 2007 1650 2058 primum
1673 2006 1926 2056 formatum,

451 2069 569 2121 quod
591 2069 633 2108 in
657 2082 703 2108 se
726 2075 794 2108 est
817 2081 970 2108 verum
993 2082 1050 2108 ex
1074 2068 1193 2108 bono
1216 2068 1333 2121 quod
1356 2082 1381 2108 a
1403 2068 1611 2109 Domino.
1665 2069 1766 2111 Hoc
1789 2070 1927 2112 trahit

451 2132 668 2183 originem
700 2145 758 2171 ex
791 2145 859 2179 eo,
887 2130 1167 2183 quodssbinae
1199 2137 1373 2171 mentes
1405 2131 1520 2184 apud
1552 2131 1779 2173 hominem
1811 2133 1927 2183 sint3

451 2207 576 2234 mens
603 2193 816 2234 naturalis
842 2200 887 2234 et
915 2207 1040 2233 mens
1067 2193 1330 2245 spiritualis:
1364 2208 1421 2234 ex
1441 2193 1537 2234 sola
1559 2201 1710 2235 mente
1737 2195 1930 2236 naturali

453 2270 542 2296 non
566 2257 822 2308 producitur
845 2257 925 2296 nisi
951 2255 1117 2296 malum
1143 2262 1188 2296 et
1214 2256 1317 2296 inde
1342 2256 1524 2306 falsum;
1556 2257 1635 2297 sed
1666 2263 1714 2298 ut
1740 2258 1930 2310 primum

455 2333 580 2359 mens
607 2318 844 2370 spiritualis
870 2325 1026 2370 aperta
1052 2325 1134 2366 est,
1159 2324 1266 2358 tunc
1294 2318 1551 2370 producitur
1571 2319 1736 2360 bonum
1758 2326 1804 2361 et
1826 2320 1929 2361 inde

452 2395 630 2432 verum;
663 2382 747 2422 hoc
773 2381 892 2434 quod
917 2382 1104 2433 primum
1131 2381 1388 2433 producitur
1414 2381 1678 2435 intelligitur
1702 2396 1782 2435 per
1799 2386 1824 2404 ‘⁴
1839 2383 1928 2436 pri-

454 2443 761 2497 mogenitum”
793 2451 837 2484 et
875 2457 952 2496 per
986 2443 1276 2496 “primitias”
1345 2443 1405 2483 Et
1442 2444 1542 2496 quia
1578 2446 1726 2485 omnia
1757 2459 1869 2499 quae
1907 2460 1931 2486 e

455 2513 606 2547 mente
638 2506 852 2558 spirituali
889 2512 1132 2546 nascuntur
1167 2512 1212 2546 et
1254 2506 1570 2558 producuntur,
1605 2520 1694 2547 non
1735 2514 1839 2549 sunt
1874 2508 1931 2549 ab

454 2570 632 2609 homine
665 2569 743 2609 sed
775 2583 800 2608 a
831 2569 1040 2616 Domino,
1065 2568 1166 2608 ideo
1192 2567 1267 2608 illa
1293 2567 1686 2609 san&ificabantur
1711 2569 1927 2622 Jehovae,

453 2633 537 2672 hoc
560 2639 642 2680 est,
664 2632 872 2679 Domino,
889 2645 948 2671 ex
971 2644 1103 2671 causa
1120 2631 1221 2684 quia
1239 2630 1381 2682 Ipsius
1399 2637 1540 2680 erant,
1557 2637 1602 2671 et
1620 2631 1723 2672 inde
1746 2630 1901 2673 san&a
1920 2646 1928 2672 :

453 2702 499 2735 et
531 2695 630 2747 quia
661 2694 801 2746 primo
839 2700 994 2733 natum
1031 2700 1107 2733 aut
1139 2691 1403 2745 productum
1435 2693 1656 2746 significat
1697 2695 1846 2734 omnia
1887 2695 1930 2734 in

454 2758 564 2797 serie
587 2757 832 2810 sequentia,
852 2757 964 2796 sicut
992 2756 1084 2796 dux
1113 2755 1337 2808 populum,
1357 2762 1402 2796 et
1429 2763 1582 2808 pastor
1607 2769 1805 2808 gregem,
1830 2757 1932 2797 ideo

454 2833 531 2872 per
556 2819 598 2859 id
622 2819 740 2871 quod
769 2819 1105 2871 “primogenita
1131 2831 1181 2858 ac
1209 2810 1425 2870 primitiae
1452 2818 1557 2858 data
1582 2818 1740 2859 fuerint
1773 2819 1930 2859 Domi-

455 2882 542 2922 no”
569 2881 902 2934 significabatur
926 2882 1044 2934 quod
1069 2882 1218 2921 omnia
1243 2881 1410 2934 reliqua
1435 2882 1570 2921 etiam
1598 2881 1740 2934 Ipsius
1763 2888 1930 2922 essent.

456 2944 545 2984 Sed
577 2951 624 2984 ut
656 2945 739 2984 hoc
767 2938 911 2984 adhuc
945 2944 1101 2984 clarius
1128 2944 1171 2983 in
1203 2942 1481 2983 intelle5h1m
1507 2943 1931 2990 veniat,‘sciendum

456 3012 525 3047 est
551 3007 670 3059 quod
703 3019 828 3046 mens
861 3020 980 3046 mere
1013 3006 1226 3046 naturalis
1258 3006 1314 3046 sit
1336 3006 1391 3046 ad
1424 3006 1568 3046 ideam
1588 3020 1668 3053 ⁴seu
1691 3006 1930 3059 imaginem
