<?xml version="1.0" encoding="UTF-8"?>
<!DOCTYPE html PUBLIC "-//W3C//DTD XHTML 1.0 Transitional//EN"
    "http://www.w3.org/TR/xhtml1/DTD/xhtml1-transitional.dtd">
<html xmlns="http://www.w3.org/1999/xhtml" xml:lang="en" lang="en">
 <head>
  <title>
</title>
<meta http-equiv="Content-Type" content="text/html;charset=utf-8" />
  <meta name='ocr-system' content='tesseract 3.04.00' />
  <meta name='ocr-capabilities' content='ocr_page ocr_carea ocr_par ocr_line ocrx_word'/>
</head>
<body>
  <div class='ocr_page' id='page_1' title='image "apocalypsisexpli04sweduoft_0377.png"; bbox 0 0 2008 3458; ppageno 0'>
   <div class='ocr_carea' id='block_1_1' title="bbox 591 376 1746 457">
    <p class='ocr_par' dir='ltr' id='par_1_1' title="bbox 591 376 1746 457">
     <span class='ocr_line' id='line_1_1' title="bbox 591 376 1746 457; baseline 0.002 -15"><span class='ocrx_word' id='word_1_1' title='bbox 591 410 697 443; x_wconf 83' lang='lat' dir='ltr'>CAP.</span> <span class='ocrx_word' id='word_1_2' title='bbox 722 376 846 451; x_wconf 64' lang='lat' dir='ltr'>xm„</span> <span class='ocrx_word' id='word_1_3' title='bbox 870 410 1008 443; x_wconf 83' lang='lat' dir='ltr'>VERS.</span> <span class='ocrx_word' id='word_1_4' title='bbox 1037 410 1208 443; x_wconf 87' lang='lat' dir='ltr'>11.—N.</span> <span class='ocrx_word' id='word_1_5' title='bbox 1233 399 1400 456; x_wconf 82' lang='lat' dir='ltr'><em>815[b].</em></span> <span class='ocrx_word' id='word_1_6' title='bbox 1631 412 1746 457; x_wconf 80' lang='lat'><em>2279</em></span> 
     </span>
    </p>
   </div>
   <div class='ocr_carea' id='block_1_2' title="bbox 308 523 1744 610">
    <p class='ocr_par' dir='ltr' id='par_1_2' title="bbox 308 523 1744 610">
     <span class='ocr_line' id='line_1_2' title="bbox 308 523 1744 567; baseline 0 -9"><span class='ocrx_word' id='word_1_7' title='bbox 308 523 415 565; x_wconf 71' lang='lat' dir='ltr'>Iesus</span> <span class='ocrx_word' id='word_1_8' title='bbox 437 524 482 557; x_wconf 83' lang='lat' dir='ltr'>ad</span> <span class='ocrx_word' id='word_1_9' title='bbox 499 533 642 557; x_wconf 89' lang='lat' dir='ltr'>caecum</span> <span class='ocrx_word' id='word_1_10' title='bbox 663 524 761 563; x_wconf 82' lang='lat' dir='ltr'>dixit,</span> <span class='ocrx_word' id='word_1_11' title='bbox 781 524 915 557; x_wconf 72' lang='lat' dir='ltr'>“l-&#39;ides</span> <span class='ocrx_word' id='word_1_12' title='bbox 940 530 1001 556; x_wconf 89' lang='lat' dir='ltr'>tua</span> <span class='ocrx_word' id='word_1_13' title='bbox 1024 525 1166 558; x_wconf 87' lang='lat' dir='ltr'>salvum</span> <span class='ocrx_word' id='word_1_14' title='bbox 1191 531 1225 558; x_wconf 86' lang='lat' dir='ltr'>te</span> <span class='ocrx_word' id='word_1_15' title='bbox 1249 525 1346 565; x_wconf 80' lang='lat' dir='ltr'>feeit,</span> <span class='ocrx_word' id='word_1_16' title='bbox 1365 530 1402 559; x_wconf 88' lang='lat' dir='ltr'>et</span> <span class='ocrx_word' id='word_1_17' title='bbox 1425 524 1606 567; x_wconf 81' lang='lat' dir='ltr'>extemplo</span> <span class='ocrx_word' id='word_1_18' title='bbox 1624 525 1744 558; x_wconf 87' lang='lat' dir='ltr'>videre</span> 
     </span>
     <span class='ocr_line' id='line_1_3' title="bbox 419 567 854 610; baseline 0.002 -10"><span class='ocrx_word' id='word_1_19' title='bbox 419 567 563 610; x_wconf 86' lang='lat' dir='ltr'>potuit”</span> <span class='ocrx_word' id='word_1_20' title='bbox 582 568 691 609; x_wconf 88' lang='lat' dir='ltr'>(xviii.</span> <span class='ocrx_word' id='word_1_21' title='bbox 711 576 764 608; x_wconf 90' lang='lat'>42,</span> <span class='ocrx_word' id='word_1_22' title='bbox 778 570 854 608; x_wconf 87' lang='lat'>43):</span> 
     </span>
    </p>
   </div>
   <div class='ocr_carea' id='block_1_3' title="bbox 119 616 197 670">
    <p class='ocr_par' dir='ltr' id='par_1_3' title="bbox 119 616 197 670">
     <span class='ocr_line' id='line_1_4' title="bbox 134 616 197 640; baseline -0.032 -9"><span class='ocrx_word' id='word_1_23' title='bbox 134 616 197 640; x_wconf 40' lang='lat' dir='ltr'>1¹7¹st</span> 
     </span>
     <span class='ocr_line' id='line_1_5' title="bbox 119 644 196 670; baseline 0.013 -13"><span class='ocrx_word' id='word_1_24' title='bbox 119 660 123 663; x_wconf 44' lang='grc' dir='ltr'><em>ι</em></span> <span class='ocrx_word' id='word_1_25' title='bbox 131 649 150 670; x_wconf 58' lang='lat'>“⁴</span> <span class='ocrx_word' id='word_1_26' title='bbox 159 647 174 660; x_wconf 57' lang='grc' dir='ltr'>,η</span> <span class='ocrx_word' id='word_1_27' title='bbox 192 644 196 658; x_wconf 72' lang='lat'>3</span> 
     </span>
    </p>
   </div>
   <div class='ocr_carea' id='block_1_4' title="bbox 134 650 610 710">
    <p class='ocr_par' dir='ltr' id='par_1_4' title="bbox 134 650 610 710">
     <span class='ocr_line' id='line_1_6' title="bbox 134 650 610 710; baseline 0 -18"><span class='ocrx_word' id='word_1_28' title='bbox 134 676 150 707; x_wconf 62' lang='lat'><strong>3</strong></span> <span class='ocrx_word' id='word_1_29' title='bbox 163 659 194 710; x_wconf 47' lang='lat'>⁹.)-</span> <span class='ocrx_word' id='word_1_30' title='bbox 242 650 364 706; x_wconf 76' lang='lat' dir='ltr'>apud</span> <span class='ocrx_word' id='word_1_31' title='bbox 387 650 610 700; x_wconf 77' lang='lat' dir='ltr'>Marcum,</span> 
     </span>
    </p>
   </div>
   <div class='ocr_carea' id='block_1_5' title="bbox 124 725 1746 899">
    <p class='ocr_par' dir='ltr' id='par_1_5' title="bbox 123 722 1746 899">
     <span class='ocr_line' id='line_1_7' title="bbox 306 725 1746 770; baseline 0 -11"><span class='ocrx_word' id='word_1_32' title='bbox 306 725 413 770; x_wconf 81' lang='lat' dir='ltr'>Jesus</span> <span class='ocrx_word' id='word_1_33' title='bbox 428 726 520 759; x_wconf 82' lang='lat' dir='ltr'><strong>dixit</strong></span> <span class='ocrx_word' id='word_1_34' title='bbox 537 727 583 759; x_wconf 88' lang='lat' dir='ltr'>ad</span> <span class='ocrx_word' id='word_1_35' title='bbox 599 726 804 768; x_wconf 84' lang='lat' dir='ltr'>discipulos,</span> <span class='ocrx_word' id='word_1_36' title='bbox 826 736 906 758; x_wconf 90' lang='lat' dir='ltr'>cum</span> <span class='ocrx_word' id='word_1_37' title='bbox 931 736 1004 758; x_wconf 87' lang='lat' dir='ltr'>non</span> <span class='ocrx_word' id='word_1_38' title='bbox 1026 737 1154 765; x_wconf 86' lang='lat' dir='ltr'>sanare</span> <span class='ocrx_word' id='word_1_39' title='bbox 1171 733 1365 768; x_wconf 80' lang='lat' dir='ltr'>potuerunt</span> <span class='ocrx_word' id='word_1_40' title='bbox 1384 727 1535 769; x_wconf 80' lang='lat' dir='ltr'>alicujus</span> <span class='ocrx_word' id='word_1_41' title='bbox 1553 727 1660 760; x_wconf 90' lang='lat' dir='ltr'>filiam</span> <span class='ocrx_word' id='word_1_42' title='bbox 1681 728 1746 759; x_wconf 90' lang='lat' dir='ltr'>ha-</span> 
     </span>
     <span class='ocr_line' id='line_1_8' title="bbox 124 770 1746 812; baseline 0.001 -10"><span class='ocrx_word' id='word_1_43' title='bbox 124 783 126 790; x_wconf 93' lang='lat'>·</span> <span class='ocrx_word' id='word_1_44' title='bbox 163 770 186 791; x_wconf 66' lang='lat'>²³·</span> <span class='ocrx_word' id='word_1_45' title='bbox 417 771 562 803; x_wconf 85' lang='lat' dir='ltr'>bentem</span> <span class='ocrx_word' id='word_1_46' title='bbox 577 771 741 812; x_wconf 87' lang='lat' dir='ltr'>spiritum</span> <span class='ocrx_word' id='word_1_47' title='bbox 757 778 892 802; x_wconf 88' lang='lat' dir='ltr'>mutum</span> <span class='ocrx_word' id='word_1_48' title='bbox 908 780 915 808; x_wconf 88' lang='lat'>;</span> <span class='ocrx_word' id='word_1_49' title='bbox 936 771 990 802; x_wconf 88' lang='lat' dir='ltr'>cui</span> <span class='ocrx_word' id='word_1_50' title='bbox 1004 770 1109 812; x_wconf 89' lang='lat' dir='ltr'>Jesus</span> <span class='ocrx_word' id='word_1_51' title='bbox 1123 772 1222 810; x_wconf 86' lang='lat' dir='ltr'>dixit,</span> <span class='ocrx_word' id='word_1_52' title='bbox 1240 773 1260 786; x_wconf 79' lang='lat'>⁴⁴</span> <span class='ocrx_word' id='word_1_53' title='bbox 1271 771 1307 803; x_wconf 89' lang='lat' dir='ltr'>Si</span> <span class='ocrx_word' id='word_1_54' title='bbox 1321 771 1438 812; x_wconf 88' lang='lat' dir='ltr'>possis</span> <span class='ocrx_word' id='word_1_55' title='bbox 1451 771 1606 808; x_wconf 86' lang='lat' dir='ltr'>credere,</span> <span class='ocrx_word' id='word_1_56' title='bbox 1621 771 1746 803; x_wconf 81' lang='lat' dir='ltr'>omnia</span> 
     </span>
     <span class='ocr_line' id='line_1_9' title="bbox 418 814 1744 856; baseline 0 -10"><span class='ocrx_word' id='word_1_57' title='bbox 418 814 604 855; x_wconf 85' lang='lat' dir='ltr'>possibilia</span> <span class='ocrx_word' id='word_1_58' title='bbox 627 820 711 846; x_wconf 90' lang='lat' dir='ltr'>sunt</span> <span class='ocrx_word' id='word_1_59' title='bbox 734 814 893 846; x_wconf 83' lang='lat' dir='ltr'>credenti</span> <span class='ocrx_word' id='word_1_60' title='bbox 908 825 932 846; x_wconf 93' lang='lat'>:.</span> <span class='ocrx_word' id='word_1_61' title='bbox 947 815 1170 847; x_wconf 86' lang='lat' dir='ltr'>.exclamans</span> <span class='ocrx_word' id='word_1_62' title='bbox 1195 821 1296 856; x_wconf 86' lang='lat' dir='ltr'>pater</span> <span class='ocrx_word' id='word_1_63' title='bbox 1319 816 1419 856; x_wconf 91' lang='lat' dir='ltr'>pueri</span> <span class='ocrx_word' id='word_1_64' title='bbox 1445 825 1524 847; x_wconf 91' lang='lat' dir='ltr'>cum</span> <span class='ocrx_word' id='word_1_65' title='bbox 1550 815 1744 856; x_wconf 88' lang='lat' dir='ltr'>lachrymis</span> 
     </span>
     <span class='ocr_line' id='line_1_10' title="bbox 419 857 1746 899; baseline 0.002 -10"><span class='ocrx_word' id='word_1_66' title='bbox 419 858 520 896; x_wconf 83' lang='lat' dir='ltr'>dixit,</span> <span class='ocrx_word' id='word_1_67' title='bbox 538 857 654 890; x_wconf 87' lang='lat' dir='ltr'>Credo</span> <span class='ocrx_word' id='word_1_68' title='bbox 677 858 832 890; x_wconf 88' lang='lat' dir='ltr'>Domine</span> <span class='ocrx_word' id='word_1_69' title='bbox 849 868 856 896; x_wconf 84' lang='lat'>;</span> <span class='ocrx_word' id='word_1_70' title='bbox 879 857 966 899; x_wconf 84' lang='lat' dir='ltr'>juva</span> <span class='ocrx_word' id='word_1_71' title='bbox 984 868 1102 890; x_wconf 88' lang='lat' dir='ltr'>meam</span> <span class='ocrx_word' id='word_1_72' title='bbox 1120 859 1406 891; x_wconf 81' lang='lat' dir='ltr'>incredulitatem</span> <span class='ocrx_word' id='word_1_73' title='bbox 1422 858 1452 898; x_wconf 88' lang='lat'>;’&#39;</span> <span class='ocrx_word' id='word_1_74' title='bbox 1470 866 1506 891; x_wconf 91' lang='lat' dir='ltr'>et</span> <span class='ocrx_word' id='word_1_75' title='bbox 1525 865 1672 891; x_wconf 81' lang='lat' dir='ltr'>sanatus</span> <span class='ocrx_word' id='word_1_76' title='bbox 1689 865 1746 891; x_wconf 87' lang='lat' dir='ltr'>est</span> 
     </span>
    </p>
   </div>
   <div class='ocr_carea' id='block_1_6' title="bbox 419 901 706 942">
    <p class='ocr_par' dir='ltr' id='par_1_6' title="bbox 419 901 706 942">
     <span class='ocr_line' id='line_1_11' title="bbox 419 901 706 942; baseline 0 -9"><span class='ocrx_word' id='word_1_77' title='bbox 419 901 480 942; x_wconf 85' lang='lat' dir='ltr'>(ix.</span> <span class='ocrx_word' id='word_1_78' title='bbox 500 909 550 941; x_wconf 85' lang='lat'>17,</span> <span class='ocrx_word' id='word_1_79' title='bbox 569 910 620 941; x_wconf 88' lang='lat'>23,</span> <span class='ocrx_word' id='word_1_80' title='bbox 642 903 706 941; x_wconf 89' lang='lat'><strong>24).</strong></span> 
     </span>
    </p>
   </div>
   <div class='ocr_carea' id='block_1_7' title="bbox 84 985 1759 2366">
    <p class='ocr_par' dir='ltr' id='par_1_7' title="bbox 84 978 1759 2366">
     <span class='ocr_line' id='line_1_12' title="bbox 240 985 1741 1042; baseline -0.001 -12.142"><span class='ocrx_word' id='word_1_81' title='bbox 240 985 379 1042; x_wconf 66' lang='lat' dir='ltr'>&#39;Quod</span> <span class='ocrx_word' id='word_1_82' title='bbox 404 986 516 1030; x_wconf 89' lang='lat' dir='ltr'>fides</span> <span class='ocrx_word' id='word_1_83' title='bbox 537 988 582 1029; x_wconf 90' lang='lat' dir='ltr'>in</span> <span class='ocrx_word' id='word_1_84' title='bbox 605 988 852 1029; x_wconf 90' lang='lat' dir='ltr'>Dominum</span> <span class='ocrx_word' id='word_1_85' title='bbox 875 988 1105 1030; x_wconf 85' lang='lat' dir='ltr'>sanaverit</span> <span class='ocrx_word' id='word_1_86' title='bbox 1132 987 1250 1037; x_wconf 88' lang='lat' dir='ltr'>illos,</span> <span class='ocrx_word' id='word_1_87' title='bbox 1274 994 1406 1030; x_wconf 89' lang='lat' dir='ltr'>erant</span> <span class='ocrx_word' id='word_1_88' title='bbox 1433 995 1527 1029; x_wconf 85' lang='lat' dir='ltr'>tres</span> <span class='ocrx_word' id='word_1_89' title='bbox 1549 1001 1741 1029; x_wconf 88' lang='lat' dir='ltr'>causae:</span> 
     </span>
     <span class='ocr_line' id='line_1_13' title="bbox 147 1051 1740 1106; baseline 0 -14"><span class='ocrx_word' id='word_1_90' title='bbox 147 1065 193 1104; x_wconf 58' lang='lat' dir='ltr'>-·gg</span> <span class='ocrx_word' id='word_1_91' title='bbox 235 1051 405 1106; x_wconf 78' lang='lat' dir='ltr'>prima,</span> <span class='ocrx_word' id='word_1_92' title='bbox 438 1051 559 1106; x_wconf 93' lang='lat' dir='ltr'>quod</span> <span class='ocrx_word' id='word_1_93' title='bbox 595 1052 868 1105; x_wconf 85' lang='lat' dir='ltr'><strong>agnoverint</strong></span> <span class='ocrx_word' id='word_1_94' title='bbox 902 1051 1116 1093; x_wconf 87' lang='lat' dir='ltr'>Divinam</span> <span class='ocrx_word' id='word_1_95' title='bbox 1158 1052 1305 1106; x_wconf 86' lang='lat' dir='ltr'>Ipsius</span> <span class='ocrx_word' id='word_1_96' title='bbox 1337 1052 1740 1105; x_wconf 85' lang='lat' dir='ltr'>omnipotentiam,</span> 
     </span>
     <span class='ocr_line' id='line_1_14' title="bbox 112 1106 1742 1169; baseline -0.001 -12"><span class='ocrx_word' id='word_1_97' title='bbox 112 1155 118 1163; x_wconf 73' lang='grc'>,,</span> <span class='ocrx_word' id='word_1_98' title='bbox 136 1106 180 1156; x_wconf 46' lang='lat'>*²3²</span> <span class='ocrx_word' id='word_1_99' title='bbox 240 1119 290 1156; x_wconf 85' lang='lat' dir='ltr'>et</span> <span class='ocrx_word' id='word_1_100' title='bbox 319 1114 442 1169; x_wconf 90' lang='lat' dir='ltr'>quod</span> <span class='ocrx_word' id='word_1_101' title='bbox 472 1114 778 1156; x_wconf 77' lang='lat' dir='ltr'>esset-Deus:</span> <span class='ocrx_word' id='word_1_102' title='bbox 812 1114 1001 1156; x_wconf 78' lang='lat' dir='ltr'>secunda</span> <span class='ocrx_word' id='word_1_103' title='bbox 1032 1121 1146 1164; x_wconf 85' lang='lat' dir='ltr'>erat,</span> <span class='ocrx_word' id='word_1_104' title='bbox 1174 1115 1279 1169; x_wconf 85' lang='lat' dir='ltr'>quia</span> <span class='ocrx_word' id='word_1_105' title='bbox 1309 1114 1420 1156; x_wconf 87' lang='lat' dir='ltr'>fides</span> <span class='ocrx_word' id='word_1_106' title='bbox 1452 1121 1523 1156; x_wconf 90' lang='lat' dir='ltr'>est</span> <span class='ocrx_word' id='word_1_107' title='bbox 1550 1115 1742 1168; x_wconf 86' lang='lat' dir='ltr'>agnitio,</span> 
     </span>
     <span class='ocr_line' id='line_1_15' title="bbox 182 1176 1744 1232; baseline 0.001 -14.954"><span class='ocrx_word' id='word_1_108' title='bbox 182 1186 211 1221; x_wconf 64' lang='grc' dir='ltr'><strong>ἢ</strong></span> <span class='ocrx_word' id='word_1_109' title='bbox 241 1183 293 1220; x_wconf 80' lang='lat' dir='ltr'>et</span> <span class='ocrx_word' id='word_1_110' title='bbox 330 1190 391 1219; x_wconf 84' lang='lat' dir='ltr'>ex</span> <span class='ocrx_word' id='word_1_111' title='bbox 429 1178 666 1232; x_wconf 84' lang='lat' dir='ltr'>agnitione</span> <span class='ocrx_word' id='word_1_112' title='bbox 697 1176 992 1228; x_wconf 59' lang='lat' dir='ltr'>intuitio;&#39;ac</span> <span class='ocrx_word' id='word_1_113' title='bbox 1025 1179 1173 1219; x_wconf 87' lang='lat' dir='ltr'>omnis</span> <span class='ocrx_word' id='word_1_114' title='bbox 1205 1179 1388 1219; x_wconf 88' lang='lat' dir='ltr'>intuitio</span> <span class='ocrx_word' id='word_1_115' title='bbox 1411 1178 1744 1231; x_wconf 78' lang='lat' dir='ltr'>exagnitione</span> 
     </span>
     <span class='ocr_line' id='line_1_16' title="bbox 241 1240 1745 1296; baseline -0.001 -14.08"><span class='ocrx_word' id='word_1_116' title='bbox 241 1240 370 1287; x_wconf 35' lang='lat' dir='ltr'>sistit*</span> <span class='ocrx_word' id='word_1_117' title='bbox 403 1240 540 1282; x_wconf 87' lang='lat' dir='ltr'>alium</span> <span class='ocrx_word' id='word_1_118' title='bbox 581 1241 664 1282; x_wconf 89' lang='lat' dir='ltr'>sibi</span> <span class='ocrx_word' id='word_1_119' title='bbox 705 1247 1010 1295; x_wconf 82' lang='lat' dir='ltr'>praesentem,</span> <span class='ocrx_word' id='word_1_120' title='bbox 1053 1241 1176 1296; x_wconf 89' lang='lat' dir='ltr'>quod</span> <span class='ocrx_word' id='word_1_121' title='bbox 1221 1241 1266 1283; x_wconf 89' lang='lat' dir='ltr'>in</span> <span class='ocrx_word' id='word_1_122' title='bbox 1309 1241 1481 1283; x_wconf 90' lang='lat' dir='ltr'>mundo</span> <span class='ocrx_word' id='word_1_123' title='bbox 1500 1261 1503 1263; x_wconf 97' lang='lat'>·</span> <span class='ocrx_word' id='word_1_124' title='bbox 1522 1240 1745 1295; x_wconf 87' lang='lat' dir='ltr'>spirituali</span> 
     </span>
     <span class='ocr_line' id='line_1_17' title="bbox 84 1305 1743 1359; baseline -0.001 -13"><span class='ocrx_word' id='word_1_125' title='bbox 84 1329 94 1340; x_wconf 46' lang='lat' dir='ltr'>x</span> <span class='ocrx_word' id='word_1_126' title='bbox 112 1312 124 1327; x_wconf 73' lang='lat'>&#39;·</span> <span class='ocrx_word' id='word_1_127' title='bbox 204 1306 209 1318; x_wconf 70' lang='lat'><em>²</em></span> <span class='ocrx_word' id='word_1_128' title='bbox 241 1316 483 1346; x_wconf 89' lang='lat' dir='ltr'>commune</span> <span class='ocrx_word' id='word_1_129' title='bbox 505 1311 603 1356; x_wconf 87' lang='lat' dir='ltr'>est;</span> <span class='ocrx_word' id='word_1_130' title='bbox 635 1305 707 1346; x_wconf 90' lang='lat' dir='ltr'>hic</span> <span class='ocrx_word' id='word_1_131' title='bbox 731 1305 883 1358; x_wconf 88' lang='lat' dir='ltr'>itaque</span> <span class='ocrx_word' id='word_1_132' title='bbox 905 1305 1089 1346; x_wconf 92' lang='lat' dir='ltr'>intuitio</span> <span class='ocrx_word' id='word_1_133' title='bbox 1112 1319 1172 1346; x_wconf 86' lang='lat' dir='ltr'>ex</span> <span class='ocrx_word' id='word_1_134' title='bbox 1189 1305 1428 1359; x_wconf 86' lang='lat' dir='ltr'>agnitione</span> <span class='ocrx_word' id='word_1_135' title='bbox 1451 1305 1743 1358; x_wconf 90' lang='lat' dir='ltr'>omnipoten-</span> 
     </span>
     <span class='ocr_line' id='line_1_18' title="bbox 232 1363 1744 1423; baseline 0.001 -15"><span class='ocrx_word' id='word_1_136' title='bbox 232 1363 334 1409; x_wconf 78' lang='lat' dir='ltr'>tiae</span> <span class='ocrx_word' id='word_1_137' title='bbox 359 1367 558 1416; x_wconf 86' lang='lat' dir='ltr'>Domini,</span> <span class='ocrx_word' id='word_1_138' title='bbox 586 1382 701 1422; x_wconf 91' lang='lat' dir='ltr'>quae</span> <span class='ocrx_word' id='word_1_139' title='bbox 726 1375 825 1409; x_wconf 89' lang='lat' dir='ltr'>erat</span> <span class='ocrx_word' id='word_1_140' title='bbox 851 1382 911 1409; x_wconf 88' lang='lat' dir='ltr'>ex</span> <span class='ocrx_word' id='word_1_141' title='bbox 937 1382 1025 1423; x_wconf 89' lang='lat' dir='ltr'>qua</span> <span class='ocrx_word' id='word_1_142' title='bbox 1047 1369 1240 1422; x_wconf 90' lang='lat' dir='ltr'>primum</span> <span class='ocrx_word' id='word_1_143' title='bbox 1262 1369 1469 1410; x_wconf 90' lang='lat' dir='ltr'>intuituri</span> <span class='ocrx_word' id='word_1_144' title='bbox 1496 1368 1744 1410; x_wconf 90' lang='lat' dir='ltr'>Dominum</span> 
     </span>
     <span class='ocr_line' id='line_1_19' title="bbox 240 1431 1744 1486; baseline 0 -14"><span class='ocrx_word' id='word_1_145' title='bbox 240 1436 387 1481; x_wconf 83' lang='lat' dir='ltr'>erant,</span> <span class='ocrx_word' id='word_1_146' title='bbox 420 1444 557 1486; x_wconf 90' lang='lat' dir='ltr'>quum</span> <span class='ocrx_word' id='word_1_147' title='bbox 599 1445 717 1472; x_wconf 88' lang='lat' dir='ltr'>nova</span> <span class='ocrx_word' id='word_1_148' title='bbox 762 1431 820 1472; x_wconf 89' lang='lat' dir='ltr'>ab</span> <span class='ocrx_word' id='word_1_149' title='bbox 853 1431 960 1486; x_wconf 91' lang='lat' dir='ltr'>Ipso</span> <span class='ocrx_word' id='word_1_150' title='bbox 1009 1432 1204 1473; x_wconf 88' lang='lat' dir='ltr'>ecclesia</span> <span class='ocrx_word' id='word_1_151' title='bbox 1246 1432 1590 1483; x_wconf 89' lang='lat' dir='ltr'>institueretur;</span> <span class='ocrx_word' id='word_1_152' title='bbox 1639 1432 1744 1472; x_wconf 90' lang='lat' dir='ltr'>inde</span> 
     </span>
     <span class='ocr_line' id='line_1_20' title="bbox 241 1494 1745 1549; baseline 0.001 -14"><span class='ocrx_word' id='word_1_153' title='bbox 241 1495 455 1536; x_wconf 75' lang='lat' dir='ltr'>&#39;constare</span> <span class='ocrx_word' id='word_1_154' title='bbox 473 1501 629 1548; x_wconf 89' lang='lat' dir='ltr'>potest</span> <span class='ocrx_word' id='word_1_155' title='bbox 647 1494 752 1549; x_wconf 87' lang='lat' dir='ltr'>quid</span> <span class='ocrx_word' id='word_1_156' title='bbox 776 1508 855 1548; x_wconf 91' lang='lat' dir='ltr'>per</span> <span class='ocrx_word' id='word_1_157' title='bbox 873 1494 1009 1536; x_wconf 90' lang='lat' dir='ltr'>fidem</span> <span class='ocrx_word' id='word_1_158' title='bbox 1032 1495 1092 1536; x_wconf 93' lang='lat' dir='ltr'>ibi</span> <span class='ocrx_word' id='word_1_159' title='bbox 1115 1494 1413 1549; x_wconf 87' lang='lat' dir='ltr'>intelligitur:</span> <span class='ocrx_word' id='word_1_160' title='bbox 1447 1495 1585 1536; x_wconf 81' lang='lat' dir='ltr'>tertia</span> <span class='ocrx_word' id='word_1_161' title='bbox 1607 1509 1745 1536; x_wconf 86' lang='lat' dir='ltr'>causa</span> 
     </span>
     <span class='ocr_line' id='line_1_21' title="bbox 240 1557 1743 1612; baseline 0 -14"><span class='ocrx_word' id='word_1_162' title='bbox 240 1561 354 1607; x_wconf 80' lang='lat' dir='ltr'>erat,</span> <span class='ocrx_word' id='word_1_163' title='bbox 374 1557 496 1611; x_wconf 90' lang='lat' dir='ltr'>quod</span> <span class='ocrx_word' id='word_1_164' title='bbox 520 1570 679 1598; x_wconf 90' lang='lat' dir='ltr'>omnes</span> <span class='ocrx_word' id='word_1_165' title='bbox 702 1558 860 1606; x_wconf 87' lang='lat' dir='ltr'>morbi,</span> <span class='ocrx_word' id='word_1_166' title='bbox 880 1571 993 1612; x_wconf 89' lang='lat' dir='ltr'>quos</span> <span class='ocrx_word' id='word_1_167' title='bbox 1017 1557 1240 1599; x_wconf 88' lang='lat' dir='ltr'>Dominus</span> <span class='ocrx_word' id='word_1_168' title='bbox 1263 1559 1458 1608; x_wconf 86' lang='lat' dir='ltr'>sanavit,</span> <span class='ocrx_word' id='word_1_169' title='bbox 1478 1571 1743 1612; x_wconf 86' lang='lat' dir='ltr'>repraesen-</span> 
     </span>
     <span class='ocr_line' id='line_1_22' title="bbox 241 1619 1745 1675; baseline 0 -13"><span class='ocrx_word' id='word_1_170' title='bbox 241 1619 442 1662; x_wconf 87' lang='lat' dir='ltr'>taverint</span> <span class='ocrx_word' id='word_1_171' title='bbox 473 1627 520 1662; x_wconf 89' lang='lat' dir='ltr'>et</span> <span class='ocrx_word' id='word_1_172' title='bbox 553 1621 658 1662; x_wconf 90' lang='lat' dir='ltr'>inde</span> <span class='ocrx_word' id='word_1_173' title='bbox 687 1620 1043 1674; x_wconf 87' lang='lat' dir='ltr'>significaverint</span> <span class='ocrx_word' id='word_1_174' title='bbox 1071 1621 1255 1662; x_wconf 89' lang='lat' dir='ltr'>morbos</span> <span class='ocrx_word' id='word_1_175' title='bbox 1287 1621 1543 1675; x_wconf 88' lang='lat' dir='ltr'>spirituales</span> <span class='ocrx_word' id='word_1_176' title='bbox 1576 1621 1745 1662; x_wconf 92' lang='lat' dir='ltr'>morbis</span> 
     </span>
     <span class='ocr_line' id='line_1_23' title="bbox 241 1681 1744 1738; baseline 0 -14"><span class='ocrx_word' id='word_1_177' title='bbox 241 1681 330 1725; x_wconf 84' lang='lat' dir='ltr'>inis</span> <span class='ocrx_word' id='word_1_178' title='bbox 347 1683 630 1725; x_wconf 86' lang='lat' dir='ltr'>naturalibus</span> <span class='ocrx_word' id='word_1_179' title='bbox 648 1684 1090 1738; x_wconf 81' lang='lat' dir='ltr'>correspondentes3</span> <span class='ocrx_word' id='word_1_180' title='bbox 1123 1698 1175 1726; x_wconf 87' lang='lat' dir='ltr'>ac</span> <span class='ocrx_word' id='word_1_181' title='bbox 1201 1685 1348 1726; x_wconf 90' lang='lat' dir='ltr'>morbi</span> <span class='ocrx_word' id='word_1_182' title='bbox 1371 1684 1629 1738; x_wconf 89' lang='lat' dir='ltr'>spirituales</span> <span class='ocrx_word' id='word_1_183' title='bbox 1652 1697 1744 1725; x_wconf 90' lang='lat' dir='ltr'>non</span> 
     </span>
     <span class='ocr_line' id='line_1_24' title="bbox 241 1747 1742 1806; baseline 0.001 -18"><span class='ocrx_word' id='word_1_184' title='bbox 241 1753 435 1801; x_wconf 86' lang='lat' dir='ltr'>possunt</span> <span class='ocrx_word' id='word_1_185' title='bbox 460 1748 609 1788; x_wconf 84' lang='lat' dir='ltr'>sanari</span> <span class='ocrx_word' id='word_1_186' title='bbox 635 1748 719 1788; x_wconf 92' lang='lat' dir='ltr'>nisi</span> <span class='ocrx_word' id='word_1_187' title='bbox 746 1761 882 1801; x_wconf 89' lang='lat' dir='ltr'>quam</span> <span class='ocrx_word' id='word_1_188' title='bbox 914 1762 941 1789; x_wconf 91' lang='lat' dir='ltr'>a</span> <span class='ocrx_word' id='word_1_189' title='bbox 973 1747 1188 1798; x_wconf 90' lang='lat' dir='ltr'>Domino,</span> <span class='ocrx_word' id='word_1_190' title='bbox 1217 1754 1263 1790; x_wconf 92' lang='lat' dir='ltr'>et</span> <span class='ocrx_word' id='word_1_191' title='bbox 1290 1748 1473 1802; x_wconf 92' lang='lat' dir='ltr'>quidem</span> <span class='ocrx_word' id='word_1_192' title='bbox 1499 1762 1579 1806; x_wconf 90' lang='lat' dir='ltr'>per</span> <span class='ocrx_word' id='word_1_193' title='bbox 1604 1749 1742 1790; x_wconf 88' lang='lat' dir='ltr'>intui-</span> 
     </span>
     <span class='ocr_line' id='line_1_25' title="bbox 240 1809 1742 1865; baseline 0 -13"><span class='ocrx_word' id='word_1_194' title='bbox 240 1809 417 1852; x_wconf 87' lang='lat' dir='ltr'>tionem</span> <span class='ocrx_word' id='word_1_195' title='bbox 437 1811 481 1852; x_wconf 88' lang='lat' dir='ltr'>in</span> <span class='ocrx_word' id='word_1_196' title='bbox 505 1811 717 1865; x_wconf 77' lang='lat' dir='ltr'>Divinam</span> <span class='ocrx_word' id='word_1_197' title='bbox 742 1811 888 1865; x_wconf 89' lang='lat' dir='ltr'>Ipsius</span> <span class='ocrx_word' id='word_1_198' title='bbox 911 1812 1310 1865; x_wconf 85' lang='lat' dir='ltr'>omnipotentiam,</span> <span class='ocrx_word' id='word_1_199' title='bbox 1330 1825 1382 1853; x_wconf 91' lang='lat' dir='ltr'>ac</span> <span class='ocrx_word' id='word_1_200' title='bbox 1406 1825 1485 1865; x_wconf 91' lang='lat' dir='ltr'>per</span> <span class='ocrx_word' id='word_1_201' title='bbox 1502 1812 1742 1865; x_wconf 89' lang='lat' dir='ltr'>paeniten-</span> 
     </span>
     <span class='ocr_line' id='line_1_26' title="bbox 99 1872 1743 1930; baseline 0.001 -16"><span class='ocrx_word' id='word_1_202' title='bbox 99 1917 102 1922; x_wconf 69' lang='grc'><strong>,</strong></span> <span class='ocrx_word' id='word_1_203' title='bbox 143 1908 171 1930; x_wconf 76' lang='lat'>.-</span> <span class='ocrx_word' id='word_1_204' title='bbox 241 1872 354 1915; x_wconf 82' lang='lat' dir='ltr'>tiam</span> <span class='ocrx_word' id='word_1_205' title='bbox 378 1873 528 1924; x_wconf 85' lang='lat' dir='ltr'>vitae;</span> <span class='ocrx_word' id='word_1_206' title='bbox 561 1887 698 1928; x_wconf 87' lang='lat' dir='ltr'>quare</span> <span class='ocrx_word' id='word_1_207' title='bbox 729 1875 869 1915; x_wconf 89' lang='lat' dir='ltr'>etiam</span> <span class='ocrx_word' id='word_1_208' title='bbox 901 1873 1142 1928; x_wconf 85' lang='lat' dir='ltr'>aliquoties</span> <span class='ocrx_word' id='word_1_209' title='bbox 1174 1875 1308 1924; x_wconf 87' lang='lat' dir='ltr'>dixit,</span> <span class='ocrx_word' id='word_1_210' title='bbox 1345 1875 1598 1916; x_wconf 86' lang='lat' dir='ltr'>“Remissa</span> <span class='ocrx_word' id='word_1_211' title='bbox 1637 1881 1743 1916; x_wconf 86' lang='lat' dir='ltr'>sunt</span> 
     </span>
     <span class='ocr_line' id='line_1_27' title="bbox 131 1934 1742 1992; baseline 0.002 -16"><span class='ocrx_word' id='word_1_212' title='bbox 131 1967 134 1974; x_wconf 95' lang='lat'>.</span> <span class='ocrx_word' id='word_1_213' title='bbox 172 1934 177 1938; x_wconf 77' lang='grc'><em>“</em></span> <span class='ocrx_word' id='word_1_214' title='bbox 207 1952 210 1955; x_wconf 52' lang='grc'>“</span> <span class='ocrx_word' id='word_1_215' title='bbox 241 1935 325 1978; x_wconf 87' lang='lat' dir='ltr'>tibi</span> <span class='ocrx_word' id='word_1_216' title='bbox 350 1942 557 1991; x_wconf 73' lang='lat' dir='ltr'>peccata,</span> <span class='ocrx_word' id='word_1_217' title='bbox 585 1937 656 1978; x_wconf 89' lang='lat' dir='ltr'>abi</span> <span class='ocrx_word' id='word_1_218' title='bbox 683 1943 730 1978; x_wconf 87' lang='lat' dir='ltr'>et</span> <span class='ocrx_word' id='word_1_219' title='bbox 758 1950 848 1978; x_wconf 92' lang='lat' dir='ltr'>non</span> <span class='ocrx_word' id='word_1_220' title='bbox 876 1951 1017 1992; x_wconf 89' lang='lat' dir='ltr'>pecca</span> <span class='ocrx_word' id='word_1_221' title='bbox 1046 1938 1238 1992; x_wconf 88' lang='lat' dir='ltr'>amplius</span> <span class='ocrx_word' id='word_1_222' title='bbox 1257 1938 1291 1989; x_wconf 91' lang='grc'>;”</span> <span class='ocrx_word' id='word_1_223' title='bbox 1322 1938 1436 1979; x_wconf 90' lang='lat' dir='ltr'>haec</span> <span class='ocrx_word' id='word_1_224' title='bbox 1463 1937 1575 1979; x_wconf 86' lang='lat' dir='ltr'>fides</span> <span class='ocrx_word' id='word_1_225' title='bbox 1602 1939 1742 1979; x_wconf 88' lang='lat' dir='ltr'>etiam</span> 
     </span>
     <span class='ocr_line' id='line_1_28' title="bbox 241 1998 1743 2054; baseline 0.001 -14"><span class='ocrx_word' id='word_1_226' title='bbox 241 2010 322 2054; x_wconf 85' lang='lat' dir='ltr'>per</span> <span class='ocrx_word' id='word_1_227' title='bbox 341 1998 478 2041; x_wconf 90' lang='lat' dir='ltr'>fidem</span> <span class='ocrx_word' id='word_1_228' title='bbox 503 1999 622 2041; x_wconf 90' lang='lat' dir='ltr'>hanc</span> <span class='ocrx_word' id='word_1_229' title='bbox 646 2000 966 2041; x_wconf 88' lang='lat' dir='ltr'>miraculosam</span> <span class='ocrx_word' id='word_1_230' title='bbox 989 2001 1419 2054; x_wconf 87' lang='lat' dir='ltr'>repraesentabatur</span> <span class='ocrx_word' id='word_1_231' title='bbox 1441 2007 1488 2042; x_wconf 91' lang='lat' dir='ltr'>et</span> <span class='ocrx_word' id='word_1_232' title='bbox 1515 2000 1743 2054; x_wconf 87' lang='lat' dir='ltr'>significa·</span> 
     </span>
     <span class='ocr_line' id='line_1_29' title="bbox 240 2061 1759 2121; baseline 0 -17"><span class='ocrx_word' id='word_1_233' title='bbox 240 2061 402 2114; x_wconf 85' lang='lat' dir='ltr'>batur;</span> <span class='ocrx_word' id='word_1_234' title='bbox 434 2063 515 2104; x_wconf 91' lang='lat' dir='ltr'>sed</span> <span class='ocrx_word' id='word_1_235' title='bbox 541 2061 667 2112; x_wconf 87' lang='lat' dir='ltr'>fides,</span> <span class='ocrx_word' id='word_1_236' title='bbox 687 2077 766 2118; x_wconf 89' lang='lat' dir='ltr'>per</span> <span class='ocrx_word' id='word_1_237' title='bbox 787 2077 923 2118; x_wconf 90' lang='lat' dir='ltr'>quam</span> <span class='ocrx_word' id='word_1_238' title='bbox 950 2077 977 2105; x_wconf 90' lang='lat' dir='ltr'>a</span> <span class='ocrx_word' id='word_1_239' title='bbox 1003 2063 1202 2105; x_wconf 91' lang='lat' dir='ltr'>Domino</span> <span class='ocrx_word' id='word_1_240' title='bbox 1225 2071 1444 2105; x_wconf 88' lang='lat' dir='ltr'>sanantur</span> <span class='ocrx_word' id='word_1_241' title='bbox 1475 2064 1620 2104; x_wconf 91' lang='lat' dir='ltr'>morbi</span> <span class='ocrx_word' id='word_1_242' title='bbox 1652 2065 1759 2121; x_wconf 22' lang='lat' dir='ltr'>spi--</span> 
     </span>
     <span class='ocr_line' id='line_1_30' title="bbox 241 2123 1744 2181; baseline 0.001 -14"><span class='ocrx_word' id='word_1_243' title='bbox 241 2123 444 2176; x_wconf 80' lang='lat' dir='ltr'>rituales,</span> <span class='ocrx_word' id='word_1_244' title='bbox 472 2139 564 2168; x_wconf 90' lang='lat' dir='ltr'>non</span> <span class='ocrx_word' id='word_1_245' title='bbox 596 2127 730 2168; x_wconf 90' lang='lat' dir='ltr'>datur</span> <span class='ocrx_word' id='word_1_246' title='bbox 757 2127 841 2168; x_wconf 87' lang='lat' dir='ltr'>nisi</span> <span class='ocrx_word' id='word_1_247' title='bbox 873 2141 1007 2181; x_wconf 88' lang='lat' dir='ltr'>quam</span> <span class='ocrx_word' id='word_1_248' title='bbox 1041 2141 1121 2181; x_wconf 88' lang='lat' dir='ltr'>per</span> <span class='ocrx_word' id='word_1_249' title='bbox 1151 2141 1257 2169; x_wconf 88' lang='lat' dir='ltr'>vera</span> <span class='ocrx_word' id='word_1_250' title='bbox 1289 2142 1349 2169; x_wconf 88' lang='lat' dir='ltr'>ex</span> <span class='ocrx_word' id='word_1_251' title='bbox 1382 2127 1553 2176; x_wconf 90' lang='lat' dir='ltr'>Verbo,</span> <span class='ocrx_word' id='word_1_252' title='bbox 1588 2133 1634 2168; x_wconf 90' lang='lat' dir='ltr'>et</span> <span class='ocrx_word' id='word_1_253' title='bbox 1666 2141 1744 2181; x_wconf 90' lang='lat' dir='ltr'>per</span> 
     </span>
     <span class='ocr_line' id='line_1_31' title="bbox 241 2189 1743 2244; baseline 0.001 -14"><span class='ocrx_word' id='word_1_254' title='bbox 241 2189 385 2243; x_wconf 80' lang='lat' dir='ltr'>vitam</span> <span class='ocrx_word' id='word_1_255' title='bbox 401 2190 649 2232; x_wconf 88' lang='lat' dir='ltr'>secundum</span> <span class='ocrx_word' id='word_1_256' title='bbox 666 2190 744 2231; x_wconf 87' lang='lat' dir='ltr'>illa</span> <span class='ocrx_word' id='word_1_257' title='bbox 763 2205 772 2240; x_wconf 88' lang='lat'>;</span> <span class='ocrx_word' id='word_1_258' title='bbox 800 2191 897 2244; x_wconf 89' lang='lat' dir='ltr'>ipsa</span> <span class='ocrx_word' id='word_1_259' title='bbox 914 2204 1021 2232; x_wconf 88' lang='lat' dir='ltr'>vera</span> <span class='ocrx_word' id='word_1_260' title='bbox 1038 2197 1085 2232; x_wconf 92' lang='lat' dir='ltr'>et</span> <span class='ocrx_word' id='word_1_261' title='bbox 1100 2191 1195 2232; x_wconf 85' lang='lat' dir='ltr'>vita</span> <span class='ocrx_word' id='word_1_262' title='bbox 1213 2191 1461 2232; x_wconf 90' lang='lat' dir='ltr'>secundum</span> <span class='ocrx_word' id='word_1_263' title='bbox 1477 2190 1555 2232; x_wconf 90' lang='lat' dir='ltr'>illa</span> <span class='ocrx_word' id='word_1_264' title='bbox 1572 2191 1743 2232; x_wconf 86' lang='lat' dir='ltr'>faciunt</span> 
     </span>
     <span class='ocr_line' id='line_1_32' title="bbox 235 2251 1742 2308; baseline 0 -14"><span class='ocrx_word' id='word_1_265' title='bbox 235 2251 374 2306; x_wconf 86' lang='lat' dir='ltr'>quale</span> <span class='ocrx_word' id='word_1_266' title='bbox 399 2251 529 2295; x_wconf 86' lang='lat' dir='ltr'>fidei:</span> <span class='ocrx_word' id='word_1_267' title='bbox 564 2253 644 2295; x_wconf 91' lang='lat' dir='ltr'>sed</span> <span class='ocrx_word' id='word_1_268' title='bbox 667 2254 724 2295; x_wconf 89' lang='lat' dir='ltr'>de</span> <span class='ocrx_word' id='word_1_269' title='bbox 757 2253 840 2295; x_wconf 90' lang='lat' dir='ltr'>hac</span> <span class='ocrx_word' id='word_1_270' title='bbox 869 2253 997 2308; x_wconf 87' lang='lat' dir='ltr'>plura</span> <span class='ocrx_word' id='word_1_271' title='bbox 1027 2254 1072 2295; x_wconf 93' lang='lat' dir='ltr'>in</span> <span class='ocrx_word' id='word_1_272' title='bbox 1099 2254 1394 2308; x_wconf 88' lang='lat' dir='ltr'>sequentibus</span> <span class='ocrx_word' id='word_1_273' title='bbox 1411 2253 1623 2308; x_wconf 89' lang='lat' dir='ltr'>:—Apud</span> <span class='ocrx_word' id='word_1_274' title='bbox 1655 2254 1742 2302; x_wconf 84' lang='lat' dir='ltr'>Jo-</span> 
     </span>
     <span class='ocr_line' id='line_1_33' title="bbox 240 2314 443 2366; baseline 0 -9"><span class='ocrx_word' id='word_1_275' title='bbox 240 2314 443 2366; x_wconf 63' lang='lat' dir='ltr'>hannem⁴</span> 
     </span>
    </p>
   </div>
   <div class='ocr_carea' id='block_1_8' title="bbox 0 0 202 3458">
    <p class='ocr_par' dir='ltr' id='par_1_8' title="bbox 0 0 202 3458">
     <span class='ocr_line' id='line_1_34' title="bbox 0 0 202 3458; baseline 0 0"><span class='ocrx_word' id='word_1_276' title='bbox 0 0 202 3458; x_wconf 95' lang='lat' dir='ltr'> </span> 
     </span>
    </p>
   </div>
   <div class='ocr_carea' id='block_1_9' title="bbox 308 2405 1743 2494">
    <p class='ocr_par' dir='ltr' id='par_1_9' title="bbox 308 2405 1743 2494">
     <span class='ocr_line' id='line_1_35' title="bbox 308 2405 1742 2450; baseline 0 -11"><span class='ocrx_word' id='word_1_277' title='bbox 308 2405 403 2439; x_wconf 87' lang='lat' dir='ltr'>Dicit</span> <span class='ocrx_word' id='word_1_278' title='bbox 416 2415 520 2439; x_wconf 86' lang='lat' dir='ltr'>soror</span> <span class='ocrx_word' id='word_1_279' title='bbox 533 2406 655 2439; x_wconf 88' lang='lat' dir='ltr'>Lazari</span> <span class='ocrx_word' id='word_1_280' title='bbox 668 2407 742 2448; x_wconf 87' lang='lat' dir='ltr'>jam</span> <span class='ocrx_word' id='word_1_281' title='bbox 757 2407 840 2440; x_wconf 91' lang='lat' dir='ltr'>dum</span> <span class='ocrx_word' id='word_1_282' title='bbox 857 2407 998 2447; x_wconf 89' lang='lat' dir='ltr'>mortui,</span> <span class='ocrx_word' id='word_1_283' title='bbox 1011 2409 1030 2423; x_wconf 81' lang='lat'>⁴⁴</span> <span class='ocrx_word' id='word_1_284' title='bbox 1042 2407 1198 2440; x_wconf 86' lang='lat' dir='ltr'>Domine</span> <span class='ocrx_word' id='word_1_285' title='bbox 1211 2407 1284 2449; x_wconf 78' lang='lat' dir='ltr'>jam</span> <span class='ocrx_word' id='word_1_286' title='bbox 1299 2408 1371 2440; x_wconf 88' lang='lat' dir='ltr'>olet</span> <span class='ocrx_word' id='word_1_287' title='bbox 1383 2417 1408 2446; x_wconf 85' lang='lat'>;.</span> <span class='ocrx_word' id='word_1_288' title='bbox 1422 2433 1431 2440; x_wconf 89' lang='lat'><strong><em>.</em></strong></span> <span class='ocrx_word' id='word_1_289' title='bbox 1445 2408 1545 2440; x_wconf 90' lang='lat' dir='ltr'>.dicit</span> <span class='ocrx_word' id='word_1_290' title='bbox 1562 2408 1612 2439; x_wconf 92' lang='lat' dir='ltr'>illi</span> <span class='ocrx_word' id='word_1_291' title='bbox 1625 2407 1742 2450; x_wconf 89' lang='lat' dir='ltr'>Jesus,</span> 
     </span>
     <span class='ocr_line' id='line_1_36' title="bbox 417 2449 1743 2494; baseline 0.002 -12"><span class='ocrx_word' id='word_1_292' title='bbox 417 2449 548 2482; x_wconf 91' lang='lat' dir='ltr'>Nonne</span> <span class='ocrx_word' id='word_1_293' title='bbox 561 2451 721 2483; x_wconf 85' lang='lat' dir='ltr'>dixeram</span> <span class='ocrx_word' id='word_1_294' title='bbox 736 2451 809 2490; x_wconf 93' lang='lat' dir='ltr'>tibi,</span> <span class='ocrx_word' id='word_1_295' title='bbox 831 2449 958 2494; x_wconf 91' lang='lat' dir='ltr'>[quod]</span> <span class='ocrx_word' id='word_1_296' title='bbox 973 2452 1004 2484; x_wconf 88' lang='lat' dir='ltr'>si</span> <span class='ocrx_word' id='word_1_297' title='bbox 1021 2452 1195 2491; x_wconf 81' lang='lat' dir='ltr'>credereS,</span> <span class='ocrx_word' id='word_1_298' title='bbox 1210 2452 1332 2484; x_wconf 89' lang='lat' dir='ltr'>visura</span> <span class='ocrx_word' id='word_1_299' title='bbox 1347 2461 1446 2484; x_wconf 88' lang='lat' dir='ltr'>esses</span> <span class='ocrx_word' id='word_1_300' title='bbox 1463 2452 1616 2493; x_wconf 87' lang='lat' dir='ltr'>gloriam</span> <span class='ocrx_word' id='word_1_301' title='bbox 1631 2451 1698 2483; x_wconf 87' lang='lat' dir='ltr'>Dei</span> <span class='ocrx_word' id='word_1_302' title='bbox 1707 2451 1743 2484; x_wconf 59' lang='grc' dir='ltr'>Γ·</span> 
     </span>
    </p>
   </div>
   <div class='ocr_carea' id='block_1_10' title="bbox 416 2493 667 2542">
    <p class='ocr_par' dir='ltr' id='par_1_10' title="bbox 416 2493 667 2542">
     <span class='ocr_line' id='line_1_37' title="bbox 416 2493 667 2542; baseline 0.004 -7"><span class='ocrx_word' id='word_1_303' title='bbox 416 2493 476 2535; x_wconf 83' lang='lat' dir='ltr'>(xi.</span> <span class='ocrx_word' id='word_1_304' title='bbox 497 2503 549 2536; x_wconf 83' lang='lat'>39.</span> <span class='ocrx_word' id='word_1_305' title='bbox 566 2503 612 2534; x_wconf 89' lang='lat'>40</span> <span class='ocrx_word' id='word_1_306' title='bbox 620 2496 645 2536; x_wconf 74' lang='grc' dir='ltr'>τ)</span> <span class='ocrx_word' id='word_1_307' title='bbox 662 2537 667 2542; x_wconf 81' lang='grc'><strong>,</strong></span> 
     </span>
    </p>
   </div>
   <div class='ocr_carea' id='block_1_11' title="bbox 240 2569 565 2625">
    <p class='ocr_par' dir='ltr' id='par_1_11' title="bbox 240 2569 565 2625">
     <span class='ocr_line' id='line_1_38' title="bbox 240 2569 565 2625; baseline 0 -13"><span class='ocrx_word' id='word_1_308' title='bbox 240 2569 362 2625; x_wconf 89' lang='lat' dir='ltr'>apud</span> <span class='ocrx_word' id='word_1_309' title='bbox 386 2569 565 2620; x_wconf 86' lang='lat' dir='ltr'>Lucam,</span> 
     </span>
    </p>
   </div>
   <div class='ocr_carea' id='block_1_12' title="bbox 305 2645 1744 2820">
    <p class='ocr_par' dir='ltr' id='par_1_12' title="bbox 305 2645 1744 2777">
     <span class='ocr_line' id='line_1_39' title="bbox 305 2645 1744 2690; baseline -0.001 -11"><span class='ocrx_word' id='word_1_310' title='bbox 305 2645 412 2689; x_wconf 86' lang='lat' dir='ltr'>Jesus</span> <span class='ocrx_word' id='word_1_311' title='bbox 428 2647 518 2679; x_wconf 87' lang='lat' dir='ltr'>dixit</span> <span class='ocrx_word' id='word_1_312' title='bbox 535 2646 674 2679; x_wconf 89' lang='lat' dir='ltr'>mulieri</span> <span class='ocrx_word' id='word_1_313' title='bbox 691 2648 887 2689; x_wconf 88' lang='lat' dir='ltr'>peccatrici,</span> <span class='ocrx_word' id='word_1_314' title='bbox 905 2658 996 2690; x_wconf 90' lang='lat' dir='ltr'>quae</span> <span class='ocrx_word' id='word_1_315' title='bbox 1018 2648 1207 2680; x_wconf 84' lang='lat' dir='ltr'>madefecit</span> <span class='ocrx_word' id='word_1_316' title='bbox 1224 2648 1416 2690; x_wconf 89' lang='lat' dir='ltr'>lachrymis</span> <span class='ocrx_word' id='word_1_317' title='bbox 1433 2648 1543 2690; x_wconf 89' lang='lat' dir='ltr'>pedes</span> <span class='ocrx_word' id='word_1_318' title='bbox 1562 2647 1690 2688; x_wconf 82' lang='lat' dir='ltr'>Ipsius,</span> <span class='ocrx_word' id='word_1_319' title='bbox 1708 2652 1744 2679; x_wconf 88' lang='lat' dir='ltr'>et</span> 
     </span>
     <span class='ocr_line' id='line_1_40' title="bbox 415 2691 1742 2734; baseline 0 -12"><span class='ocrx_word' id='word_1_320' title='bbox 415 2691 553 2732; x_wconf 75' lang='lat' dir='ltr'>capillis</span> <span class='ocrx_word' id='word_1_321' title='bbox 570 2691 696 2732; x_wconf 89' lang='lat' dir='ltr'>capitis</span> <span class='ocrx_word' id='word_1_322' title='bbox 714 2692 891 2730; x_wconf 87' lang='lat' dir='ltr'>abstersit,</span> <span class='ocrx_word' id='word_1_323' title='bbox 912 2698 948 2724; x_wconf 90' lang='lat' dir='ltr'>et</span> <span class='ocrx_word' id='word_1_324' title='bbox 966 2693 1128 2724; x_wconf 85' lang='lat' dir='ltr'>osculata</span> <span class='ocrx_word' id='word_1_325' title='bbox 1145 2693 1264 2733; x_wconf 85' lang='lat' dir='ltr'>pedes,</span> <span class='ocrx_word' id='word_1_326' title='bbox 1286 2702 1376 2734; x_wconf 89' lang='lat' dir='ltr'>quos</span> <span class='ocrx_word' id='word_1_327' title='bbox 1396 2693 1503 2724; x_wconf 89' lang='lat' dir='ltr'>etiam</span> <span class='ocrx_word' id='word_1_328' title='bbox 1524 2692 1606 2723; x_wconf 91' lang='lat' dir='ltr'>oleo</span> <span class='ocrx_word' id='word_1_329' title='bbox 1630 2691 1742 2729; x_wconf 88' lang='lat' dir='ltr'>unxit,</span> 
     </span>
     <span class='ocr_line' id='line_1_41' title="bbox 505 2734 1743 2777; baseline 0 -11"><span class='ocrx_word' id='word_1_330' title='bbox 505 2734 701 2773; x_wconf 85' lang='lat' dir='ltr'>“Remissa</span> <span class='ocrx_word' id='word_1_331' title='bbox 720 2742 805 2767; x_wconf 89' lang='lat' dir='ltr'>sunt</span> <span class='ocrx_word' id='word_1_332' title='bbox 824 2736 888 2768; x_wconf 87' lang='lat' dir='ltr'>tibi</span> <span class='ocrx_word' id='word_1_333' title='bbox 908 2742 1054 2777; x_wconf 84' lang='lat' dir='ltr'>peccata</span> <span class='ocrx_word' id='word_1_334' title='bbox 1077 2743 1187 2775; x_wconf 86' lang='lat' dir='ltr'>tua,..</span> <span class='ocrx_word' id='word_1_335' title='bbox 1200 2736 1326 2768; x_wconf 88' lang='lat' dir='ltr'>..fides</span> <span class='ocrx_word' id='word_1_336' title='bbox 1351 2742 1412 2768; x_wconf 88' lang='lat' dir='ltr'>tua</span> <span class='ocrx_word' id='word_1_337' title='bbox 1428 2743 1462 2768; x_wconf 85' lang='lat' dir='ltr'>te</span> <span class='ocrx_word' id='word_1_338' title='bbox 1487 2736 1623 2767; x_wconf 81' lang='lat' dir='ltr'>salvam</span> <span class='ocrx_word' id='word_1_339' title='bbox 1648 2734 1743 2773; x_wconf 78' lang='lat' dir='ltr'>facit,</span> 
     </span>
    </p>

    <p class='ocr_par' dir='ltr' id='par_1_13' title="bbox 414 2758 1023 2820">
     <span class='ocr_line' id='line_1_42' title="bbox 414 2758 1023 2820; baseline 0.003 -11"><span class='ocrx_word' id='word_1_340' title='bbox 414 2758 500 2810; x_wconf 75' lang='lat' dir='ltr'>abi*</span> <span class='ocrx_word' id='word_1_341' title='bbox 491 2788 527 2810; x_wconf 88' lang='lat' dir='ltr'>m</span> <span class='ocrx_word' id='word_1_342' title='bbox 547 2778 689 2819; x_wconf 86' lang='lat' dir='ltr'>pacem’</span> <span class='ocrx_word' id='word_1_343' title='bbox 693 2778 790 2819; x_wconf 86' lang='lat' dir='ltr'>¹(vii.</span> <span class='ocrx_word' id='word_1_344' title='bbox 808 2781 860 2819; x_wconf 85' lang='lat'>38,</span> <span class='ocrx_word' id='word_1_345' title='bbox 877 2780 930 2819; x_wconf 86' lang='lat'>48,</span> <span class='ocrx_word' id='word_1_346' title='bbox 949 2780 1023 2820; x_wconf 85' lang='lat' dir='ltr'>5o):</span> 
     </span>
    </p>
   </div>
   <div class='ocr_carea' id='block_1_13' title="bbox 179 2862 1742 2982">
    <p class='ocr_par' dir='ltr' id='par_1_14' title="bbox 179 2862 1742 2982">
     <span class='ocr_line' id='line_1_43' title="bbox 241 2862 1742 2919; baseline -0.001 -13"><span class='ocrx_word' id='word_1_347' title='bbox 241 2877 303 2906; x_wconf 85' lang='lat' dir='ltr'>ex</span> <span class='ocrx_word' id='word_1_348' title='bbox 339 2862 410 2904; x_wconf 86' lang='lat' dir='ltr'>his</span> <span class='ocrx_word' id='word_1_349' title='bbox 447 2877 625 2918; x_wconf 90' lang='lat' dir='ltr'>quoque</span> <span class='ocrx_word' id='word_1_350' title='bbox 665 2870 796 2918; x_wconf 88' lang='lat' dir='ltr'>patet</span> <span class='ocrx_word' id='word_1_351' title='bbox 838 2865 959 2919; x_wconf 93' lang='lat' dir='ltr'>quod</span> <span class='ocrx_word' id='word_1_352' title='bbox 1000 2864 1112 2906; x_wconf 91' lang='lat' dir='ltr'>fides</span> <span class='ocrx_word' id='word_1_353' title='bbox 1153 2865 1516 2919; x_wconf 89' lang='lat' dir='ltr'>omnipotentiae</span> <span class='ocrx_word' id='word_1_354' title='bbox 1557 2864 1742 2905; x_wconf 89' lang='lat' dir='ltr'>Domini</span> 
     </span>
     <span class='ocr_line' id='line_1_44' title="bbox 179 2926 1739 2982; baseline 0 -14"><span class='ocrx_word' id='word_1_355' title='bbox 179 2939 185 2945; x_wconf 85' lang='lat'><strong>·</strong></span> <span class='ocrx_word' id='word_1_356' title='bbox 241 2927 471 2968; x_wconf 87' lang='lat' dir='ltr'>sanaverit</span> <span class='ocrx_word' id='word_1_357' title='bbox 497 2926 614 2977; x_wconf 86' lang='lat' dir='ltr'>illos,</span> <span class='ocrx_word' id='word_1_358' title='bbox 639 2934 686 2969; x_wconf 91' lang='lat' dir='ltr'>et</span> <span class='ocrx_word' id='word_1_359' title='bbox 713 2941 891 2982; x_wconf 90' lang='lat' dir='ltr'>quoque</span> <span class='ocrx_word' id='word_1_360' title='bbox 913 2928 1034 2982; x_wconf 93' lang='lat' dir='ltr'>quod</span> <span class='ocrx_word' id='word_1_361' title='bbox 1060 2928 1221 2969; x_wconf 88' lang='lat' dir='ltr'>eadem</span> <span class='ocrx_word' id='word_1_362' title='bbox 1248 2927 1359 2969; x_wconf 91' lang='lat' dir='ltr'>fides</span> <span class='ocrx_word' id='word_1_363' title='bbox 1385 2929 1625 2977; x_wconf 87' lang='lat' dir='ltr'>remiserit,</span> <span class='ocrx_word' id='word_1_364' title='bbox 1650 2928 1739 2968; x_wconf 90' lang='lat' dir='ltr'>hoc</span> 
     </span>
    </p>
   </div>
   <div class='ocr_carea' id='block_1_14' title="bbox 241 2990 1740 3108">
    <p class='ocr_par' dir='ltr' id='par_1_15' title="bbox 241 2990 1740 3108">
     <span class='ocr_line' id='line_1_45' title="bbox 242 2990 1740 3045; baseline 0.001 -14"><span class='ocrx_word' id='word_1_365' title='bbox 242 2995 328 3039; x_wconf 89' lang='lat' dir='ltr'>est,</span> <span class='ocrx_word' id='word_1_366' title='bbox 355 2990 616 3039; x_wconf 88' lang='lat' dir='ltr'>removerit,</span> <span class='ocrx_word' id='word_1_367' title='bbox 645 2997 866 3044; x_wconf 89' lang='lat' dir='ltr'>peccata;</span> <span class='ocrx_word' id='word_1_368' title='bbox 905 3005 1041 3032; x_wconf 89' lang='lat' dir='ltr'>causa</span> <span class='ocrx_word' id='word_1_369' title='bbox 1073 2998 1186 3040; x_wconf 88' lang='lat' dir='ltr'>erat,</span> <span class='ocrx_word' id='word_1_370' title='bbox 1215 2992 1318 3045; x_wconf 91' lang='lat' dir='ltr'>quia</span> <span class='ocrx_word' id='word_1_371' title='bbox 1349 2990 1509 3032; x_wconf 90' lang='lat' dir='ltr'>mulier</span> <span class='ocrx_word' id='word_1_372' title='bbox 1539 2990 1617 3032; x_wconf 86' lang='lat' dir='ltr'>illa</span> <span class='ocrx_word' id='word_1_373' title='bbox 1648 3003 1740 3031; x_wconf 90' lang='lat' dir='ltr'>non</span> 
     </span>
     <span class='ocr_line' id='line_1_46' title="bbox 241 3052 1738 3108; baseline 0.001 -14"><span class='ocrx_word' id='word_1_374' title='bbox 241 3052 388 3095; x_wconf 85' lang='lat' dir='ltr'>solum</span> <span class='ocrx_word' id='word_1_375' title='bbox 420 3052 555 3095; x_wconf 88' lang='lat' dir='ltr'>fidem</span> <span class='ocrx_word' id='word_1_376' title='bbox 593 3053 1187 3108; x_wconf 84' lang='lat' dir='ltr'>Divinae·omnipotentiae</span> <span class='ocrx_word' id='word_1_377' title='bbox 1228 3055 1285 3096; x_wconf 88' lang='lat' dir='ltr'>de</span> <span class='ocrx_word' id='word_1_378' title='bbox 1323 3054 1522 3096; x_wconf 92' lang='lat' dir='ltr'>Domino</span> <span class='ocrx_word' id='word_1_379' title='bbox 1563 3054 1738 3104; x_wconf 88' lang='lat' dir='ltr'>habuit,</span> 
     </span>
    </p>
   </div>
  </div>
 </body>
</html>
