2098 3476
647 362 753 396 CAP.
778 363 878 403 X11.,
902 344 1042 394 vERs.
1071 362 1213 394 1.—N.
1236 352 1396 408 706[c].
1666 366 1769 409 1921

275 482 397 518 esset
424 474 560 518 letale
587 476 623 517 si
654 475 887 523 biberint,‘'
914 481 1010 517 erat
1037 475 1157 529 quod
1185 475 1357 516 malitia
1383 475 1655 516 infernorum
1684 490 1774 517 non

273 538 491 581 infectura
512 539 639 590 illos;
673 539 794 593 quod
820 543 844 559 “
859 539 974 580 bene
997 539 1218 580 haberent
1240 538 1400 579 infirmi
1424 552 1502 591 per
1523 539 1773 592 impositio-

274 615 379 644 nem
420 601 618 651 manuS,''
655 609 752 643 erat
794 602 915 656 quod
957 615 1035 655 per
1077 602 1536 642 communicationem
1578 609 1623 642 et
1667 615 1775 643 con·

267 663 547 719 junctionem
574 678 675 706 cum
702 664 842 714 caelo,
867 665 931 706 ita
953 678 1054 705 cum
1082 664 1294 714 Domino,
1322 679 1348 705 a
1374 665 1541 705 morbis
1569 665 1774 718 spiritua-

272 728 402 778 libus,
422 741 535 782 quae
556 734 778 769 vocantur
799 729 1059 782 iniquitates
1082 734 1127 769 et
1151 735 1353 781 peccata,
1374 728 1746 769 convalescerent
1765 742 1773 778 ;

272 791 501 844 impositio
528 804 741 832 manuum
768 790 1087 844 discipulorum
1113 791 1496 844 correspondebat
1524 792 1773 832 communi-

271 854 439 896 cationi
460 860 507 896 et
525 853 827 907 conjunffioni
851 867 952 895 curn
973 854 1184 903 Domino,
1205 861 1250 895 et
1273 855 1334 895 sic
1353 855 1594 895 remotioni
1617 855 1774 908 iniqui-

273 923 421 959 tatum
443 932 522 972 per
540 917 750 958 Divinam
775 917 919 971 Ipsius
942 918 1212 971 potentiam.
1273 917 1412 971 Apud
1435 918 1639 967 Esaiam,

337 1013 438 1046 Dixit
452 1013 616 1056 Jehovah
632 1013 676 1045 ad
695 1013 887 1051 Achasum,
907 1016 926 1028 ⁴⁸
939 1014 1023 1045 Pete
1041 1014 1103 1045 tibi
1121 1014 1263 1054 signum
1281 1024 1303 1044 a
1318 1013 1496 1055 Jehovah.
1513 1039 1520 1046 .
1534 1039 1557 1052 .‚
1577 1015 1610 1045 in
1630 1014 1775 1055 profun-

446 1058 530 1089 dum
541 1057 670 1098 dirige.
685 1082 692 1089 .
707 1063 802 1095 ..aut
812 1057 944 1089 extolle
955 1067 1095 1088 sursum
1112 1067 1135 1094 ;.
1151 1082 1158 1089 .
1172 1082 1179 1089 .
1195 1058 1270 1089 .dat
1282 1057 1474 1090 Dominus.
1490 1059 1608 1090 ‚vobis
1618 1059 1774 1098 signum:

447 1100 538 1133 Ecce
550 1101 661 1141 Virgo
676 1101 852 1141 concipiet
869 1107 904 1132 et
922 1102 1034 1142 pariet
1050 1101 1171 1140 filium,
1186 1108 1221 1132 et
1238 1102 1381 1133 vocabit
1398 1111 1530 1133 nornen
1548 1101 1663 1142 Ipsius
1678 1102 1774 1134 Deus

446 1146 634 1176 nobiscum
647 1144 664 1156 '’
682 1145 754 1185 (vii.
775 1153 824 1183 11,
845 1147 917 1184 14):

271 1230 393 1284 quod
420 1230 531 1272 haec
555 1229 675 1272 dicta
698 1231 786 1271 sint
813 1231 870 1271 ad
898 1230 1132 1272 Achasum
1155 1244 1310 1285 regem
1335 1231 1550 1285 Jehudae,
1576 1238 1645 1273 est
1672 1233 1774 1286 quia

269 1307 352 1336 rex
385 1293 544 1348 Syriae
576 1301 621 1335 et
659 1309 739 1335 rex
775 1285 953 1335 Israeiis
985 1294 1155 1335 bellum
1187 1302 1425 1348 gesserunt
1458 1302 1616 1336 contra
1648 1295 1773 1336 illum

271 1371 411 1412 usque
426 1357 483 1399 ad
505 1357 887 1411 Hierosolymam,
904 1372 930 1399 a
948 1372 1136 1412 quorum
1152 1358 1353 1411 partibus
1366 1359 1502 1399 etiam
1518 1365 1614 1399 erat
1633 1359 1774 1399 tribus

262 1419 519 1474 Ephraimi,
552 1421 632 1462 sed
668 1435 807 1475 usque
843 1435 932 1462 non
970 1421 1234 1472 valuerunt;
1283 1435 1342 1462 ex
1381 1435 1516 1463 causa
1553 1423 1654 1476 quia
1690 1436 1772 1463 rex

270 1482 427 1538 Syriae
453 1485 513 1526 ibi
537 1486 898 1539 repraesentavit
924 1492 1167 1526 externum
1194 1499 1273 1526 seu
1305 1485 1511 1526 naturale
1537 1485 1770 1534 ecclesiae,

271 1561 353 1589 rex
369 1546 548 1589 Israelis
562 1548 789 1589 internum
804 1562 883 1589 seu
901 1548 1131 1602 spirituale
1145 1548 1252 1602 ejus,
1269 1555 1315 1590 et
1331 1548 1548 1602 Ephraim
1563 1549 1770 1590 intellec-

269 1607 395 1650 tuale
418 1607 539 1662 ejus;
572 1608 632 1649 ibi
649 1615 804 1650 autem
828 1610 914 1651 tria
936 1609 1027 1659 illa,
1048 1624 1212 1664 nempe
1231 1611 1454 1659 naturale,
1474 1611 1706 1664 spirituale
1725 1618 1772 1653 et

269 1669 596 1721 intellectuale,
616 1685 829 1725 perversa
850 1687 858 1722 ;
892 1686 1006 1726 quae
1029 1672 1283 1714 doctrinam
1302 1675 1409 1722 veri,
1428 1688 1542 1728 quae
1565 1688 1644 1727 per
1664 1678 1771 1715 “re-

269 1747 377 1789 gem
389 1734 594 1789 Jehudae
605 1735 625 1751 ’'
638 1742 685 1777 et
699 1750 779 1790 per
793 1740 818 1756 “
834 1736 1203 1790 Hierosolymam
1215 1737 1235 1752 ‘'
1250 1735 1579 1790 [²¹significatur,
1593 1739 1770 1792 impug-

270 1810 379 1840 nare
396 1797 639 1856 voluerunt
659 1813 668 1850 3
696 1813 834 1853 quare
853 1813 943 1840 non
963 1801 1182 1841 successit
1200 1800 1302 1841 illis.
1346 1801 1412 1842 Ut
1431 1815 1539 1842 vero
1558 1801 1771 1842 Achasus

269 1867 422 1903 certus
453 1860 582 1904 fieret
619 1863 677 1904 de
711 1863 967 1904 frustraneo
1000 1870 1193 1905 conatus
1226 1864 1420 1913 illorum,
1455 1865 1495 1906 ei
1527 1865 1691 1905 dicitur
1722 1871 1771 1905 ut

271 1925 499 1979 “signum
514 1925 734 1980 peteret,”
753 1926 840 1968 hoc
864 1933 950 1975 est,
971 1927 1346 1969 testificationem
1369 1935 1418 1969 ut
1441 1934 1592 1969 certus
1615 1926 1742 1968 fieret
1761 1941 1770 1978 ;

268 1994 318 2031 et
343 1989 455 2030 data
481 1990 521 2030 ei
551 1983 633 2031 fuit
659 1991 802 2044 optio,
831 1996 879 2031 ut
906 1989 979 2031 vel
1006 2004 1065 2031 ex
1093 1990 1222 2032 caelo
1244 1991 1317 2032 vel
1343 2006 1402 2032 ex
1430 1991 1602 2032 inferno
1629 1990 1771 2032 vellet

269 2051 465 2104 habere;
502 2053 624 2107 quod
656 2053 937 2107 significatur
968 2068 1048 2108 per
1081 2054 1172 2095 “In
1204 2055 1475 2108 profundum
1508 2055 1664 2108 dirige,
1698 2053 1771 2095 vel

269 2114 383 2157 tolle
405 2129 580 2157 sursum
598 2116 632 2168 ;’'
658 2130 764 2157 nam
787 2131 869 2158 rex
891 2124 990 2158 erat
1013 2117 1172 2158 malus.
1235 2117 1324 2159 Sed
1348 2119 1450 2172 quia
1478 2131 1568 2158 non
1591 2118 1769 2158 destru-

269 2178 389 2220 enda
409 2185 507 2220 erat
532 2178 868 2233 Hierosolyma,
889 2194 968 2234 per
990 2194 1125 2234 quam
1148 2180 1430 2234 significatur
1451 2179 1657 2222 doc'trina
1678 2180 1771 2220 veri

268 2255 334 2284 ex
351 2241 524 2292 Verbo,
548 2257 575 2284 a
601 2243 768 2285 talibus
790 2250 897 2286 ante
920 2245 1170 2286 adventum
1197 2245 1396 2295 Domini,
1420 2245 1523 2286 ideo
1546 2245 1586 2286 ei
1613 2244 1770 2285 datum

267 2310 339 2345 est
363 2304 544 2358 signum
570 2305 888 2346 miraculosum
915 2304 1165 2347 testificans
1191 2306 1248 2347 de
1280 2319 1334 2346 ea
1364 2320 1425 2355 re,
1454 2319 1617 2359 nempe
1650 2307 1770 2360 quod

271 2366 456 2421 “Virgo
481 2369 707 2422 concipiet
734 2375 780 2410 et
813 2370 956 2422 pariet
986 2369 1164 2418 Filium,
1193 2369 1316 2423 cujus
1343 2383 1509 2410 nomen
1536 2371 1619 2411 erit
1647 2370 1771 2410 Deus

269 2430 541 2472 nobiscum.''
603 2430 738 2485 Quod
771 2439 932 2485 postea
964 2432 1224 2474 destruetur
1252 2432 1445 2474 ecclesia
1476 2447 1542 2482 ea,
1572 2434 1772 2486 sequitur

268 2494 313 2535 in
338 2508 393 2535 eo
418 2495 581 2548 capite.
646 2494 785 2548 Apud
811 2495 1020 2544 eundem,

338 2583 448 2617 “Hoc
465 2585 528 2616 tibi
547 2585 688 2625 signum
707 2595 729 2617 a
745 2595 824 2617 cum
842 2585 1032 2627 Jehovah‚.
1048 2611 1055 2617 .
1070 2611 1076 2618 .
1092 2595 1188 2618 ,ecce
1206 2586 1384 2617 retraham
1405 2587 1567 2617 umbram
1585 2586 1771 2626 graduum.

446 2638 537 2670 quae
567 2627 786 2660 [21descendit
814 2629 849 2660 in
878 2630 1047 2670 gradibus
1073 2629 1208 2661 Achasi
1234 2640 1298 2670 pro
1323 2630 1408 2668 sole,
1430 2636 1623 2664 retrorsum
1649 2631 1771 2662 decem

443 2673 586 2714 gradus,
607 2680 645 2704 ut
665 2674 864 2704 retrocedat
892 2674 947 2705 sol
967 2674 1089 2705 decem
1111 2674 1243 2714 gradus
1269 2674 1303 2704 in
1324 2674 1495 2714 gradibus
1516 2684 1606 2715 quos
1626 2674 1772 2705 descen-

443 2717 545 2748 derat
555 2716 574 2728 ”
594 2717 752 2756 (xxxviii.
772 2724 800 2756 7,
820 2717 872 2757 8):

267 2808 355 2850 hoc
378 2809 556 2862 signum
582 2809 739 2850 datum
767 2816 836 2850 est
863 2810 957 2862 regi
987 2809 1173 2851 Hiskiae
1197 2817 1381 2864 propter
1403 2809 1770 2851 testificationem

268 2871 391 2926 quod
433 2872 654 2912 Dominus
691 2878 917 2913 tutaretur
957 2886 1059 2914 eum
1100 2880 1146 2914 et
1189 2873 1556 2926 Hierosolymam
1598 2887 1623 2914 a
1663 2887 1770 2926 rege

269 2933 501 2987 Assyriae,
548 2933 616 2988 (ut
663 2935 826 2976 dicitur
869 2949 1000 2976 versu
1040 2935 1068 2976 6
1107 2935 1202 2989 ibi,)
1247 2950 1325 2989 per
1369 2950 1502 2990 quem
1548 2936 1771 2988 “regem”

268 2997 572 3051 significatum
591 3004 659 3039 est
679 2999 899 3040 rationale
919 3012 1178 3052 perversum
1198 2999 1436 3041 destruens
1455 3001 1604 3042 omnia
1622 2999 1769 3041 eccle-
