2008 3458
509 10 518 19 ·
635 0 1294 31 ”T‘W“³÷⁷zff-:zwe=t.·samvtmffiw‘ssſsff
1310 0 1382 17 *-
1402 3 1421 15 π
1454 0 1456 2 ’
1494 0 1502 8 ’

537 29 544 36 ·
580 26 607 44 ‘A
631 27 673 51 ⁷,'·'
710 43 725 51 ἱ
747 17 818 43 μίν
896 22 969 35 ῥ,.,
1000 22 1017 41 ,1
1049 19 1080 53 «ἱῖ
1126 19 1201 49 Ῐκ.’,.,
1280 20 1285 37 s
1314 34 1315 38 Ἰ
1366 35 1373 42 ,ι

533 409 639 443 CAP.
663 409 786 451 xm„
813 410 951 443 VERs.
983 410 1153 442 11.—N.
1177 400 1355 456 817[a¹].
1587 411 1698 457 2²95

101 502 110 518 Λ
132 498 150 518 θ,

178 539 343 569 -amore
369 525 415 568 in
442 525 606 576 Deum,
635 531 683 568 et
713 539 774 567 ex
802 539 954 567 amore
982 539 1091 580 erga
1118 526 1391 580 proximum,
1420 525 1495 581 qui
1521 539 1701 569 amores

66 581 157 642 -ssf
188 590 359 633 faciunt
400 596 450 632 ut
489 589 568 632 illa
603 589 796 631 facultas
833 591 1140 631 communicet
1172 603 1275 631 cum
1319 589 1462 640 caelo,
1502 603 1554 631 ac
1597 591 1702 634 inde

110 668 167 708 ζμ,
189 655 376 708 recipiat
401 653 766 696 illustrationem.
829 653 882 694 In
907 667 964 695 eo
989 654 1139 708 capite
1165 654 1284 708 apud
1307 653 1502 695 Esaiam
1530 655 1700 697 descri-

87 727 145 770 ῖς·
189 719 357 770 buntur
387 717 451 760 illi
486 718 562 773 qui
597 718 642 759 in
678 718 795 759 veris
827 717 997 772 absque
1038 718 1159 759 bono
1192 724 1311 767 sunt,
1347 725 1394 759 et
1433 719 1704 763 describitur

188 783 310 838 quod
331 783 485 825 omnia
505 796 611 824 vera
632 781 752 836 apud
780 780 881 822 illos
905 787 1142 822 vertantur
1167 782 1212 822 in
1241 781 1365 823 falsa.
1432 783 1519 825 Hic
1548 785 1701 839 itaque

94 839 121 894 f
184 853 259 889 est
283 860 444 891 sensus
466 846 707 901 spiritualis
730 845 908 887 illorum
932 845 1198 886 verborum:
1239 846 1348 888 “Ne
1378 847 1573 897 laeteris,
1600 849 1701 890 Phi-

80 903 143 963 ἲφ-ζ-
166 909 383 966 ,listhaea
402 917 519 961 tota,
538 911 661 966 quod
682 908 824 951 fracta
844 910 902 951 sit
928 910 1055 963 virga
1082 910 1340 963 percutiens
1366 911 1451 961 te‚'‘
1476 912 1703 966 significat

86 1022 90 1029 ¹
188 986 246 1016 ne
267 975 500 1029 gaudeant
522 990 582 1017 ex
609 990 678 1024 eo,
702 975 824 1030 quod
851 974 986 1015 liceat
1014 973 1100 1014 illis
1127 988 1393 1028 permanere
1417 976 1460 1016 in
1488 989 1569 1016 sua
1594 975 1701 1016 hae-

186 1038 275 1080 resi
297 1038 357 1080 ob
373 1040 651 1093 paucitatem
670 1039 849 1080 illorum
868 1039 942 1093 qui
965 1038 1008 1078 in
1034 1039 1149 1078 veris
1169 1053 1228 1079 ex
1255 1038 1377 1080 bono
1396 1046 1500 1080 sunt
1519 1054 1527 1090 ;
1559 1043 1702 1080 “nam

113 1098 127 1116 ⁴‘
186 1108 222 1144 ε’
252 1102 404 1144 radice
445 1104 669 1157 serpentis
710 1103 855 1144 exibit
899 1102 1165 1143 basiliscus’'
1211 1102 1436 1156 significat
1479 1103 1600 1156 quod
1641 1117 1701 1144 ex

186 1165 384 1213 sensuali
413 1166 596 1208 homine
623 1173 843 1221 exsurget
876 1167 1048 1220 dogma
1075 1167 1316 1208 destruens
1349 1180 1486 1208 omne
1517 1180 1700 1218 verum;

189 1229 359 1271 “radix
396 1230 650 1284 serpentis'’
688 1237 758 1272 est
797 1230 1020 1279 sensuale,
1065 1231 1187 1285 quod
1223 1238 1294 1272 est
1337 1230 1544 1271 ultimum
1580 1232 1702 1272 vitae

79 1288 110 1342 -ἷῗ
134 1331 135 1335 ,
186 1291 395 1343 hominis,
423 1301 470 1335 et
499 1294 772 1336 “basiliscus
785 1294 804 1309 '‘
830 1301 900 1336 est
927 1293 1178 1335 destructio
1206 1295 1353 1335 omnis
1379 1295 1497 1335 veri:
1538 1294 1700 1348 “cujus

79 1349 122 1411 f<
186 1354 355 1399 fruetus
394 1363 571 1411 prester
610 1357 811 1407 volans,'’
847 1357 1074 1412 significat
1119 1372 1142 1399 e
1186 1372 1276 1412 quo
1313 1365 1553 1399 enascetur
1590 1358 1702 1399 fides

84 1419 137 1484 ’μ
185 1427 398 1474 separata
440 1434 468 1462 a
511 1421 763 1472 charitate;
812 1422 924 1463 haec
967 1422 1239 1476 intelligitur
1285 1436 1365 1476 per
1411 1426 1700 1475 “presterem

185 1483 460 1535 volantem‚’'
492 1499 553 1527 ex
585 1499 722 1528 causa
753 1487 857 1540 quia
888 1500 968 1540 per
1000 1487 1236 1527 ratiocinia
1267 1493 1314 1528 et
1347 1500 1426 1540 per
1460 1486 1698 1528 confirma-

167 1548 335 1590 tiones
374 1562 436 1591 ex
475 1549 690 1591 revelatis
727 1563 819 1591 non
859 1548 1106 1591 intellectis
1150 1563 1324 1591 sursum
1367 1550 1507 1599 volat,
1547 1556 1594 1591 et
1636 1551 1699 1591 sic

185 1617 322 1654 necat
346 1613 572 1664 viventia;
605 1613 750 1655 simile
777 1614 930 1668 itaque
957 1627 1036 1667 per
1066 1613 1364 1655 “basiliscum
1377 1614 1396 1629 '’
1421 1613 1700 1667 significatur

185 1674 308 1730 quod
348 1689 430 1730 per
467 1676 792 1726 “draconem,''
829 1677 904 1731 qui
941 1678 1079 1719 etiam
1119 1684 1310 1719 vocatur
1345 1677 1608 1730 “serpens,”
1646 1691 1698 1718 ac

184 1738 330 1781 simile
370 1753 452 1794 per
485 1743 775 1793 “presterem
817 1740 1085 1782 volantem'’
1124 1742 1245 1795 quod
1287 1755 1367 1795 per
1401 1741 1636 1782 “bestiam
1673 1755 1700 1782 e

182 1802 329 1845 ‘mari’'
350 1815 403 1845 ac
428 1817 509 1858 per
533 1807 559 1824 “
575 1803 770 1845 bestiam
797 1818 821 1845 e
847 1803 998 1845 terra'’
1022 1805 1341 1855 ascendentes,
1367 1806 1412 1846 in
1438 1805 1525 1846 hoc
1549 1807 1700 1859 capite

76 1842 549 1921 ''⁷²Ap0calypse0s:
593 1870 741 1909 “tunc
781 1874 972 1921 pascent
1015 1869 1308 1922 primogeniti
1348 1876 1609 1923 pauperum‘
1651 1876 1699 1912 et

184 1930 318 1983 egeni
357 1929 642 1972 confidenter
682 1931 954 1981 cubabunt,’'
996 1931 1223 1985 significat
1265 1932 1387 1987 quod
1430 1933 1614 1987 quando
1652 1933 1698 1974 id

183 1992 356 2047 dogma
371 2001 606 2048 receptum
623 2001 695 2036 est
713 1995 771 2035 ab
788 1994 875 2036 illis
893 1995 966 2049 qui
985 1994 1216 2036 naturales
1232 2002 1279 2037 et
1300 1995 1532 2037 sensuales
1552 1996 1698 2038 homi-

185 2063 265 2098 nes
285 2063 406 2108 sunt,
425 2064 474 2099 et
495 2071 544 2099 se
567 2058 758 2099 credunt
782 2072 940 2112 sapere
964 2072 1071 2112 prae
1096 2059 1207 2107 aliis,
1229 2066 1337 2100 tunc
1362 2074 1468 2100 vera
1492 2074 1551 2100 ex
1576 2060 1699 2102 bono

183 2121 304 2175 apud
325 2120 429 2163 illos
450 2122 526 2176 qui
549 2122 810 2163 desiderant
833 2136 940 2164 vera
963 2136 1015 2164 ac
1039 2122 1200 2164 volunt
1224 2123 1359 2172 bona,
1383 2121 1556 2164 viaestura
1580 2124 1668 2165 sint
1687 2138 1698 2175 ;

186 2184 548 2239 “primogeniti”
583 2186 629 2226 in
666 2185 824 2226 Verbo
861 2186 1121 2239 significant
1159 2200 1267 2227 vera
1306 2193 1416 2227 nata
1457 2201 1518 2227 ex
1560 2187 1696 2236 bono,

187 2240 756 2302 “pauperes'’'significant
782 2249 885 2290 illos
908 2250 982 2304 qui
1010 2263 1101 2290 non
1128 2251 1172 2291 in
1201 2251 1316 2291 veris
1342 2257 1462 2299 sunt,
1488 2257 1535 2292 at
1558 2265 1698 2305 usque

183 2310 447 2354 desiderant
468 2312 559 2362 illa,
579 2326 632 2354 ac
653 2313 856 2367 “egeni'’
875 2313 1135 2367 significant
1159 2314 1261 2355 illos
1285 2315 1360 2368 qui
1383 2328 1474 2355 non
1502 2316 1544 2355 in
1568 2316 1698 2357 bonis
1740 2317 1742 2319 ’

183 2381 304 2426 sunt,
326 2375 406 2417 sed
433 2390 573 2430 usque
595 2377 732 2418 corde
755 2376 916 2418 volunt
943 2377 1044 2419 illa:
1083 2381 1171 2419 “et
1200 2378 1407 2420 occidam
1437 2378 1553 2419 fame
1578 2380 1696 2420 radi-

65 2435 78 2486 ζ
99 2445 132 2490 ,Ῐῖ
184 2452 284 2481 cem
305 2446 446 2489 tuam,
471 2446 518 2481 et
543 2440 747 2482 residuos
769 2447 874 2483 tuos
901 2442 1121 2491 occidet,”
1147 2441 1379 2496 significat,
1399 2443 1520 2496 quod
1545 2445 1698 2484 omnia

71 2493 123 2549 ’ζ’
182 2516 292 2544 vera
327 2516 355 2544 a
391 2503 544 2558 primis
581 2517 735 2546 eorum
772 2505 829 2545 ad
868 2505 1029 2546 ultima
1069 2507 1266 2560 peritura
1306 2507 1397 2547 sint
1444 2520 1524 2560 per
1555 2506 1693 2547 falsa:

185 2565 358 2620 “Ejula
388 2573 534 2622 porta,
568 2566 717 2609 clama
754 2569 898 2619 urbs,’‘
930 2568 1156 2624 significat
1199 2570 1321 2624 quod
1361 2583 1443 2610 nec
1483 2570 1695 2610 introitus

86 2671 118 2690 ,
184 2629 367 2672 dabitur
389 2631 447 2672 ad
474 2631 658 2685 aliquod
682 2646 854 2682 verum,
880 2640 926 2676 et
954 2634 1074 2689 quod
1103 2632 1310 2675 doctrina
1338 2633 1609 2674 conflabitur
1634 2634 1705 2674 ex'

74 2702 81 2714 ³
185 2694 320 2735 meris
349 2693 499 2746 falsis3
535 2699 706 2749 “porta
721 2696 740 2712 '’
769 2697 995 2752 significat
1030 2698 1269 2739 introitum
1305 2698 1363 2738 ad
1391 2711 1498 2738 vera
1525 2695 1693 2738 doctri-

184 2770 284 2806 nae,
303 2764 351 2799 et
372 2757 546 2799 “urbs'’
564 2757 843 2803 doctrinam:
876 2760 1155 2817 “liquefacta
1178 2769 1249 2804 est
1275 2761 1569 2809 Philisthaea,
1592 2767 1694 2802 tota

155 2841 157 2843 r
183 2821 274 2870 tu,''
291 2820 518 2875 significat
536 2822 893 2867 destructionem
917 2825 1034 2867 illius
1055 2826 1278 2868 ecclesiae
1301 2839 1381 2880 per
1406 2838 1529 2866 mera
1552 2823 1691 2864 salsa:

185 2886 328 2940 “quia
358 2900 385 2927 a
416 2889 731 2941 septentrione
766 2889 912 2931 fumus
944 2890 1111 2945 venit,'‘
1138 2890 1365 2945 significat
1400 2889 1521 2944 quod
1555 2901 1691 2929 omne

182 2947 346 2991 falsum
378 2949 485 2991 mali
517 2951 789 3005 irrupturum
831 2954 890 2994 sit
922 2954 980 2995 ab
1021 2953 1222 3005 inferno;
1260 2953 1554 3008 “septentrio
1567 2951 1586 2966 ”
1619 2958 1692 2992 est

182 3011 418 3060 infernum.
447 3020 494 3056 et
523 3014 739 3056 “fumus’'
764 3022 836 3057 est
862 3016 1023 3058 falsum
1051 3017 1186 3058 mali:
1224 3022 1349 3059 “nec
1382 3016 1610 3058 solitarius
1644 3015 1690 3056 in

183 3078 485 3120 conventibus
518 3078 647 3130 tuis,”
673 3078 900 3134 significat
932 3080 1054 3136 quod
1086 3094 1178 3124 non
1211 3093 1348 3123 unum
1380 3092 1538 3123 verum
1570 3079 1691 3121 inter
