2098 3476
381 360 485 413 1918
787 369 1117 401 APOCALYPSIS
1149 368 1447 401 EXPLICATA.

549 483 675 514 derunt
695 483 729 513 in
751 483 900 521 deserto,
919 483 1006 513 sicut
1026 483 1193 522 scriptum
1214 488 1278 520 est,
1298 482 1430 513 Panem
1451 491 1470 513 e
1490 481 1587 512 caelo
1607 481 1703 512 dedit
1723 481 1792 513 illis
1812 481 1855 512 ad

549 527 734 558 edendum.
783 526 879 557 Dixit
903 526 971 556 illis
995 525 1109 567 Jesus,
1131 526 1257 563 Amen,
1278 535 1381 556 amen
1406 525 1484 556 dico
1505 525 1615 562 vobis,
1636 534 1707 555 non
1734 523 1855 556 Moses

549 569 644 600 dedit
671 569 773 600 vobis
798 578 924 609 panem
953 579 972 600 e
1000 569 1107 606 caelo,
1129 569 1190 600 sed
1221 569 1325 600 Pater
1353 578 1452 599 meus
1476 568 1535 599 dat
1559 568 1659 599 vobis
1683 577 1813 608 panem
1837 577 1856 598 e

552 613 651 643 caelo
664 622 785 643 verum
800 623 806 644 ε
828 613 929 652 panis
942 622 1093 652 namque
1109 612 1176 643 Dei
1190 618 1243 643 est
1257 612 1315 652 qui
1332 611 1513 643 descendit
1529 612 1573 642 de
1584 611 1683 642 caelo
1696 617 1731 642 et
1747 611 1856 642 vitam

549 656 609 687 dat
624 654 784 686 mundo'’
802 655 858 694 (vi.
878 656 1016 694 30-33):

377 747 449 788 hic
476 761 651 801 quoque
678 745 916 799 [¹]discipuli
941 747 1177 787 voluerunt
1204 748 1406 800 signum;
1442 746 1561 800 quod
1588 760 1666 799 per
1695 746 1739 787 id
1765 746 1855 800 sig-

376 809 578 850 nificetur
615 809 872 850 testificatio
917 816 965 850 ut
1011 809 1210 858 credant,
1251 816 1444 857 constat,
1484 822 1587 849 nam
1628 809 1853 858 dixerunt,

379 872 482 913 “Ut
514 872 744 912 videamus
780 878 825 912 et
858 871 1104 919 credamus,
1138 871 1242 925 quid
1274 873 1468 924 operaris
1484 871 1521 911 ?'’
1581 870 1715 924 Quod
1747 878 1855 912 tunc

375 935 570 975 dixerint
608 935 663 974 de
703 934 945 982 “manna,”
983 940 1029 974 et
1066 934 1185 987 quod
1223 934 1442 974 Dominus
1482 933 1762 986 responderit
1799 934 1855 975 de

377 1001 532 1049 “pane
563 1011 587 1037 e
618 996 782 1044 caelo,”
807 1003 904 1036 erat
931 997 1031 1049 quia
1063 1010 1140 1049 per
1168 999 1368 1048 “panem
1382 996 1400 1011 '’
1422 995 1696 1049 significatur
1721 1009 1854 1037 omne

374 1057 541 1097 bonum
563 1064 608 1098 et
635 1070 788 1098 verum
810 1058 929 1111 quod
957 1059 1096 1098 nutrit
1119 1059 1326 1106 animam,
1351 1064 1397 1098 et
1423 1059 1466 1098 in
1489 1071 1697 1111 supremo
1723 1072 1855 1100 sensu

375 1120 477 1172 Ipse
511 1120 743 1169 Dominus,
772 1134 797 1160 a
828 1135 915 1173 quo
941 1134 1073 1161 omne
1100 1119 1330 1161 doarinae
1362 1127 1408 1161 et
1440 1134 1572 1167 omne
1599 1121 1855 1161 nutritionis

375 1182 628 1234 spiritualis,
657 1195 734 1234 per
759 1182 878 1235 quod
905 1182 1170 1223 testificatus
1197 1190 1265 1223 est
1292 1190 1340 1223 ut
1366 1183 1548 1223 videant
1577 1190 1623 1223 et
1654 1183 1854 1224 credant.

374 1242 507 1295 Quod
534 1258 671 1297 usque
698 1245 805 1284 data
836 1245 893 1285 sit
920 1244 1191 1293 testificatio,
1220 1258 1332 1298 quae
1364 1251 1432 1285 est
1459 1246 1636 1297 signum
1661 1259 1685 1286 e
1711 1245 1852 1294 caelo,

373 1306 513 1346 tribus
553 1306 792 1358 discipulis,
836 1307 981 1355 Petro,
1022 1307 1191 1359 jacobo
1232 1314 1278 1347 et
1318 1307 1525 1359 Johanni,
1567 1314 1748 1348 constat
1794 1321 1854 1348 ex

372 1368 764 1408 transformatione
784 1369 978 1417 Domini,
999 1376 1105 1409 tunc
1124 1370 1243 1409 enim
1261 1369 1466 1409 viderunt
1485 1369 1674 1422 gloriam
1694 1369 1852 1422 Ipsius,

372 1437 418 1470 et
450 1444 625 1483 quoque
657 1431 921 1471 audiverunt
952 1445 1109 1472 vocem
1141 1445 1164 1471 e
1196 1431 1322 1472 caelo
1354 1431 1593 1480 dicentem,
1627 1431 1753 1472 “Hic
1785 1439 1855 1473 est

373 1492 510 1532 Filius
536 1506 659 1532 meus
686 1491 890 1541 dilefituS,
920 1493 1071 1545 Ipsum
1098 1493 1278 1534 audite'’
1308 1493 1468 1546 (Marc.
1494 1495 1555 1534 ix.
1581 1504 1633 1546 7;
1665 1493 1766 1535 Luc.
1793 1495 1854 1535 ix.

372 1563 454 1607 35;
485 1554 648 1595 Mattlz.
676 1553 816 1595 [²]xvii.
847 1554 906 1608 5).
972 1555 1109 1607 Apud
1136 1556 1342 1604 eundem,

437 1648 526 1680 Cum
551 1648 654 1690 Jesus
679 1659 698 1681 e
723 1649 855 1689 templo
881 1649 1034 1689 ejecerat
1058 1650 1264 1688 vendentes,
1289 1650 1453 1682 dixerunt
1476 1649 1612 1692 Judaei,
1638 1650 1855 1692 “Quodnam

543 1693 909 1732 signum..monstras
934 1694 1027 1733 quod
1054 1693 1140 1724 haec
1168 1693 1299 1725 facias?
1346 1693 1543 1734 Respondit
1569 1693 1684 1735 Jesus,
1709 1699 1745 1725 et
1767 1693 1856 1726 dixit

544 1736 782 1818 iiiisd’sslyitg
803 1736 991 1819 Tgmpgum
1020 1736 1095 1774 hoc,
1125 1736 1160 1767 in
1191 1737 1301 1768 tribus
1329 1742 1448 1768 tamen
1480 1737 1603 1768 diebus
1631 1737 1855 1769 exsuscitabo

543 1789 552 1810 1
582 1789 603 1810 u
688 1789 720 1810 ιι.
742 1788 755 1810 1
783 1804 790 1818 ,
811 1788 824 1810 1
853 1804 860 1817 ‚
881 1788 920 1819 19
945 1790 951 1811 :

370 1877 488 1930 quod
524 1877 593 1917 hic
632 1890 710 1929 per
743 1877 958 1930 “signum
995 1877 1277 1918 monstrare”
1314 1877 1586 1931 significetur
1622 1877 1854 1919 testificari

370 1953 448 1992 per
473 1939 652 1992 aliquod
679 1939 950 1991 stupendum
977 1946 1052 1980 aut
1080 1953 1157 1992 per
1182 1953 1340 1981 vocem
1366 1954 1390 1980 e
1416 1939 1554 1988 caelo,
1584 1946 1738 1993 patet;
1771 1940 1851 1981 sed

371 2003 472 2055 quia
497 2001 756 2042 testificatio
783 2002 885 2042 talis
917 2002 1016 2042 illos
1043 2002 1347 2044 damnavisset
1374 2003 1521 2055 potius
1548 2015 1680 2056 quam
1707 2002 1852 2044 salva-

367 2066 519 2112 visset,
553 2071 601 2104 ut
639 2077 747 2104 mox
785 2078 917 2116 supra
951 2063 1119 2105 di&um
1161 2071 1243 2114 est,
1277 2066 1378 2106 ideo
1414 2065 1499 2105 illis
1530 2065 1760 2118 respondit
1797 2065 1852 2107 de

371 2123 641 2178 “Ter‘nplo,''
678 2140 754 2178 per
796 2127 914 2179 quod
956 2127 1185 2168 intellexit
1228 2141 1388 2180 corpus
1429 2140 1569 2176 suum,
1608 2127 1727 2180 quod
1767 2127 1852 2169 hoc

369 2189 630 2237 solveretur,
664 2189 747 2229 hoc
786 2196 869 2236 est,
905 2197 1165 2238 moreretur,
1200 2196 1245 2230 et
1266 2187 1580 2242 'glorificatum
1612 2191 1747 2231 tertio
1782 2190 1854 2232 die

368 2258 646 2304 resurgeret3
685 2251 769 2292 hoc
802 2266 976 2305 quoque
1009 2259 1078 2292 est
1110 2253 1230 2305 quod
1264 2253 1481 2292 Dominus
1513 2252 1742 2293 intellexit
1772 2265 1851 2306 per

371 2314 584 2366 “signum
605 2314 745 2366 Jonae
769 2316 811 2354 in
835 2322 992 2354 ventre
1015 2316 1103 2355 ceti
1129 2315 1270 2355 tribus
1292 2315 1448 2355 diebus
1475 2321 1520 2355 et
1546 2315 1686 2355 tribus
1709 2313 1852 2356 noc'ti-

369 2375 487 2415 bus.'’
543 2375 697 2428 (Quod
721 2389 797 2428 per
818 2380 842 2396 “
856 2376 1125 2429 Templum''
1144 2378 1186 2416 in
1205 2390 1413 2429 supremo
1431 2391 1562 2418 sensu
1581 2376 1854 2430 significetur

369 2451 528 2490 corpus
555 2438 748 2487 Domini,
773 2439 977 2479 videatur
1002 2439 1108 2487 Jolz.
1133 2440 1172 2479 ii.
1196 2439 1282 2493 21.)
1345 2439 1482 2492 Apud
1506 2439 1683 2489 Lucam,

433 2537 592 2577 Angelus
605 2537 691 2568 dixit
703 2538 937 2577 pastoribus‚“
950 2538 1061 2569 Natus
1076 2544 1129 2569 est
1141 2539 1241 2570 vobis
1255 2539 1360 2569 hodie
1372 2538 1543 2576 Salvator,
1554 2538 1612 2579 qui
1626 2544 1680 2570 est
1691 2538 1853 2570 Christus

543 2580 727 2618 Dominus,
738 2582 772 2611 in
787 2583 872 2612 urbe
886 2581 1033 2612 Davidis
1047 2593 1053 2613 :
1073 2588 1107 2612 et
1120 2583 1187 2613 hoc
1198 2583 1299 2613 vobis
1311 2582 1463 2621 signum,
1473 2582 1662 2613 invenietis
1674 2581 1853 2614 Infantem

541 2623 659 2655 fasciis
676 2624 872 2655 involutum
890 2625 1066 2664 jacentem
1085 2626 1120 2656 in
1139 2625 1331 2665 praesepi”
1349 2625 1396 2665 (ii.
1413 2633 1461 2663 11,
1478 2633 1527 2662 12,
1543 2625 1615 2665 16):

369 2730 579 2782 quoniam
606 2743 684 2782 per
708 2731 921 2782 “signum
935 2730 953 2745 ‘'
975 2730 1240 2784 intelligitur
1263 2729 1520 2771 testificatio
1541 2737 1590 2771 ut
1616 2730 1852 2772 crederent

368 2791 487 2844 quod
515 2798 645 2832 natus
672 2799 790 2832 esset
818 2792 1025 2833 Salvator
1048 2794 1214 2842 mundi,
1239 2793 1340 2833 ideo
1362 2793 1523 2833 dicitur
1545 2793 1664 2846 quod
1689 2793 1851 2834 “inve-

369 2857 514 2895 nirent
545 2855 696 2906 Ipsum
723 2855 948 2907 jacentem
975 2857 1018 2896 in
1046 2857 1246 2908 praesepi
1273 2855 1522 2896 involutum
1548 2855 1690 2896 fasciis
1707 2855 1741 2906 ;’'
1772 2855 1850 2896 sed

368 2918 488 2970 quod
520 2917 563 2956 id
597 2917 856 2958 testificatio
888 2925 1022 2967 esset,
1048 2932 1180 2959 nemo
1212 2925 1363 2971 potest
1395 2919 1519 2966 scire,
1551 2918 1631 2958 nisi
1663 2919 1736 2971 qui
1767 2919 1852 2959 scit

368 2980 472 3032 quid
497 2979 760 3032 intelligitur
782 2994 859 3032 per
885 2981 1176 3034 “praesepe‚''
1198 2988 1243 3022 et
1270 2981 1373 3035 quid
1397 2994 1475 3034 per
1499 2981 1693 3022 “fascias
1709 2980 1742 3032 ;'’
1774 2993 1852 3034 per
