2054 3464
420 356 528 399 2092
832 358 1162 394 APOCALYPSIS
1194 362 1493 397 EXPLICATA.

417 467 603 508 Domino
628 468 843 510 salvandi
862 470 962 511 illos
984 472 1063 524 qm'
1085 472 1140 513 ab
1170 474 1344 516 ecclesia
1364 475 1516 528 Ipsius
1541 483 1645 518 sunt
1662 483 1751 530 per
1769 477 1900 521 Divi-

417 543 519 570 num
543 545 670 571 suum
706 532 877 581 Verum,
906 534 984 586 qui
1004 535 1132 575 corde
1154 542 1196 576 et
1218 537 1369 578 anima
1393 539 1445 578 id
1465 540 1689 591 recipiunt,
1717 547 1900 584 constat
1961 550 1963 552 ’
2025 543 2046 579 ss

416 606 474 632 ex
506 593 835 645 significatione
869 596 1108 645 “salutis,”
1139 599 1258 651 quod
1291 601 1348 640 sit
1381 600 1601 652 salvatio;
1641 616 1699 643 ex
1731 603 1900 656 signifi·

415 655 594 696 catione
623 658 932 709 “potentiae,’'
958 659 1077 712 quod
1109 662 1167 701 sit
1194 662 1313 714 quod
1346 664 1505 715 possit,
1533 665 1597 704 ita
1623 665 1901 718 possibilitas

415 728 470 764 (de
484 737 548 764 qua
562 730 745 770 sequitur);
791 734 850 761 ex
881 722 1214 774 significatione
1243 725 1450 778 “regni,'’
1481 727 1602 780 quod
1634 728 1691 768 sit
1721 729 1897 770 caelum

413 786 459 820 et
491 781 685 822 ecclesia
716 793 770 831 (de
786 803 850 831 qua
863 804 968 832 supra,
985 805 1015 825 n.
1035 787 1101 836 48,
1119 786 1280 839 [“]685);
1317 802 1376 828 eX
1407 789 1743 842 Significatione
1773 790 1899 833 “Dei

413 845 594 893 nostri,'’
626 847 745 899 quod
778 849 836 888 sit
874 848 1095 890 Dominus
1126 852 1274 904 quoad
1310 866 1438 893 suum
1475 854 1713 905 Divinum;
1756 861 1803 896 et
1838 869 1899 896 ex

412 907 742 959 significatione
768 913 1052 964 “potestatis
1077 913 1243 955 Christi
1268 915 1452 968 Ipsius‚”
1474 917 1593 969 quod
1619 917 1676 957 sit
1698 916 1899 959 efficacia

412 969 561 1010 Divini
589 971 710 1020 Veri,
744 973 809 1013 ita
840 987 918 1026 per
946 974 1157 1016 Divinum
1187 976 1370 1017 Verum.
1434 977 1566 1030 Quod
1600 992 1677 1031 per
1698 978 1897 1021 “Chris-

411 1032 538 1072 tum’'
561 1034 844 1087 intelligatur
871 1036 1090 1078 Dominus
1117 1039 1264 1092 quoad
1298 1039 1509 1081 Divinum
1537 1041 1721 1090 Verum,
1747 1042 1899 1084 videa-

411 1101 483 1135 tur
500 1110 634 1149 supra
653 1108 697 1145 (n.
713 1098 808 1150 684.
821 1099 948 1152 685>;
976 1107 1022 1142 et
1040 1103 1160 1155 quod
1182 1107 1206 1123 ‘⁴
1220 1098 1469 1156 potestas‚'”
1487 1117 1589 1145 cum
1607 1105 1663 1145 de
1681 1105 1895 1155 Domino,

410 1159 636 1211 significet
655 1161 956 1203 salvationem
975 1166 1154 1216 generis
1172 1165 1357 1206 humani
1376 1176 1495 1215 (supra,
1511 1187 1542 1207 n.
1559 1178 1656 1219 293)
1675 1181 1684 1218 3
1711 1174 1757 1208 et
1774 1167 1896 1221 quod

410 1230 617 1276 potestas
650 1225 855 1267 salvandi
888 1228 1085 1269 Domino
1116 1230 1174 1270 sit
1212 1243 1290 1283 per
1321 1230 1533 1271 Divinum
1565 1244 1692 1272 suum
1723 1231 1895 1273 Verum

410 1294 517 1331 (etiam
537 1304 642 1333 supra,
659 1306 690 1327 n.
713 1288 947 1340 333,726);
984 1295 1030 1330 et
1060 1291 1163 1342 quia
1195 1290 1417 1331 Dominus
1448 1305 1540 1332 non
1570 1292 1683 1333 alios
1714 1292 1895 1334 salvare

409 1356 563 1402 potest
596 1364 730 1404 quam
763 1351 865 1392 illos
897 1354 970 1406 qui
1002 1355 1152 1394 anima
1184 1361 1229 1395 et
1262 1355 1397 1396 corde
1428 1357 1649 1409 recipiunt
1682 1356 1894 1399 Divinum

409 1413 578 1454 Verum
601 1415 658 1454 ab
682 1414 801 1467 Ipso,
821 1415 923 1456 ideo
942 1416 1026 1457 hoc
1046 1418 1183 1457 etiam
1202 1418 1491 1471 significatur.
1554 1419 1665 1460 Inde
1683 1425 1894 1461 constare

407 1482 562 1529 potest
589 1478 708 1530 quod
736 1492 812 1530 per
838 1478 1006 1519 “Nunc
1034 1478 1150 1520 facta
1173 1487 1242 1521 est
1270 1480 1390 1521 salus
1416 1487 1462 1522 et
1489 1482 1696 1534 potentia
1717 1487 1764 1522 et
1789 1495 1894 1536 reg-

407 1553 513 1581 num
551 1531 831 1590 Dei'nostri,
866 1548 911 1582 et
949 1548 1156 1595 potestas
1189 1543 1356 1584 Christi
1399 1543 1581 1597 Ipsius,”
1618 1543 1895 1597 significetur

407 1603 525 1656 quod
553 1617 668 1644 nunc
696 1606 904 1657 potentia
931 1605 1133 1645 Domino
1154 1605 1358 1647 salvandi
1383 1606 1484 1647 illos
1510 1607 1584 1660 qui
1614 1607 1672 1648 ab
1701 1606 1894 1649 ecclesia

407 1666 550 1719 Ipsius
578 1673 696 1715 sunt,
721 1681 800 1720 per
823 1668 1034 1708 Divinum
1057 1682 1184 1708 suum
1208 1669 1392 1718 Verum,
1416 1670 1489 1723 qui
1512 1670 1646 1711 corde
1671 1676 1718 1711 et
1744 1671 1893 1711 anima

405 1729 449 1769 id
475 1721 725 1782 recipiunt:
760 1730 935 1778 dicitur,
964 1731 1037 1783 qui
1063 1732 1283 1784 recipiunt
1310 1732 1445 1772 corde
1471 1739 1517 1773 et
1544 1733 1706 1781 anima,
1735 1739 1781 1774 et
1813 1746 1893 1786 per

405 1793 447 1832 id
479 1793 749 1845 intelligitur
774 1807 926 1834 amore
952 1800 998 1834 et
1031 1793 1130 1842 fide,
1160 1801 1254 1835 tum
1282 1795 1521 1836 voluntate
1553 1802 1598 1836 et
1629 1794 1890 1846 intelle-{tm

405 1870 482 1908 per
507 1856 772 1896 “animam''
795 1857 914 1897 enim
940 1857 983 1896 in
1007 1856 1176 1903 Verbo,
1202 1858 1273 1897 ubi
1300 1858 1462 1898 dicitur
1490 1859 1676 1899 “anima
1702 1864 1748 1899 et
1775 1857 1890 1907 cor,'’

405 1918 684 1971 significatur
709 1918 833 1967 fides,
862 1925 958 1959 tum
986 1919 1259 1968 intellectus,
1284 1927 1330 1961 et
1355 1934 1434 1974 per
1462 1921 1606 1961 “cor’'
1629 1934 1768 1969 amor,
1793 1927 1890 1963 tum

404 1980 615 2020 voluntas
637 1995 645 2030 ;
680 1994 784 2020 nam
811 1981 869 2021 ibi
902 1995 979 2034 per
1008 1982 1273 2022 “animam’'
1299 1983 1343 2022 in
1375 1996 1508 2023 sensu
1533 1983 1694 2023 ultimo
1719 1983 1890 2024 intelli-

405 2044 525 2095 gitur
550 2044 785 2095 respiratio
812 2044 1018 2092 hominis‚
1044 2058 1158 2097 quae
1184 2046 1322 2086 etiam
1349 2046 1529 2098 spiritus
1555 2045 1648 2098 ejus
1673 2052 1888 2096 vocatur;

404 2119 539 2158 quare
586 2106 748 2146 dicitur
790 2107 1061 2147 “animare”
1102 2121 1182 2160 pro
1227 2108 1457 2160 respirare,
1500 2114 1596 2148 tum
1640 2109 1890 2150 “emittere

404 2168 632 2208 animam'’
664 2175 710 2208 et
740 2170 982 2221 “spiritum
997 2169 1016 2184 '’
1043 2183 1144 2210 cum
1176 2171 1362 2210 moritur
1394 2170 1556 2210 homo:
1601 2171 1720 2224 quod
1751 2172 1890 2212 etiam

405 2230 625 2270 “anima''
666 2231 888 2283 significet
934 2231 1083 2280 fidem,
1125 2238 1173 2272 ut
1220 2239 1265 2272 et
1311 2231 1607 2281 intelle&um,
1650 2246 1703 2274 ac
1745 2233 1890 2275 “cor”

403 2306 619 2342 amorem,
648 2300 696 2334 ut
729 2300 774 2334 et
801 2294 1101 2343 voluntatem,
1131 2301 1200 2336 est
1233 2309 1291 2335 ex
1318 2296 1747 2348 correspondentia;
1779 2295 1889 2338 fides

402 2357 520 2397 enim
555 2370 605 2396 ac
644 2355 902 2397 intellecffms
934 2358 1260 2410 correspondet
1292 2358 1556 2398 animationi
1588 2372 1666 2399 seu
1697 2359 1887 2412 respira-

402 2420 514 2459 tioni
547 2418 824 2471 pulmonum,
852 2433 903 2459 ac
931 2433 1057 2460 amor
1083 2427 1129 2460 et
1155 2420 1367 2460 voluntas
1394 2421 1717 2473 correspondet
1745 2422 1888 2462 motui

401 2494 451 2521 ac
494 2481 641 2534 pulSUl
676 2481 824 2520 COI‘dlS
864 2491 919 2528 (de
942 2500 1006 2528 qua
1028 2492 1308 2529 correspondentia
1329 2492 1474 2520 videatur
1495 2501 1600 2529 supra.
1624 2502 1655 2522 n.
1681 2482 1777 2534 167:
1806 2493 1889 2522 etin

400 2551 537 2580 Arcanis
560 2550 752 2584 caelestibus,
775 2559 805 2580 n.
827 2559 915 2587 2930,
931 2551 1122 2588 3883-3896,
1143 2552 1249 2588 9050).
1309 2540 1445 2592 Quod
1474 2545 1498 2561 “
1513 2540 1646 2581 Nunc
1678 2541 1796 2582 sacta
1825 2543 1884 2582 Sit

400 2605 519 2646 salus
543 2611 588 2645 et
613 2605 818 2657 potentia
837 2604 920 2644 Dei
944 2604 1126 2653 nostri‚''
1144 2604 1368 2657 significat
1386 2605 1504 2658 quod
1529 2605 1748 2661 Domin-us
1767 2619 1884 2649 nunc

400 2669 542 2721 possit
570 2667 758 2714 salvare,
783 2667 843 2707 sic
871 2673 919 2708 ut
946 2667 1221 2720 “potentia'’
1243 2667 1302 2707 ibi
1328 2667 1551 2720 significet
1579 2668 1698 2721 quod
1724 2669 1884 2721 possit,

400 2733 464 2771 ita
490 2730 855 2784 possibilitatem,
884 2737 953 2771 est
980 2731 1082 2783 quia
1109 2730 1329 2770 Dominus
1360 2743 1450 2770 non
1482 2732 1680 2783 potuerit
1707 2731 1884 2773 salvare

398 2794 500 2834 illos
527 2794 598 2846 qui
631 2793 687 2833 ab
719 2792 909 2832 ecclesia
937 2793 1080 2845 Ipsius
1112 2793 1303 2840 fuerunt,
1331 2793 1587 2846 priusquam
1614 2794 1751 2834 draco
1781 2807 1882 2835 eum

398 2855 572 2908 angelis
590 2855 681 2907 ejus
700 2855 928 2908 expulsus,
949 2855 1033 2895 hoc
1053 2862 1137 2903 est,
1158 2861 1392 2908 separatus
1410 2869 1435 2895 a
1453 2855 1580 2896 caelo
1598 2863 1739 2900 esset.v
1794 2855 1883 2909 Qui

398 2932 487 2958 non
510 2919 594 2958 scit
619 2918 743 2970 leges
766 2918 933 2958 ordinis
958 2918 1122 2966 Divini,
1144 2918 1325 2958 credere
1344 2923 1496 2970 potest
1516 2919 1634 2971 quod
1662 2918 1882 2960 Dominus

398 2981 571 3022 salvare
598 2982 740 3035 possit
772 2980 1033 3035 quemlibet,
1061 2981 1125 3021 ita
1156 2979 1300 3021 malos
1327 2993 1468 3033 aeque
1494 2994 1544 3021 ac
1576 2981 1746 3033 bonos;
1773 2981 1879 3022 inde
