2008 3458
383 363 490 416 2462
792 372 1122 405 APOCALYPSIS
1154 372 1451 405 EXPLICATA.

382 495 516 534 num;
560 484 780 537 sapientia
816 484 1048 524 hominum
1085 484 1141 524 ad
1178 484 1447 537 sapientiam
1479 482 1757 537 angelorum,
1790 490 1861 527 est

382 547 496 587 sicut
524 547 712 587 scientia
738 547 795 586 ad
822 547 1187 599 intelligentiam,
1216 561 1328 600 quae
1354 546 1603 588 differentia
1631 552 1700 587 est
1729 553 1862 588 tanta

382 616 429 650 ut
472 623 560 649 non
602 610 792 649 describi
834 610 990 662 possit.
1072 608 1205 662 Quod
1242 610 1606 650 devastationem
1642 608 1861 654 ecclesiae

381 672 528 724 quoad
557 671 766 711 Divinum
790 671 959 712 Verum
987 673 1168 720 attinet,
1194 671 1243 712 fit
1269 671 1526 712 devastatio
1551 685 1629 724 per
1653 670 1861 712 falsifica-

381 735 551 775 tionem
578 734 745 784 Verbi;
783 748 883 774 cum
915 736 1033 775 enim
1061 734 1261 775 Verbum
1294 734 1550 787 explicatur
1575 734 1631 775 ad
1662 734 1861 776 favorem

381 800 582 838 amorum
609 799 903 847 terrestrium,
931 805 976 839 et
1008 798 1064 838 ad
1097 797 1487 839 confirmationem
1513 797 1726 839 falsorum
1751 797 1862 839 doc-

381 861 538 908 trinae,
564 867 670 901 tunc
695 867 901 901 vastatur
927 861 1143 902 ecclesia:
1178 861 1256 902 sed
1284 875 1374 902 non
1396 868 1600 902 vastatur
1622 873 1723 902 cum
1745 860 1862 902 Ver·

380 924 485 964 bum
518 923 780 976 simpliciter
812 923 1081 976 intelligitur
1107 924 1352 964 secundum
1385 937 1565 964 sensum
1592 923 1786 972 litterae,
1813 930 1863 966 at

380 993 487 1026 tunc
520 993 725 1027 vastatur
757 988 940 1040 quando
971 986 1226 1040 explicatur
1253 1001 1391 1040 usque
1421 987 1478 1027 ad
1510 985 1862 1029 destruetionem

380 1049 530 1089 Divini
557 1049 665 1090 Veri
697 1050 740 1090 in
773 1050 926 1100 caelo;
966 1051 1027 1090 sic
1061 1051 1179 1090 enim
1213 1049 1386 1090 caelum
1419 1049 1655 1098 clauditur,
1679 1053 1736 1091 et'
1761 1046 1886 1091 cum'

379 1113 553 1152 caelum
589 1113 789 1153 clausum
827 1119 895 1154 est
938 1120 1045 1153 tunc
1088 1126 1178 1153 non
1221 1119 1291 1153 est
1333 1113 1481 1166 aliqua
1517 1113 1710 1154 ecclesia
1743 1114 1863 1167 apud

379 1175 623 1216 hominem.
696 1175 810 1216 Sunt
850 1177 968 1216 intra
1008 1175 1246 1216 ecclesiam
1287 1175 1349 1216 illi
1394 1176 1466 1229 qui
1507 1176 1646 1216 Verbi
1682 1189 1862 1218 sensum

381 1237 561 1278 litterae
593 1238 827 1291 explicant
860 1253 999 1292 usque
1031 1239 1088 1278 ad
1121 1237 1475 1279 destructionem
1503 1238 1652 1279 Divini
1678 1238 1787 1280 Veri
1818 1240 1862 1280 in

378 1300 519 1348 caelo,
553 1307 599 1340 et
633 1307 736 1340 sunt
771 1301 844 1353 qui
876 1315 929 1341 eo
961 1314 1099 1354 usque
1132 1314 1221 1341 non
1254 1300 1488 1353 explicant
1520 1300 1657 1351 illud;
1694 1301 1739 1341 hi
1771 1314 1862 1342 non

380 1363 622 1403 devastant
646 1363 885 1403 ecclesiam
909 1363 1026 1416 apud
1053 1377 1114 1411 se,
1140 1363 1219 1403 sed
1246 1363 1334 1403 illi:
1369 1376 1525 1403 sensus
1549 1363 1728 1404 litterae
1754 1364 1860 1404 sim-

381 1425 557 1478 pliciter
582 1424 840 1466 intelleEtus
867 1439 957 1466 non
983 1425 1089 1466 facit
1116 1426 1330 1466 damnum
1356 1425 1487 1467 alicui
1513 1439 1620 1466 vero
1642 1426 1860 1479 spirituali

380 1488 500 1540 quod
523 1494 592 1528 est
619 1489 662 1528 in
685 1488 826 1536 caelo,
851 1488 929 1528 sed
954 1501 1110 1528 sensus
1134 1487 1314 1529 litterae
1337 1488 1594 1541 explicatus
1616 1489 1862 1530 secundum

378 1550 490 1590 falsa
513 1549 757 1598 doetrinae,
777 1557 823 1591 et
847 1551 1092 1591 secundum
1117 1550 1236 1591 mala
1254 1564 1470 1599 amorum,
1490 1551 1595 1591 facit
1618 1551 1832 1593 damnum
1851 1566 1860 1602 ;

380 1626 537 1653 sensus
563 1614 681 1654 enim
709 1614 889 1654 litterae
917 1613 1056 1654 Verbi
1083 1619 1153 1654 est
1186 1613 1397 1654 Divinum
1429 1613 1600 1654 Verum
1627 1613 1860 1665 naturale;
1907 1621 1915 1627 '

379 1676 464 1716 hoc
494 1676 705 1716 Divinum
733 1676 902 1717 Verum
926 1677 1106 1729 quidem
1138 1676 1284 1717 differt
1316 1677 1373 1716 ab
1404 1676 1482 1717 illo
1513 1677 1628 1717 sicut
1655 1676 1861 1718 naturale

381 1752 406 1778 a
439 1739 671 1791 spirituali,
705 1739 783 1779 sed
817 1753 954 1792 usque
988 1752 1122 1778 unum
1154 1739 1259 1779 facit
1297 1753 1375 1792 per
1411 1739 1860 1792 correspondentias;

381 1801 459 1841 sed
496 1814 596 1841 cum
635 1801 845 1841 Divinum
884 1801 1053 1842 Verum
1093 1801 1298 1842 naturale
1335 1802 1590 1855 explicatur
1625 1816 1763 1856 usque
1803 1802 1861 1843 ad

379 1862 731 1904 destructionem
771 1865 918 1904 Divini
957 1864 1064 1904 Veri
1102 1865 1358 1917 spiritualis,
1399 1871 1504 1906 tunc
1545 1878 1633 1906 non
1671 1865 1862 1919 amplius

380 1939 515 1966 unum
548 1941 625 1979 per
656 1927 1104 1980 correspondentiam
1137 1940 1237 1967 cum
1275 1927 1353 1968 illo
1385 1934 1539 1980 potest
1571 1927 1744 1979 facere;
1781 1928 1862 1968 sed

379 1989 553 2037 falsum,
567 1991 812 2030 secundum
828 1990 946 2043 quod
961 1990 1217 2043 explicatur
1232 1990 1443 2030 Divinum
1456 1990 1624 2031 Verum
1640 1990 1859 2039 naturale,

381 2052 573 2092 destruit
608 2053 818 2092 Divinum
846 2053 1017 2093 Verum
1044 2053 1299 2105 spirituale:
1343 2053 1427 2094 hoc
1461 2066 1576 2094 nunc
1609 2059 1678 2094 est
1710 2052 1861 2094 falsifi-

381 2116 500 2155 catio
542 2115 695 2163 Verbi,
739 2129 789 2155 ac
833 2115 1092 2155 devastatio
1134 2115 1352 2156 ecclesiae
1395 2129 1473 2168 per
1512 2115 1859 2156 falsificationes.

381 2177 448 2217 At
481 2178 536 2218 de
568 2177 651 2217 hac
685 2192 730 2218 re
763 2177 888 2230 plura
921 2175 1040 2218 dicta
1072 2184 1176 2218 sunt
1209 2178 1281 2217 ubi
1314 2178 1370 2218 de
1399 2178 1665 2218 “dracone''
1690 2183 1736 2218 et
1768 2177 1860 2230 ejus

380 2239 494 2279 binis
516 2240 740 2279 “bestiis”
758 2238 907 2280 actum
931 2247 1000 2280 est
1020 2254 1028 2289 ;
1061 2246 1107 2279 et
1131 2240 1276 2280 adhuc
1301 2239 1427 2292 plura
1449 2240 1640 2281 dicenda
1661 2246 1765 2281 sunt
1789 2240 1861 2280 ubi

380 2302 436 2342 de
466 2303 739 2342 “meretrice
772 2316 904 2355 supra
936 2302 1080 2342 bestia
1107 2302 1319 2343 coccinea
1335 2302 1353 2318 ’'
1379 2309 1426 2343 et
1458 2303 1513 2343 de
1542 2302 1861 2356 “Babylonia’'

381 2365 424 2404 in
452 2365 756 2418 sequentibus.

460 2442 588 2485 915.
619 2442 804 2480 [Vers.18.]
837 2432 914 2471 “Et
941 2431 1045 2471 alius
1074 2431 1244 2484 angelus
1272 2431 1394 2472 exivit
1424 2445 1478 2472 ox
1504 2433 1860 2485 minnist—Quod

379 2492 602 2545 significet
634 2493 1032 2544 manifestationem
1062 2506 1089 2532 a
1119 2492 1304 2532 Domino
1335 2493 1387 2533 de
1415 2493 1714 2534 devastatione
1736 2494 1860 2535 eccle-

378 2556 472 2596 siae
492 2556 640 2608 quoad
657 2556 811 2596 honum
832 2556 996 2596 amoris
1018 2562 1060 2595 et
1079 2554 1327 2604 charitatis,
1348 2563 1530 2597 constat
1554 2570 1612 2597 ex
1635 2556 1860 2610 significa-

378 2617 502 2656 tione
535 2616 724 2668 “angeli
750 2616 1004 2664 exeuntis‚”
1030 2616 1151 2669 quod
1177 2617 1234 2656 sit
1261 2617 1571 2658 manifestatio
1601 2631 1627 2657 a
1659 2617 1860 2659 Domino

378 2686 427 2725 (ut
443 2695 517 2714 mox
532 2695 636 2723 supra,
652 2687 824 2727 n.914);
861 2682 906 2716 et
938 2690 996 2715 ex
1028 2676 1360 2728 significatione
1393 2675 1634 2725 “altaris,”
1664 2677 1784 2730 quod
1815 2678 1860 2718 in

380 2750 589 2790 supremo
615 2751 748 2777 sensu
775 2738 830 2777 sit
859 2737 1069 2777 Divinum
1096 2737 1270 2778 Bonum
1298 2737 1446 2777 Divini
1472 2737 1669 2785 Amoris,
1688 2744 1734 2778 et
1755 2739 1860 2779 inde

377 2801 420 2840 in
448 2813 581 2840 sensu
608 2798 858 2852 respefflvo
885 2800 1050 2840 bonum
1077 2801 1240 2841 amoris
1266 2798 1310 2840 in
1338 2800 1595 2849 Dominum,
1620 2806 1666 2841 et
1692 2800 1859 2841 bonum

378 2861 613 2901 charitatis
643 2874 753 2912 erga
787 2861 1045 2913 proximum
1078 2871 1132 2909 (de
1155 2880 1219 2908 qua
1237 2880 1341 2908 supra,
1361 2880 1391 2901 n.
1415 2871 1507 2912 391,
1526 2871 1640 2912 490).
1699 2860 1858 2901 Paucis

377 2922 516 2961 etiam
549 2922 619 2961 hic
653 2922 827 2962 dicetur
852 2922 974 2962 ‘unde
1011 2928 1080 2962 est
1117 2922 1235 2975 quod
1270 2921 1481 2962 “altare’'
1512 2921 1588 2961 illa
1619 2920 1856 2974 significet.

378 2984 429 3023 In
461 2984 652 3024 ecclesia
684 2985 801 3038 apud
834 2984 946 3024 filios
981 2984 1157 3025 Israelis
1183 2985 1392 3025 instituta
1418 2984 1594 3025 suerunt
1626 2984 1714 3025 duo
1745 2997 1858 3038 quae
