2008 3458
340 354 451 405 2284
753 361 1083 394 APOCALYPSIS
1113 361 1411 394 EXPLICATA.

340 473 457 527 apud
483 474 691 524 eundem,

406 547 546 590 “Jesus.
561 549 674 587 .dixit,
693 548 769 589 Ego
786 559 864 580 sum
882 546 1094 581 resurrectio
1111 555 1146 580 et
1161 549 1234 580 vita
1248 558 1255 586 ;
1280 549 1338 589 qui
1355 549 1465 580 credit
1481 549 1517 580 in
1540 547 1610 586 Me,
1628 547 1696 580 etsi
1712 545 1821 581 moti-

511 598 598 630 atur,
616 593 731 629 vivet;
757 593 874 623 omnis
891 602 975 623 vero
992 592 1050 634 qui
1067 593 1164 631 vivit,
1181 598 1217 624 et
1234 593 1343 624 credit
1363 593 1398 623 in
1418 591 1488 630 Me,
1507 601 1579 623 non
1597 591 1768 623 morietur
1780 590 1820 626 in

511 641 694 667 aeternum
708 635 726 647 ''
743 635 801 675 (xi.
820 635 957 675 25—27):
1274 652 1277 656 <
1397 637 1399 639 ’

341 711 458 764 apud
485 711 692 761 eundem,

406 787 547 829 “Jesus.
563 787 746 819 ,clamavit
769 793 804 819 et
822 788 920 826 dixit,
941 787 1009 829 Qui
1033 788 1144 820 credit
1167 788 1201 819 in
1228 787 1299 826 Me,
1320 797 1392 818 non
1413 786 1522 818 credit
1546 786 1582 817 in
1608 785 1679 824 Me,
1699 785 1762 817 sed
1784 785 1822 816 in

517 830 638 870 Ipsum
657 831 715 871 qui
735 831 831 862 misit
852 831 922 863 Me.
961 855 968 863 .
983 856 990 863 .
1004 855 1012 863 .
1027 831 1120 871 ,Ego
1139 831 1199 863 lux
1218 831 1253 862 in
1274 831 1445 862 mundum
1464 830 1556 867 veni,
1573 835 1612 860 ut
1629 828 1748 860 omnis
1763 827 1823 869 qui

515 874 626 904 credit
649 874 685 905 in
712 874 781 912 Me,
803 875 837 905 in
863 875 1019 906 tenebris
1044 884 1116 905 non
1141 881 1302 905 maneat:
1336 880 1371 905 et
1395 874 1423 904 si
1444 873 1521 914 quis
1545 871 1720 904 audiverit
1743 879 1824 903 mea

516 918 634 955 verba,
649 927 720 947 non
739 923 858 948 tamen
877 918 1074 956 crediderit,
1090 917 1166 958 Ego
1184 927 1255 948 non
1268 917 1387 957 judico
1405 917 1502 947 illurn
1518 925 1540 953 ;.
1555 941 1562 947 .
1576 940 1584 948 .
1598 914 1672 956 ,qui
1689 914 1824 955 spernit

515 959 585 997 Me,
611 966 645 991 et
670 970 742 991 non
769 961 893 1000 accipit
919 970 999 992 mea
1022 962 1138 998 verba,
1162 961 1268 991 habet
1294 961 1352 1000 qui
1376 960 1507 999 judicet
1532 959 1641 996 illum,
1665 957 1823 996 verbum,

514 1003 608 1044 quod
625 1003 761 1035 locutus
779 1014 885 1042 sum„
900 1028 907 1036 .
914 1003 1083 1044 judicabit
1099 1004 1197 1035 illurn
1214 1010 1372 1035 extremo
1390 1003 1445 1034 die
1457 1002 1474 1015 '¹
1491 1002 1563 1042 (xii.
1579 1001 1718 1042 44-48):

343 1086 461 1138 apud
488 1086 694 1135 eundem,

406 1162 427 1176 ‘¹
439 1161 631 1203 Quousque
648 1162 759 1194 lucem
777 1163 925 1200 habetis,
942 1162 1072 1194 credite
1089 1163 1124 1193 in
1142 1162 1266 1200 lucem,
1284 1167 1321 1193 ut
1338 1161 1399 1192 filii
1416 1161 1503 1193 lucis
1520 1161 1597 1192 sitis
1608 1159 1626 1173 '¹
1643 1159 1715 1201 (xii.
1733 1158 1806 1202 36):

345 1244 463 1297 apud
489 1245 697 1294 eundem,

409 1321 426 1334 ‘¹
438 1319 519 1351 Non
537 1321 696 1352 turbator
712 1330 772 1352 cor
784 1326 942 1352 vestrum
956 1330 963 1360 ;
983 1321 1113 1352 credite
1131 1321 1166 1352 in
1186 1320 1310 1358 Deum,
1325 1326 1359 1352 et
1376 1320 1506 1352 credite
1523 1319 1558 1351 in
1578 1318 1637 1351 Me
1647 1318 1666 1331 ”
1677 1317 1761 1360 (xiv.
1774 1317 1825 1360 1):

343 1402 462 1455 ap'ud
489 1403 696 1452 eundem,

409 1479 427 1492 ‘⁴
438 1478 635 1519 Quotquot.
651 1484 872 1518 ,receperunt
886 1477 905 1490 '’
936 1477 1069 1519 Jesum,
1103 1478 1226 1509 “dedit
1258 1478 1326 1509 illis
1358 1483 1570 1518 potestatem
1597 1482 1636 1508 ut
1666 1475 1727 1508 filii
1759 1474 1826 1508 Dei

517 1528 646 1559 essent,
664 1523 888 1553 credentibus
906 1522 941 1552 in
960 1531 1091 1553 nomen
1111 1521 1228 1562 Ipsius
1240 1521 1257 1533 ''
1274 1522 1309 1562 (ί,
1328 1522 1399 1562 12):

345 1604 462 1658 apud
489 1605 695 1654 eundem,

410 1679 542 1712 “Multi
559 1681 783 1712 crediderunt
800 1681 834 1712 in
853 1691 985 1712 nornen
1005 1680 1132 1722 Ipsius,
1150 1681 1312 1712 videntes
1330 1681 1434 1721 signa
1451 1679 1569 1721 Ipsius
1580 1679 1598 1693 '¹
1615 1679 1663 1720 (ii.
1681 1678 1754 1720 23):

345 1762 461 1815 apud
488 1763 695 1812 eundem,

410 1839 428 1852 ‘⁴
442 1837 557 1870 Haec.
572 1839 718 1878 ‚scripta
731 1844 824 1877 sunt,
840 1845 878 1870 ut
891 1839 1041 1871 credatis
1056 1839 1147 1880 quod
1160 1839 1264 1881 Jesus
1282 1839 1326 1870 sit
1340 1838 1502 1870 Christus
1521 1838 1630 1870 Filius
1648 1837 1725 1876 Dei,
1739 1842 1774 1870 et
1789 1841 1829 1870 ut

518 1883 702 1913 credentes
719 1883 828 1913 vitam
847 1883 1005 1914 habeatis
1023 1883 1058 1914 in
1076 1883 1221 1914 nomine
1240 1882 1356 1923 Ipsius
1368 1882 1385 1894 ’⁷
1399 1882 1468 1922 (xx.
1486 1883 1559 1922 31):

345 1965 464 2018 apud
491 1964 709 2014 Marcum,

410 2039 514 2081 Jesus
533 2040 621 2071 dixit
637 2040 829 2080 discipulis,
845 2042 863 2055 ‘⁴
875 2040 1008 2072 Euntes
1026 2041 1061 2072 in
1079 2041 1248 2072 mundum
1266 2041 1483 2078 universum,
1497 2039 1696 2080 praedicate
1714 2039 1830 2072 Evan-

518 2084 650 2123 gelium
671 2084 769 2114 omni
789 2090 989 2120 creaturae:
1022 2084 1079 2125 qui
1104 2084 1290 2115 crediderit
1309 2090 1344 2115 et
1364 2084 1560 2123 baptizatus
1580 2083 1696 2120 fuerit,
1715 2082 1831 2114 salva·

519 2127 631 2165 bitur;
649 2127 706 2167 qui
723 2137 807 2158 vero
826 2137 899 2158 non
917 2127 1110 2165 crediderit,
1128 2126 1449 2158 condemnabitur''
1466 2126 1548 2167 (xvi.
1568 2134 1617 2165 15,
1637 2126 1710 2166 16):

349 2219 393 2258 in
419 2217 487 2258 his
514 2224 560 2258 et
587 2218 630 2258 in
657 2218 754 2258 aliis
781 2218 891 2259 locis
917 2219 1182 2259 describitur
1207 2218 1316 2259 fides
1346 2218 1557 2266 salvifica,
1581 2218 1700 2271 quod
1733 2231 1829 2259 cre-

350 2281 547 2321 dendum
585 2282 641 2321 sit
675 2281 719 2320 in
753 2281 1010 2329 Dominum,
1048 2287 1093 2322 et
1129 2282 1248 2334 quod
1285 2281 1466 2322 credere
1502 2282 1545 2321 in
1583 2281 1735 2334 Ipsum
1772 2282 1831 2322 sit

349 2344 485 2383 etiam
514 2344 695 2383 credere
726 2345 768 2383 in
802 2344 995 2391 Patrem,
1029 2345 1131 2397 quia
1164 2344 1266 2397 Ipse
1298 2350 1344 2384 et
1377 2344 1511 2384 Pater
1542 2356 1678 2383 unum
1710 2349 1828 2384 sunt.

350 2406 431 2446 Per
447 2406 658 2446 “credere
676 2407 719 2445 in
740 2406 1004 2446 Dominum'’
1019 2406 1296 2459 significatur
1313 2419 1403 2446 non
1422 2406 1560 2446 modo
1577 2405 1764 2446 adorare
1781 2411 1829 2446 et

351 2468 499 2509 colere
522 2468 686 2520 Ipsum,
711 2469 790 2509 sed
814 2470 951 2509 etiam
974 2470 1124 2510 vivere
1148 2470 1204 2509 ab
1229 2469 1360 2522 Ipso;
1394 2475 1439 2510 et
1462 2469 1626 2509 vivitur
1646 2469 1703 2509 ab
1725 2468 1831 2522 Ipso

350 2544 451 2571 cum
469 2531 631 2571 vivitur
653 2532 898 2571 secundum
916 2531 1131 2580 Verbum,
1156 2532 1274 2585 quod
1297 2532 1354 2572 ab
1377 2532 1508 2584 Ipso;
1541 2545 1676 2585 quare
1697 2534 1830 2572 “cre-

351 2593 455 2633 dere
481 2594 524 2633 in
553 2593 704 2646 Ipsum
719 2593 736 2608 ”
760 2600 828 2634 est
852 2594 1033 2635 credere
1055 2594 1174 2647 quod
1202 2594 1303 2647 Ipse
1325 2600 1562 2646 regeneret
1585 2593 1829 2641 hominem,

350 2661 395 2696 et
421 2655 540 2708 quod
566 2657 843 2707 regeneratis
869 2656 927 2696 ab
953 2656 1058 2709 Ipso
1089 2657 1167 2697 det
1193 2658 1332 2697 vitam
1366 2663 1613 2697 aeternam.
1676 2655 1831 2697 Simile

351 2718 469 2771 quod
502 2732 579 2771 per
599 2718 816 2758 “credere
848 2719 892 2758 in
924 2718 1107 2771 Ipsum'’
1131 2718 1406 2772 significatur
1432 2733 1510 2772 per
1534 2719 1755 2760 “credere
1786 2719 1831 2759 in

352 2793 516 2821 nomen
555 2781 697 2833 Ipsius
715 2780 749 2831 ;’'
792 2781 1028 2822 “nomen''
1059 2782 1177 2822 enim
1216 2782 1398 2822 Domini
1435 2781 1659 2835 significat
1696 2793 1831 2822 omne

350 2843 481 2896 quale
513 2842 614 2883 fidei
646 2850 692 2884 et
724 2845 902 2892 amoris,
931 2858 1010 2897 per
1034 2844 1153 2898 quod
1186 2845 1289 2897 Ipse
1320 2845 1538 2885 colendus
1569 2850 1652 2892 est,
1680 2850 1726 2885 et
1752 2856 1832 2896 per

351 2905 470 2957 quod
501 2905 638 2946 homo
664 2906 722 2946 ab
748 2906 1102 2959 Ipsosalvatur:
1135 2920 1283 2955 causa,
1309 2907 1426 2961 quod
1453 2907 1497 2947 id
1524 2921 1602 2960 per
1626 2910 1830 2947 “nomen

351 2967 495 3020 Ipsius
508 2968 526 2983 ’‘
545 2968 834 3021 significetur,
855 2976 923 3011 est
947 2970 1049 3023 quia
1071 2983 1160 3011 non
1183 2970 1269 3011 alia
1292 2971 1473 3011 nomina
1491 2970 1654 3011 dantur
1675 2982 1828 3023 perso-
