2008 3458
389 388 500 441 2346
800 397 1130 431 APOCALYPSIS
1161 398 1457 432 EXPLICATA.

388 509 664 563 significatur
704 510 748 550 id
789 510 1000 551 Divinum
1038 510 1208 551 Verum
1250 511 1332 552 sibi
1369 523 1643 565 comparare.
1716 509 1870 554 Simile

388 573 658 625 intelligitur
688 586 766 626 per

452 660 672 692 Thesaurum
693 661 938 692 absconditum
965 661 999 692 in
1021 671 1118 701 agro,
1140 662 1271 702 “quem
1292 667 1469 702 repertum
1489 661 1598 693 horno
1618 661 1814 700 abscondit,
1834 666 1870 694 et

560 714 642 743 prae
659 704 789 743 gaudio
802 705 896 742 abiit,
912 710 946 735 et
963 705 1084 735 omnia
1100 714 1327 746 quaecunque
1340 705 1493 736 habebat
1506 705 1674 743 vendidit,
1689 711 1724 736 et
1739 705 1841 737 emit.
1855 729 1864 738 .

559 757 682 787 agrum
695 746 712 758 '’
730 747 871 787 (Matth.
890 748 961 778 xiii.
978 748 1052 786 44):

386 857 464 895 per
507 842 838 883 “thesaurum'’
879 842 1157 895 significatur
1196 843 1407 883 Divinum
1448 842 1620 884 Verum
1659 841 1779 896 quod
1822 842 1867 884 in

387 904 541 945 Verbo
578 911 662 953 est,
696 911 742 945 et
779 919 857 958 per
892 905 1118 958 “agrum''
1149 905 1426 958 significatur
1462 905 1653 946 ecclesia
1689 911 1735 946 et
1775 903 1869 958 ejus

386 966 620 1017 doctrinam
659 981 710 1008 ac
749 981 827 1020 per
861 967 1093 1009 “vendere
1125 981 1416 1022 quaecunque
1447 967 1602 1016 habet,
1635 974 1682 1009 et
1719 981 1868 1009 emere

385 1029 582 1081 agrum‚”
614 1029 890 1082 significatur
927 1030 996 1071 hic
1035 1036 1084 1070 ut
1121 1044 1266 1083 supra,
1300 1029 1554 1071 abalienare
1591 1030 1782 1084 propria,
1819 1036 1867 1072 et

385 1105 647 1145 comparare
678 1092 759 1132 sibi
791 1093 1002 1133 Divinum
1029 1092 1214 1141 Verum,
1242 1092 1361 1146 quod
1392 1093 1436 1132 in
1467 1092 1660 1133 ecclesia
1684 1092 1868 1134 Domini

385 1161 468 1195 est.
531 1153 756 1207 Quoniam
785 1155 1075 1207 “negotiatio
1088 1154 1105 1169 ”
1132 1154 1416 1208 significabat
1443 1155 1787 1208 acquisitionem
1817 1161 1866 1196 et

383 1217 715 1269 possessionem
759 1218 1015 1266 veritatum,
1063 1217 1165 1258 ideo
1211 1218 1430 1258 Dominus
1478 1231 1556 1271 per
1603 1216 1866 1271 parabolam

384 1279 562 1320 locutus
589 1286 659 1320 est

450 1368 503 1401 De
527 1369 671 1400 homine
691 1378 836 1409 peregre
861 1367 1030 1409 profedio,
1049 1369 1142 1410 quod
1165 1369 1301 1400 dederit
1325 1369 1436 1401 servis
1460 1369 1534 1401 suis
1555 1369 1701 1408 talenta,
1725 1374 1764 1402 ut
1786 1378 1866 1402 cum

554 1412 623 1443 illis
642 1413 915 1452 negotiarentur,
934 1419 968 1444 et
985 1413 1203 1444 lucrarentur
1219 1413 1360 1452 (Matth.
1381 1422 1460 1445 xxv.
1481 1410 1656 1453 14-11130):

382 1508 432 1536 ac
461 1495 515 1536 de
542 1495 644 1544 alio,

447 1571 515 1612 Qui
532 1571 628 1602 dedit
645 1571 758 1603 servis
776 1572 848 1603 suis
869 1571 990 1603 decem
1009 1571 1134 1610 minas,
1151 1577 1190 1603 ut
1213 1581 1292 1603 cum
1313 1571 1381 1603 illis
1401 1572 1667 1612 negotiarentur
1682 1571 1778 1613 (Luc.
1794 1572 1865 1606 xix.

558 1615 685 1654 12-26).

381 1704 552 1745 Similia
574 1719 652 1758 per
668 1708 693 1726 “
711 1705 971 1758 negotiari,’'
987 1710 1012 1726 “
1028 1706 1402 1759 negotiationes,”
1419 1719 1470 1747 ac
1486 1709 1511 1727 “
1523 1707 1834 1760 negotiatores
1843 1706 1865 1723 ”

381 1767 687 1820 significantur
712 1768 815 1808 alibi
847 1769 889 1808 in
915 1768 1094 1809 Verbo:
1128 1775 1223 1809 tum
1255 1769 1390 1809 etiam
1416 1769 1460 1809 in
1486 1769 1694 1822 opposito
1715 1781 1861 1818 sensu,

379 1831 423 1869 in
442 1844 528 1883 quo
550 1844 628 1883 per
649 1829 747 1870 illas
773 1830 1080 1884 significantur
1101 1831 1382 1884 receptiones
1408 1837 1453 1872 et
1479 1831 1864 1884 appropriationes

378 1893 587 1934 falsorum

441 1981 506 2023 (Ut
521 1982 618 2014 Esai.
637 1982 743 2014 xlviii.
764 1990 800 2021 15
816 1992 823 2020 ;
840 1982 961 2014 Ezeclz.
978 1982 1047 2014 xvi.
1066 1990 1107 2022 3;
1130 1982 1227 2014 Nalz.
1246 1982 1291 2014 iii.
1312 1990 1369 2021 14;
1393 1982 1494 2023 Apoc.
1512 1979 1643 2014 [²1xviii.
1660 1990 1690 2021 3,
1710 1981 1841 2022 11—24).

378 2076 488 2117 Inde
515 2076 718 2126 ecclesia,
743 2077 814 2117 ubi
841 2076 948 2118 talia
974 2083 1092 2126 sunt,
1117 2083 1305 2118 vocatur

443 2165 582 2196 “Terra
605 2165 1042 2247 negotiatignis'‘'(Ezeclz.
1062 2165 1132 2197 xvi.
1153 2174 1215 2206 29;
1247 2175 1321 2206 cap.
1342 2165 1411 2197 xxi.
1431 2172 1482 2205 35,
1503 2165 1544 2204 36
1566 2162 1624 2208 [B.
1644 2165 1688 2197 A.
1709 2173 1761 2204 30,
1781 2162 1863 2207 31];

549 2218 623 2248 cap.
641 2219 733 2240 xxix
750 2217 789 2247 14
805 2233 811 2240 .

375 2304 610 2345 Praeterea
641 2316 719 2355 per
746 2303 976 2344 “vendere
990 2303 1009 2318 ”
1035 2309 1081 2344 et
1114 2317 1192 2356 per
1220 2302 1420 2344 “vendi’'
1447 2301 1721 2356 significatur
1751 2302 1860 2344 aba·
1890 2307 1894 2310 ’

374 2367 538 2408 lienare
569 2380 675 2407 vera
713 2379 764 2406 ac
805 2365 1046 2407 abalienari
1087 2366 1144 2406 ab
1173 2366 1272 2415 illis,
1306 2379 1356 2406 ac
1388 2379 1468 2419 pro
1498 2365 1583 2406 illis
1623 2364 1860 2418 acceptare

372 2430 482 2471 salsa
514 2435 561 2469 et
596 2429 810 2482 captivari
835 2429 892 2469 ab
916 2429 1001 2469 illis

437 2525 545 2564 (Esai.
567 2525 588 2557 l
609 2534 647 2561 1:
673 2535 746 2566 cap.
764 2525 809 2556 lii.
829 2533 866 2563 3:
893 2524 1012 2556 Ezeclz.
1027 2535 1106 2556 xxx.
1120 2532 1179 2556 12.
1209 2524 1313 2566 Joel
1305 2534 1349 2555 ιν
1369 2521 1427 2565 [B.
1445 2524 1488 2555 A.
1507 2521 1569 2564 iii.]
1588 2523 1618 2562 6,
1637 2530 1673 2562 7:
1698 2522 1794 2554 Nah.
1812 2522 1859 2555 iii.

545 2577 584 2606 4:
622 2569 717 2600 Saclz.
743 2569 811 2600 xiii.
839 2576 875 2607 5:
910 2568 1040 2599 Psezlm.
1061 2568 1144 2599 xliv.
1165 2576 1268 2606 12-14
1294 2565 1352 2608 [B.
1370 2568 1414 2599 A.
1437 2564 1578 2608 11—13]:
1610 2548 1732 2598 Deutr.
1752 2565 1859 2598 xxxii.

547 2610 578 2636 [3]
583 2612 648 2650 30)

373 2705 447 2744 Ex
474 2704 542 2744 his
568 2710 776 2745 constare
804 2710 955 2756 potest
979 2703 1083 2757 quid
1109 2703 1284 2756 proprie
1307 2702 1582 2756 significatur
1602 2716 1681 2756 per
1704 2701 1859 2743 “redi-

374 2767 463 2807 mi''
499 2773 545 2808 et
586 2780 664 2820 per
705 2766 1140 2819 “redemptionem,’'
1175 2766 1248 2807 ubi
1288 2766 1342 2807 de
1384 2766 1604 2816 Domino;
1651 2771 1699 2806 ut
1735 2764 1855 2817 apud

374 2829 576 2878 Esaiam,

472 2918 616 2950 “Gratis
634 2919 767 2951 venditi
784 2919 878 2957 estis,
898 2919 976 2950 ideo
995 2928 1066 2952 non
1083 2928 1146 2959 per
1161 2923 1347 2959 argentum
1365 2917 1587 2949 redimemini
1597 2916 1615 2929 ''
1633 2915 1693 2957 (lii.
1714 2915 1766 2956 3);

373 3018 419 3055 et
446 3012 597 3053 multis
623 3013 666 3053 in
693 3012 945 3054 locis*alibi.
