2098 3476
421 345 526 399 1986
825 354 1156 388 APOCALvPsffi
1187 355 1484 388 EXPLICATA.

414 465 682 520 conjugium,
725 467 767 508 in
814 467 1030 521 spirituali
1074 481 1208 508 sensu
1247 467 1499 521 conjugium
1539 466 1630 508 veri
1670 471 1716 508 et
1759 465 1890 519 bon1;

419 532 443 548 ‘⁴
458 528 624 571 lumbi”
646 535 796 570 autem
822 531 938 570 “viri
963 531 1077 571 sicut
1099 530 1310 583 parientis
1322 530 1341 545 ’¹
1363 529 1615 583 significant
1637 530 1750 570 sicut
1772 532 1893 571 esset

415 591 668 644 conjugium
687 592 821 632 solius
839 593 930 633 veri
951 592 1118 645 absque
1136 592 1256 633 bono
1275 605 1284 632 ε
1320 595 1598 633 “conversae
1617 598 1720 632 sunt
1737 604 1893 632 omnes

414 653 546 694 facies
582 655 625 694 in
663 654 910 706 pallorem''
941 654 1162 707 significat
1198 654 1317 708 quod
1355 654 1462 695 nihil
1499 655 1618 702 boni,
1652 654 1755 707 quia
1784 652 1893 695 nihil

415 717 577 757 amoris
609 723 654 757 et
686 717 946 767 charitati53
996 716 1199 767 “facies”
1230 716 1450 770 significat
1487 715 1743 757 affefflones
1779 729 1893 769 quae

415 785 518 819 sunt
550 780 712 819 amoris
744 780 862 828 boni,
895 779 998 820 inde
1033 778 1218 832 “pallor
1232 778 1250 794 '’
1281 778 1379 819 illas
1419 777 1681 819 exstinetas.
1755 777 1893 831 Apud

417 841 616 890 Esaiam,

481 941 499 954 ‘⁴
511 939 652 980 Impleti
669 945 751 971 sunt
768 940 878 971 lumbi
895 940 965 971 mei
981 940 1103 972 dolore
1121 950 1262 980 magn0,
1276 940 1418 972 dolores
1437 940 1709 980 apprehendunt
1725 949 1791 978 me.
1806 940 1896 973 sicut

588 983 728 1014 dolores
746 984 974 1024 parturientis
987 983 1004 995 ''
1022 983 1103 1024 (xxi.
1121 984 1174 1024 3):

418 1087 527 1128 haec
554 1100 730 1140 quoque
756 1085 874 1127 ὀίξὶει
906 1092 1009 1127 sunt
1041 1087 1095 1127 de
1127 1086 1286 1128 ultimo
1308 1093 1430 1127 statu
1457 1086 1687 1135 ecclesiae,
1715 1086 1896 1140 quando

419 1163 523 1190 vera
544 1156 590 1190 et
615 1149 733 1189 bona
758 1148 848 1201 ejus
875 1155 1057 1201 propter
1080 1149 1197 1189 mala
1222 1156 1268 1189 et
1294 1149 1404 1190 falsa
1425 1163 1539 1202 quae
1565 1155 1671 1189 tunc
1694 1149 1894 1197 obstant,

419 1225 506 1252 non
530 1212 611 1252 nisi
633 1224 733 1252 cum
756 1212 954 1252 maximo
973 1211 1137 1252 doloris
1160 1212 1255 1252 nisu
1276 1212 1410 1263 recipi
1433 1218 1645 1264 possunt;
1681 1214 1706 1230 “
1721 1210 1896 1259 lumbi,’'

417 1274 490 1326 qui
521 1273 693 1326 impleti
718 1273 873 1314 dolore
899 1274 1120 1321 dicuntur,
1149 1273 1401 1326 significant
1428 1273 1681 1325 conjugium
1713 1272 1818 1313 boni
1849 1278 1896 1314 et

417 1336 521 1383 veri,
563 1350 621 1376 ex
663 1349 751 1388 quo
791 1335 963 1376 caelum
1003 1342 1049 1376 et
1089 1335 1292 1385 ecclesia,
1335 1337 1407 1389 qui
1451 1336 1642 1376 “dolore
1688 1334 1862 1387 impleti
1877 1333 1896 1351 ”

417 1398 636 1446 dicuntur,
670 1398 850 1451 quando
880 1411 1034 1438 verum
1065 1411 1166 1438 cum
1200 1398 1320 1438 bono
1353 1411 1442 1438 non
1475 1404 1626 1450 potest
1658 1396 1895 1450 conjungi;

417 1461 492 1501 illa
522 1461 672 1514 itaque
705 1460 1011 1512 significantur
1047 1473 1124 1512 per
1158 1460 1376 1500 “dolores
1419 1461 1532 1500 sicut
1573 1459 1897 1512 parturientis,”

418 1524 490 1576 qui
516 1523 872 1575 apprehendunt.
934 1521 1068 1575 Quod
1093 1522 1259 1563 “dolor
1285 1523 1398 1563 sicut
1421 1523 1707 1575 parturientis
1719 1521 1737 1537 ”
1759 1522 1896 1562 etiam

417 1586 593 1626 dicatur
618 1585 673 1625 de
701 1585 786 1625 illis
808 1585 880 1638 qui
903 1591 1085 1638 propter
1110 1585 1220 1625 falsa
1245 1583 1482 1637 conjumsta
1508 1584 1634 1624 malis
1660 1585 1779 1625 vitae
1806 1597 1896 1626 non

420 1662 525 1688 vera
547 1648 736 1700 amplius
759 1649 954 1700 recipere
977 1654 1178 1700 possunt.
1198 1661 1309 1701 quae
1332 1655 1484 1688 tamen
1507 1648 1701 1700 recipere
1723 1646 1895 1696 volunt,

420 1723 521 1750 cum
544 1711 732 1750 exitium
755 1711 971 1758 imminet,
991 1711 1204 1762 imprimis
1226 1711 1269 1750 in
1293 1710 1459 1750 mundo
1482 1709 1697 1762 spirituali
1718 1709 1898 1763 quando

419 1772 625 1813 ultimum
661 1772 887 1824 judicium,
926 1773 1005 1812 sed
1046 1772 1164 1825 quod
1204 1772 1452 1812 frustraneo
1493 1778 1657 1812 conatu
1698 1778 1744 1812 et
1785 1772 1894 1821 nisu,

419 1834 692 1886 significatur
704 1848 779 1886 per
794 1834 1001 1875 “dolores
1016 1835 1302 1887 parturientis
1314 1834 1332 1849 ’'
1346 1835 1389 1874 in
1405 1834 1692 1887 sequentibus
1707 1834 1815 1874 locis
1831 1847 1900 1875 :—

419 1896 557 1949 Apud
582 1896 782 1945 Esaiam,

485 1995 504 2008 ⁴⁴
515 1993 663 2034 Ejulate,
678 1994 758 2034 quia
775 1994 993 2034 propinquus
1008 2000 1062 2026 est
1079 1994 1153 2026 dies
1167 1994 1323 2036 Jehovae
1338 2004 1361 2031 ;.
1376 2019 1383 2026 .
1397 2019 1404 2026 .
1420 2001 1620 2034 .propterea
1633 2003 1757 2026 omnes
1771 2003 1898 2027 manus

592 2038 827 2075 remittuntur,
849 2043 883 2068 et
903 2047 1009 2068 omne
1031 2047 1091 2068 cor
1110 2037 1264 2068 hominis
1289 2038 1458 2078 liquescit.
1480 2045 1514 2068 et
1538 2038 1723 2077 perterriti,
1744 2038 1900 2069 tormina

593 2086 627 2111 et
644 2081 785 2111 dolores
802 2080 1084 2120 apprehendunt,
1102 2081 1190 2111 sicut
1210 2081 1350 2120 pariens
1369 2082 1575 2120 parturiunt,
1593 2081 1646 2111 vir
1663 2090 1747 2120 erga
1763 2080 1898 2113 socium

593 2133 695 2155 suum
713 2121 978 2163 [¹]obstupescit‚
996 2124 1102 2154 facies
1121 2124 1341 2155 flammarum
1359 2124 1467 2155 facies
1487 2123 1654 2155 illorum'’
1672 2124 1756 2163 (xiii.
1773 2124 1868 2163 6-8):

423 2230 555 2270 “dies
570 2228 805 2282 Jehovae,’'
820 2229 892 2282 qui
912 2230 1198 2282 propinquus,
1216 2229 1435 2282 significat
1455 2230 1657 2270 ultimum
1671 2229 1897 2282 judicium,

421 2292 541 2346 quod
572 2306 597 2333 a
629 2293 824 2332 Domino
854 2305 955 2331 cum
987 2292 1065 2332 fuit
1097 2293 1139 2332 in
1173 2293 1365 2342 mund0;
1410 2299 1551 2333 terror
1582 2293 1756 2333 illorum
1793 2299 1899 2334 tunc

421 2360 603 2408 propter
634 2355 820 2394 exitium
853 2354 1101 2402 imminens,
1135 2354 1410 2407 significatur
1442 2368 1519 2407 per
1551 2355 1670 2408 quod
1705 2358 1899 2396 “omnes

427 2430 582 2457 manus
613 2416 914 2464 remittantur,
948 2423 993 2456 et
1030 2430 1162 2456 omne
1197 2430 1272 2457 cor
1303 2416 1534 2470 liquescat,
1568 2430 1618 2457 ac
1642 2414 1900 2469 [²³perterriti

421 2481 508 2520 sint
526 2479 559 2529 ;”
584 2479 702 2532 quod
724 2478 885 2519 frustra
913 2485 1018 2518 tunc
1042 2479 1237 2531 recipere
1261 2480 1433 2531 possint
1456 2493 1560 2519 vera
1582 2486 1627 2519 et
1649 2479 1768 2520 bona
1789 2479 1899 2519 caeli

425 2549 469 2582 et
501 2541 730 2588 ecclesiae,
759 2547 942 2593 propter
972 2540 1082 2580 falsa
1114 2540 1218 2580 mali
1250 2541 1294 2580 in
1325 2541 1483 2594 quibus
1514 2541 1688 2581 fuerunt
1714 2547 1760 2582 et
1791 2547 1898 2582 tunc

424 2609 542 2652 sunt,
559 2602 833 2655 significatur
850 2615 927 2654 per
943 2603 1174 2642 “tormina
1192 2609 1236 2643 et
1255 2602 1432 2643 dolores
1447 2603 1799 2655 apprehendunt,
1817 2604 1900 2644 sic-

427 2672 475 2706 ut
501 2666 675 2718 pariens
702 2665 951 2716 parturiunt
969 2664 1002 2714 ;''
1024 2665 1142 2717 quod
1168 2664 1253 2704 illis
1279 2665 1396 2705 mala
1421 2666 1509 2704 odii
1535 2672 1579 2705 et
1605 2666 1708 2711 irae,
1732 2664 1899 2717 signifi-

424 2734 550 2768 catur
575 2741 651 2779 per
677 2727 795 2780 quod
825 2726 994 2767 “facies
1020 2726 1295 2767 flammarum
1326 2727 1458 2767 facies
1489 2726 1701 2767 illorum.''
1760 2726 1898 2780 Apud

424 2786 684 2839 Jeremz'am,

490 2890 508 2904 ‘⁸
521 2888 697 2921 Habitans
714 2888 750 2919 in
770 2887 913 2925 Libano,
928 2888 1048 2919 nidum
1062 2887 1196 2918 habens
1211 2887 1246 2918 in
1260 2887 1382 2925 cedris,
1397 2893 1565 2928 quantum
1579 2887 1712 2927 gratiae
1726 2887 1898 2926 invenies,

598 2942 677 2964 cum
697 2932 859 2963 venerint
881 2929 959 2972 [tibi
978 2929 1146 2971 dolores],
1167 2931 1268 2962 dolor
1287 2931 1374 2962 sicut
1394 2931 1619 2970 parturientis
1634 2939 1656 2972 ;ῗ
1672 2955 1679 2962 .
1692 2955 1699 2962 .
1715 2955 1722 2963 .
1736 2931 1844 2963 .dabo
1863 2937 1898 2963 te

597 2976 632 3008 in
650 2985 793 3006 manum
808 2973 1053 3016 quaerentium
1070 2975 1225 3009 animam
1243 2980 1339 3005 tuam
1353 2974 1370 2986 '¹
1388 2974 1482 3014 (xxii.
1501 2972 1569 3015 23[,
1585 2971 1676 3015 25]);
