2008 3458
851 0 860 9 ¹
892 0 937 14 ’.τ-νη
967 0 999 20 ,ᾗχι
1014 0 1025 11 ι
1034 0 1078 22 φ
1088 0 1115 9 '2'
1127 0 1150 23 t».
1158 0 1344 30 5¹⁹-Jffl1-xzugw-
1356 0 1358 2 ·
1371 5 1402 22 ff·
1414 3 1430 11 s
1463 2 1467 7 ‚
1507 3 1521 20 4,
1557 12 1571 23 a·
1585 15 1588 19 4

1041 40 1043 43 .
1144 26 1157 36 ι.
1234 22 1239 28 “
1312 21 1333 37 Ἃ,
1399 24 1431 31 *1
1460 23 1526 48 r:
1553 25 1558 34 t
1581 35 1586 43 =

353 381 464 424 2300
762 379 1091 413 APOCALYPSIS
1121 379 1418 413 EXPLICATA.

353 498 496 533 tatem
529 492 684 545 prioris
716 492 903 540 bestiae,
928 492 1047 547 quod
1074 493 1132 534 sit
1163 493 1207 534 in
1239 506 1405 546 genere
1431 491 1541 533 fides
1567 496 1778 546 separata

351 556 444 596 vita
484 555 599 604 fidei,
633 569 746 609 quae
783 562 853 596 est
888 555 1110 596 charitas:
1153 552 1212 596 ex
1244 556 1401 609 quibus
1432 559 1642 596 constare
1673 565 1751 608 po

351 618 470 670 quod
512 631 589 670 per
620 618 738 671 quod
780 617 890 658 haec
927 617 1109 658 “bestia
1145 624 1423 671 potestatem
1461 617 1615 670 prioris
1654 615 1754 674 bes¹

351 692 530 720 omnem
555 679 708 720 fecerit
732 692 882 720 coram
901 679 1136 728 dracone‚'’
1150 679 1426 733 significetur
1444 679 1672 720 connexio
1687 690 1737 736 ra

351 743 565 782 ciniorum
592 756 616 783 e
643 742 836 783 naturali
862 742 1044 783 homine
1070 755 1171 784 cum
1197 756 1329 783 sensu
1362 742 1542 782 litterae
1568 740 1722 791 Verbi,

351 817 483 856 quam
517 804 807 845 confirmatur
831 804 989 857 religio
1021 804 1121 846 fidei
1153 811 1399 858 separatae.
1462 802 1596 856 Quod
1628 803 1686 844 sit
1717 815 1740 854 ο,

351 867 487 906 nexio
509 868 843 908 ratiociniorum
865 881 923 908 ex
946 867 1139 908 naturali
1161 867 1343 908 homine
1366 879 1467 907 cum
1490 879 1624 907 sensu
1646 865 1748 907 litte

352 928 504 977 Verbi,
529 936 598 970 est
625 931 726 983 quia
751 943 830 983 per
852 943 1032 970 sensum
1058 930 1238 970 litterae
1262 927 1401 970 Verbi
1428 940 1648 982 nusquam
1673 932 1755 981 pot

350 990 601 1032 confirmari
640 992 821 1046 aliquod
875 991 1049 1041 falsum,
1083 993 1166 1032 nisi
1206 1005 1339 1045 quam
1380 1005 1458 1045 per
1494 991 1751 1032 ratiocinia

350 1054 541 1094 naturali
559 1054 752 1096 homine.
800 1054 1002 1096 Verbum
1020 1051 1138 1095 enim
1156 1055 1199 1095 in
1216 1054 1367 1094 littera
1382 1054 1591 1094 consistit
1609 1067 1668 1094 ex
1686 1048 1827 1118 aleJ
1887 1047 1895 1081 ἓ

351 1117 506 1157 rentiis
524 1117 629 1166 veri,
650 1124 695 1158 et
720 1131 895 1188 quoque
918 1131 977 1158 ex
1000 1117 1436 1170 correspondentiis;
1464 1116 1549 1157 hae
1571 1122 1707 1170 atque
1723 1114 1805 1160 ill

350 1179 394 1218 in
412 1179 508 1219 sinu
527 1193 620 1228 suo,
641 1179 726 1220 hoc
750 1186 834 1228 est,
854 1180 897 1220 in
921 1193 1053 1220 sensu
1076 1178 1294 1232 spirituali
1313 1193 1407 1227 suo,
1431 1179 1668 1220 continent
1684 1186 1843 1232 genu?
1884 1175 1947 1236 >2³2ss

351 1241 425 1281 ina
449 1255 580 1292 vera;
619 1256 754 1295 quare
786 1255 887 1282 cum
918 1241 1078 1282 falsum
1109 1241 1290 1295 aliquod
1324 1255 1402 1294 per
1426 1241 1712 1294 apparentias
1735 1234 1836 1294 ναξξ

349 1305 756 1357 correspondentes
783 1305 987 1357 genuinis
1013 1304 1128 1345 veris
1159 1303 1462 1351 confirmatur,
1491 1309 1598 1344 tunc
1624 1302 1826 1358 Verbum

349 1365 619 1414 falsificatur,
649 1373 694 1407 et
725 1366 976 1407 falsificatio
1001 1365 1141 1407 Verbi
1168 1379 1257 1406 non
1290 1366 1383 1406 dari
1409 1371 1563 1419 potest
1585 1366 1667 1406 nisi
1693 1366 1842 1420 quam(

350 1442 426 1480 per
444 1429 676 1469 ratiocinia
698 1443 756 1470 ex
781 1428 973 1470 naturali
995 1428 1191 1469 homine.
1243 1429 1353 1468 Inde
1375 1435 1445 1469 est
1467 1427 1588 1482 quod
1610 1414 1913 1484 “d‘x'at:o‚'⁸'·-³;>

349 1505 427 1544 per
452 1504 584 1544 quem
611 1491 888 1544 significatur
913 1492 1082 1544 dogma
1106 1491 1383 1532 haereticum
1410 1491 1466 1532 de
1491 1490 1588 1532 sola
1617 1490 1718 1540 fide,
1745 1481 1834 1533 deb*>
1858 1486 1916 1510 ‘³³

351 1553 573 1594 scribatur
595 1552 780 1594 ulterius
806 1568 884 1608 per
908 1554 1072 1595 “binas
1097 1554 1305 1601 bestiasss’
1327 1567 1405 1607 per
1426 1560 1629 1607 quarum
1637 1551 1826 1607 primam

348 1616 613 1657 describitur
627 1616 912 1657 ratiocinatio
931 1630 989 1657 ex
1007 1615 1199 1657 naturali
1217 1616 1399 1657 homine
1413 1629 1494 1669 pro
1511 1615 1599 1658 fide
1614 1619 1830 1671 separata
1888 1619 1891 1621 ’
1915 1607 1931 1628 '⁴

323 1693 374 1719 ‘a
400 1679 493 1719 vita
524 1678 615 1731 ejus
647 1693 760 1732 quae
792 1685 861 1720 est
894 1679 1106 1727 charitas,
1135 1686 1180 1720 et
1212 1693 1290 1732 per
1321 1678 1510 1719 alteram
1542 1672 1841 1721 confirmatio·
1854 1705 1883 1734 4,,

350 1755 408 1782 ex
445 1755 577 1782 sensu
617 1741 798 1782 litterae
829 1741 984 1791 Verbi,
1017 1748 1063 1782 et
1104 1742 1208 1782 inde
1245 1741 1337 1794 ejus
1374 1742 1695 1790 corroboratio,
1729 1745 1866 1784 tum
1870 1765 1922 1795 «4,,,4

349 1803 602 1845 falsificatio
633 1805 737 1845 veri
801 1804 911 1845 Inde
949 1805 1110 1845 iterum
1142 1811 1270 1858 patet
1298 1804 1417 1857 quod
1447 1818 1525 1858 per
1555 1804 1675 1858 quod
1709 1803 1823 1856 haec
1851 1790 1923 1865 ‘J‘

348 1866 536 1907 bestia‘
545 1870 846 1943 ‘potestatem
879 1867 1034 1920 prioris
1065 1867 1237 1908 bestiae
1274 1879 1455 1907 ornnem
1485 1866 1640 1907 fecerit
1658 1879 1824 1915 coram
1946 1870 1953 1900 ί

348 1928 582 1977 draconess’
613 1927 888 1981 significetur
929 1930 1155 1970 connexio
1191 1929 1524 1969 ratiociniorum
1564 1942 1590 1969 e
1629 1919 1949 1984 'naturalifis'

347 1991 529 2031 homine
560 2004 661 2031 cum
693 2004 826 2031 sensu
858 1991 1038 2032 litterae
1065 1991 1216 2032 Verbi.
1279 1990 1368 2032 Sed
1399 1990 1511 2032 haec
1543 1990 1826 2038 illustrentur

347 2066 425 2106 per
450 2053 689 2106 exempla;
732 2060 794 2102 ut,
826 2052 905 2107 (1.)
950 2053 1083 2106 Quod
1110 2054 1372 2107 dogmatici,
1401 2054 1474 2107 qui
1504 2066 1586 2107 pro
1611 2052 1708 2094 sola
1737 2053 1825 2096 fide

346 2121 565 2168 pugnant,
605 2115 713 2156 nihil
754 2117 998 2157 attendant
1038 2116 1095 2156 ad
1132 2117 1281 2157 omnia
1321 2116 1397 2156 illa
1438 2115 1538 2157 loca
1574 2115 1715 2161 Verbi
1750 2116 1836 2158 ubi·
1887 2117 1952 2175 {gs

350 2177 562 2230 “opera,’'
597 2176 793 2227 “facita’'
831 2179 1046 2232 “operari
1060 2179 1078 2194 ”
1115 2185 1161 2220 et
1201 2179 1381 2219 “facere
1395 2178 1413 2193 '’
1449 2179 1670 2227 dicuntur,
1708 2191 1826 2233 quae
1961 2175 1963 2178 ⁴

349 2253 487 2293 usque
513 2246 608 2280 tam
631 2241 859 2281 evidentia
883 2247 987 2282 sunt
1014 2247 1062 2282 ut
1090 2255 1145 2282 ne
1171 2240 1310 2282 ullum
1333 2241 1614 2282 ratiocinium
1639 2247 1823 2283 contra·
1944 2275 1954 2299 ἓ

349 2303 459 2342 rium
493 2303 667 2355 possint
699 2303 955 2352 admittere,
983 2310 1029 2344 et
1061 2310 1214 2344 tamen
1247 2303 1432 2344 trahunt
1464 2303 1542 2344 illa
1571 2317 1598 2344 a
1627 2303 1824 2356 genuino
1887 2299 1951 2359 >4

348 2378 429 2405 suo
460 2378 606 2413 sensu,
641 2371 686 2406 et
719 2379 797 2418 per
826 2367 1059 2406 ratiocinia
1094 2365 1338 2407 deflectunt
1370 2372 1416 2406 et
1447 2371 1660 2407 avertunt
1689 2364 1767 2407 illa
1796 2379 1824 2407 a
1858 2407 1861 2409 .

346 2428 543 2480 genuino
566 2427 703 2476 Vero,
727 2429 847 2481 quod
872 2429 915 2469 in
939 2428 1074 2470 caelis
1098 2436 1182 2477 est,
1200 2443 1250 2470 ac
1269 2429 1388 2483 quod
1407 2442 1564 2470 sensus
1583 2427 1824 2482 spiritualis
1895 2467 1918 2476 ,„
1941 2478 1950 2487 4

350 2503 502 2530 eorum
534 2484 767 2540 continet;
809 2491 1135 2531 ratiocinantur
1170 2492 1302 2539 enim,
1336 2490 1529 2531 dicendo
1564 2489 1684 2544 quod
1725 2489 1823 2532 sola
1848 2497 1860 2526 ἲ

347 2552 456 2593 fides
477 2549 679 2593 involvat
712 2551 828 2593 facta
859 2559 905 2593 et
941 2567 1091 2606 opera,
1119 2554 1220 2606 quia
1245 2554 1318 2606 qui
1344 2554 1388 2593 in
1413 2552 1501 2594 fide
1525 2558 1645 2602 sunt,
1672 2552 1821 2593 inillis
1872 2590 1881 2598 s
1921 2561 1966 2603 ,ζ-

346 2621 464 2662 sunt,
488 2615 550 2655 ita
576 2615 694 2668 quod
717 2614 826 2656 fides
848 2621 1058 2668 operetur
1079 2614 1180 2665 illa;
1213 2629 1313 2656 cum
1337 2622 1491 2656 tamen
1516 2613 1627 2655 fides
1652 2614 1821 2668 absque

347 2675 474 2717 faffis
510 2691 587 2717 seu
623 2677 831 2730 operibus
872 2683 942 2718 est
980 2676 1090 2718 fides
1125 2684 1314 2725 mortua,
1354 2672 1473 2731 quae*
1502 2676 1612 2717 nihil
1648 2677 1822 2730 operari

346 2746 499 2793 potest
517 2753 525 2780 :
554 2746 599 2780 et
618 2740 653 2780 si
671 2741 755 2780 hoc
774 2740 860 2780 illis
878 2740 1052 2789 dicitur,
1071 2741 1396 2780 ratiocinantur
1412 2739 1532 2793 quod
1549 2737 1666 2780 facta
1682 2752 1824 2793 usquev

345 2803 495 2843 adsint
513 2816 590 2855 per
607 2802 833 2844 occultam
852 2803 1160 2856 operationem
1180 2803 1402 2850 Divinam,
1422 2809 1468 2843 et
1487 2808 1642 2843 tamen
1661 2801 1820 2843 exclu—

345 2866 457 2906 dunt
483 2865 560 2906 illa
585 2866 783 2906 e'medio
809 2865 1084 2914 salvationis,
1109 2866 1170 2905 sic
1198 2871 1245 2906 ut
1273 2866 1446 2918 possint
1473 2865 1630 2906 adesse
1656 2870 1702 2905 et
1729 2862 1827 2905 non‘

346 2928 532 2978 adesse;
575 2934 624 2968 ut
666 2934 876 2969 constare
916 2934 1070 2981 potest
1110 2941 1169 2968 ex
1205 2927 1527 2980 justificatione
1569 2941 1647 2980 per
1685 2925 1820 2968 fidem

346 2996 727 3039 momentaneam,
767 2997 813 3031 et
850 3004 1025 3044 quoque
1062 2991 1106 3031 in
1144 2990 1299 3031 mortis
1339 2990 1461 3039 hora,
1496 2990 1674 3031 etiamsi
1713 2988 1819 3034 mali
