2008 3458
408 388 520 430 2340
835 387 1167 420 APOCALvPffls
1198 389 1496 421 EXPLICATA.

410 498 517 553 (12.)
548 498 772 552 Quamdiu
794 498 904 540 fides
930 499 1009 540 fuit
1033 498 1270 553 conjunc‘ta
1292 501 1512 555 operibus,
1537 508 1583 542 et
1609 502 1888 555 agnosceba-

407 568 479 602 tur
501 562 696 602 charitas
720 562 763 601 in
787 563 880 615 pari
903 562 1045 614 gradu
1067 576 1166 603 cum
1190 562 1288 612 fide,
1309 571 1385 605 aut
1409 578 1540 617 supra
1561 564 1698 614 illam,
1719 565 1889 607 tamdiu

407 623 484 665 fuit
508 624 699 665 ecclesia
721 625 764 663 in
782 625 896 664 veris
915 638 973 664 ex
993 624 1161 672 Verbo,
1182 626 1260 666 sed
1283 627 1327 666 in
1350 627 1515 678 paucis,
1540 627 1641 679 quia
1660 640 1749 667 non
1766 627 1888 669 vide-

408 693 511 727 runt
535 686 610 726 illa
629 701 637 736 ;
671 693 718 726 at
741 700 847 726 vero
870 693 918 727 ut
942 687 1132 740 primum
1156 688 1448 740 separabatur
1471 687 1581 729 fides
1603 702 1628 729 a
1651 681 1887 738 charitate,

407 749 598 789 ecclesia
622 748 775 802 elapsa
798 755 866 789 est
890 763 915 789 a
933 750 1048 789 veris
1071 750 1114 789 in
1137 749 1261 798 salsa,
1283 757 1328 791 et
1352 751 1537 791 tandem
1560 752 1603 791 in
1626 750 1758 792 fidem
1777 755 1890 805 quae

408 812 558 851 omnia
581 811 797 852 ecclesiae
820 825 926 851 vera
951 812 1203 862 destruxit;
1237 813 1346 854 haec
1373 812 1480 854 fides
1507 819 1582 854 est·
1603 813 1712 857 fides
1729 813 1888 867 justifi-

408 874 602 914 cationis
629 880 675 914 et
702 873 967 914 salvationis
994 888 1072 927 per
1098 875 1305 915 meritum
1333 874 1514 915 Domini
1537 876 1655 928 apud
1683 874 1911 917 Patremt'

408 949 511 976 nam
539 949 640 976 cum
666 935 777 976 haec
805 936 901 976 sola
929 935 1053 983 fides,
1075 943 1121 977 et
1143 937 1254 977 haec
1278 951 1453 990 quoque
1480 944 1689 990 separata
1715 952 1740 979 a
1761 938 1890 980 bonis

407 998 543 1046 vitae,
570 1013 683 1052 quae
710 1005 813 1039 sunt
845 999 964 1039 bona
990 1013 1139 1052 opera,
1168 999 1329 1047 salvat,
1357 1000 1460 1053 quid
1493 1014 1604 1053 opus
1630 1001 1744 1041 veris
1775 1014 1889 1054 quae

410 1061 607 1101 doceant
638 1061 771 1110 viam,
800 1067 846 1101 et
878 1062 1045 1102 ducant
1077 1062 1133 1102 ad
1166 1061 1370 1102 caelum?
1406 1063 1506 1103 vive
1538 1069 1583 1103 et
1616 1063 1749 1104 crede
1779 1077 1890 1117 quo-

409 1123 546 1164 modo
572 1137 761 1177 cumque
783 1124 862 1172 vis,
888 1130 932 1164 et
956 1131 1061 1164 tene
1084 1124 1220 1164 modo
1243 1124 1365 1164 illam
1389 1123 1536 1172 fidem,
1561 1131 1607 1166 et
1631 1124 1890 1166 salvaberis.

412 1185 500 1226 Sed
542 1186 688 1226 dicam
729 1186 823 1234 tibi,
858 1187 915 1226 mi
954 1184 1108 1235 le&or,
1142 1187 1259 1240 quod
1301 1200 1458 1227 omnes
1490 1187 1562 1240 qui
1602 1186 1726 1228 illam
1757 1187 1890 1230 fidem

410 1248 580 1297 vivunt,
601 1249 643 1288 in
667 1261 818 1289 amore
837 1248 1029 1289 naturali
1052 1255 1262 1302 separato
1284 1249 1341 1289 ab
1362 1262 1514 1290 amore
1532 1250 1749 1302 spirituali
1771 1251 1861 1292 sint
1879 1265 1888 1301 ;

411 1323 462 1351 ac
490 1324 616 1350 amor
640 1310 857 1351 naturalis
883 1311 939 1351 ab
966 1325 1019 1351 eo
1052 1318 1285 1364 separatus
1312 1318 1381 1352 est
1408 1325 1534 1352 amor
1556 1312 1620 1352 sui
1646 1318 1692 1352 et
1719 1313 1887 1362 mundi,

410 1379 456 1413 et
479 1373 582 1413 inde
609 1386 734 1413 amor
756 1373 953 1413 omnium
981 1373 1200 1414 malorum
1225 1380 1270 1414 et
1295 1387 1353 1414 ex
1380 1374 1508 1414 malis
1535 1375 1734 1415 omnium
1756 1373 1890 1415 falso·

410 1448 536 1485 rum;
574 1442 620 1476 et
653 1436 771 1489 quod
814 1449 970 1476 omnes
1003 1435 1066 1476 illi
1099 1442 1192 1476 tam
1224 1437 1352 1476 vacui
1391 1442 1436 1477 et
1475 1436 1604 1477 simul
1642 1443 1736 1478 tam
1769 1437 1892 1478 caeci

410 1498 514 1546 sint,
539 1504 587 1538 ut
611 1511 666 1538 ne
689 1498 867 1551 quidem
891 1511 1025 1538 unum
1049 1499 1292 1551 genuinum
1310 1512 1463 1539 verum
1489 1498 1706 1540 ecclesiae
1729 1499 1889 1548 sciant,

410 1573 461 1600 ac
496 1561 539 1600 in
578 1559 745 1608 Verbo,
785 1561 967 1600 tametsi
1005 1560 1048 1600 id
1089 1560 1259 1601 habent
1297 1567 1342 1601 et
1381 1560 1553 1614 legunt,
1587 1561 1800 1611 videant;
1837 1574 1888 1602 ac

409 1622 559 1676 plures
591 1636 743 1663 eorum
776 1622 891 1663 tales
925 1629 1029 1663 sunt
1061 1629 1110 1663 ut
1142 1636 1232 1663 non
1265 1623 1377 1664 scire
1414 1636 1496 1664 nec
1529 1623 1679 1664 videre
1710 1622 1891 1677 aliquod

409 1685 564 1726 velint.
627 1684 732 1738 (13.)
782 1685 926 1726 Causa
966 1692 1035 1726 est
1072 1686 1173 1739 quia
1214 1699 1302 1726 non
1340 1685 1470 1726 datur
1509 1685 1688 1739 aliquod
1722 1698 1889 1734 verum,

410 1748 554 1788 minus
576 1748 721 1801 aliqua
744 1748 852 1788 fides
875 1748 991 1801 apud
1014 1748 1255 1796 hominem,
1281 1748 1361 1788 nisi
1383 1748 1490 1788 velit
1513 1755 1559 1788 et
1580 1748 1739 1799 faciat;
1773 1749 1890 1801 prius

410 1824 501 1852 non
535 1817 603 1851 est
637 1824 789 1851 verum
822 1811 954 1859 vitae,
990 1811 1069 1851 sed
1110 1810 1253 1851 solum
1287 1824 1439 1851 verum
1480 1811 1732 1860 memoriae,
1772 1811 1891 1864 quod

409 1885 563 1914 verum
589 1879 657 1914 est
684 1879 816 1913 extra
837 1873 1079 1920 hominem,
1104 1879 1149 1913 et
1176 1886 1265 1912 non
1291 1873 1408 1913 intra
1429 1872 1579 1923 illum;
1611 1879 1658 1914 et
1680 1873 1798 1926 quod
1820 1879 1890 1914 est

410 1942 541 1976 extra
573 1935 710 1984 illum,
739 1936 822 1976 hoc
856 1936 1119 1988 dissipatur:
1153 1935 1256 1975 inde
1282 1941 1409 1987 patet
1435 1935 1554 1988 quod
1585 1934 1694 1976 fides
1724 1935 1892 1989 absque

412 1998 618 2050 operibus
651 2011 738 2038 non
771 1998 827 2038 sit
854 1997 976 2046 fides,
1011 1998 1093 2038 nisi
1147 1996 1256 2038 fides
1292 1997 1389 2038 falsi
1414 2011 1472 2038 ex
1513 1997 1645 2047 malo,
1679 2011 1792 2051 quae
1823 2003 1892 2039 est

413 2059 523 2100 fides
549 2067 739 2108 mortua,
764 2073 957 2112 regnans
983 2061 1026 2100 in
1052 2059 1236 2100 inferno.

491 2123 624 2176 838.
663 2124 741 2163 “lli
763 2124 833 2164 det
858 2123 936 2164 illis
966 2123 1253 2164 characterem
1277 2136 1403 2176 supet·
1423 2136 1543 2163 marm
1566 2135 1705 2163 eorum
1732 2123 1894 2171 (lexim,

413 2189 458 2226 et
481 2198 606 2237 supet·
634 2186 832 2226 frontibus
866 2185 1239 2238 eorum.''-—Quod
1276 2185 1503 2238 significet
1542 2185 1893 2238 testzficatz‘onem

411 2241 652 2300 agnitionis
670 2247 787 2299 quod
802 2246 893 2287 sint
905 2246 963 2287 ‘ab
980 2246 1166 2294 ecclesia,
1185 2253 1226 2286 et
1246 2246 1290 2286 in
1312 2246 1432 2286 illius
1442 2246 1560 2299 fidei
1578 2246 1696 2286 veris
1712 2252 1754 2286 et
1773 2246 1893 2288 bonis

412 2310 480 2350 ita
519 2309 664 2356 dz'c7z's‚
705 2315 884 2349 constat
925 2322 983 2349 ex
1029 2307 1353 2361 significatione
1393 2311 1418 2368 ‘0‘
1432 2306 1737 2357 chara&eris,”
1773 2308 1892 2362 quod

412 2372 470 2412 sit
496 2373 672 2424 signum
700 2385 776 2411 seu
803 2370 1061 2411 testificatio
1086 2371 1340 2423 agnitionis,
1369 2370 1438 2410 hic
1465 2370 1584 2423 quod
1611 2371 1786 2428 sint-ab
1817 2370 1893 2411 illa

414 2433 603 2475 ecclesia
620 2448 629 2484 3
657 2448 714 2474 ex
733 2433 1057 2486 significatione
1075 2436 1100 2452 ‘⁴
1114 2444 1270 2472 manus
1288 2431 1516 2480 dextrae,”
1530 2433 1650 2485 quod
1667 2433 1724 2473 sit
1741 2445 1894 2472 verum

413 2494 514 2535 fidei
539 2495 582 2534 in
609 2507 687 2533 sua
710 2495 917 2546 potentia
940 2504 994 2542 (de
1007 2513 1071 2540 qua
1085 2512 1189 2540 supra,
1203 2512 1233 2532 n.
1249 2493 1373 2544 298);
1406 2498 1452 2532 et
1479 2506 1538 2532 ex
1563 2492 1894 2545 significatione
1941 2490 1948 2497 “

417 2555 648 2597 “frontis’'
673 2556 792 2609 quod
829 2556 886 2596 sit
916 2556 1088 2595 bonum
1123 2555 1287 2594 amoris
1319 2564 1374 2602 (de
1397 2573 1461 2601 qua
1479 2565 1572 2593 etiam
1586 2572 1697 2603 supra,
1717 2574 1748 2608 ῃ.
1767 2563 1892 2607 427):

415 2621 486 2661 hic
513 2621 662 2673 itaque
689 2633 766 2672 per
791 2617 1039 2659 “dextram
1065 2625 1111 2659 et
1137 2618 1330 2658 frontem
1343 2618 1361 2632 ''
1384 2617 1690 2670 significantur
1714 2632 1819 2658 vera
1848 2625 1894 2660 et

415 2684 534 2724 bona
563 2682 677 2723 illius
709 2682 810 2721 fidei
841 2682 900 2721 sic
934 2679 1066 2730 dicta,
1100 2694 1212 2734 quae
1243 2686 1395 2720 tamen
1427 2686 1531 2720 sunt
1562 2679 1633 2720 vel
1671 2693 1759 2720 non
1790 2694 1895 2721 vera

415 2752 461 2786 et
502 2746 633 2793 bona,
666 2744 738 2784 vel
779 2744 888 2784 falsa
928 2750 974 2785 et
1016 2743 1159 2793 mala3
1205 2743 1375 2795 agnitio
1416 2749 1568 2783 tamen
1604 2742 1779 2783 illorum
1816 2755 1895 2795 pro

416 2808 530 2848 veris
562 2815 607 2848 et
639 2808 766 2847 bonis
798 2805 1073 2859 significatur
1098 2818 1175 2858 per
1199 2805 1341 2845 “dare
1366 2812 1413 2845 et
1439 2805 1639 2858 accipere
1665 2803 1894 2845 charaae-

415 2883 510 2911 rem
542 2883 672 2922 super
698 2882 830 2909 manu
861 2869 1024 2908 dextra
1050 2880 1202 2908 eorum
1229 2874 1274 2907 et
1305 2880 1436 2920 super
1460 2866 1675 2907 frontibus
1707 2865 1896 2907 eorum..”

419 2936 444 2953 “
466 2930 737 2973 Chara&er”
759 2932 894 2972 etiam
920 2929 1141 2984 significat
1167 2930 1343 2982 signum
1370 2929 1611 2982 agnitionis
1637 2929 1680 2969 in
1706 2941 1893 2981 sequen-

416 2995 535 3036 tibus
562 2994 685 3043 locis,
