2098 3476
645 355 754 388 CAP.
778 356 881 397 ΧΠ,
906 355 1045 389 VERs.
1071 356 1218 400 3.——N.
1242 348 1337 401 716.
1634 350 1738 404 1963

238 468 400 524 spiritu
425 481 580 510 eorum
607 469 790 518 residet,
815 475 945 523 patet
973 469 1049 510 illa
1076 470 1314 511 manifeste
1338 471 1519 524 quando
1545 478 1739 512 externa

195 584 201 590 .
237 538 544 580 removentur,
573 538 622 573 ut
654 531 704 573 fit
736 533 781 573 in
813 533 984 573 mundo
1016 533 1250 595 spirituali.
1313 533 1380 574 At
1407 534 1641 574 sciendum
1668 542 1738 576 est

236 595 359 651 quod
391 596 565 637 astutia
597 609 713 650 quae
750 609 830 649 per
863 596 1112 637 “draconis
1149 597 1318 650 caput”
1351 596 1645 650 significatur,
1680 599 1738 639 sit

58 634 95 653 ι’(ἑ
109 633 126 649 3>

55 652 133 699 ὲ·-
167 710 169 712 q
235 659 728 712 astutiaaepervertendi
754 673 861 700 vera
893 666 939 700 et
973 660 1093 700 bona
1127 660 1270 700 Verbi
1299 674 1379 714 per
1410 661 1647 701 ratiocinia
1679 675 1737 702 ex

234 721 425 763 fallaciis
460 727 508 763 et
546 735 606 762 ex
644 722 919 775 sophisticis,
954 729 1051 763 tum
1089 736 1148 763 ex
1188 724 1473 776 persuasivis,
1508 737 1587 776 per
1624 737 1738 777 quae

200 783 496 827 'intellectus
536 785 796 834 fascinatur,
839 786 901 826 sic
942 786 1201 827 inducendo
1241 786 1365 827 falsis
1407 787 1581 840 species
1622 788 1737 828 sicut

179 854 182 855 ’
234 854 390 890 essent
415 862 536 890 vera.
599 847 735 901 Quod
766 850 832 890 ita
863 850 936 898 sit,
966 856 1180 890 constare
1206 850 1346 890 etiam
1374 856 1530 903 potest
1557 864 1617 890 ex
1644 863 1736 891 ser-

233 917 374 966 pente
399 925 459 952 ex
485 925 574 966 quo
600 912 730 966 primi
757 918 971 966 parentes
998 910 1172 953 seducti
1199 919 1319 961 sunt,
1348 913 1404 953 de
1431 927 1520 966 quo
1546 913 1723 962 dicitur,

399 1011 504 1054 Quod
522 1010 638 1043 faetus
655 1012 702 1044 sit
719 1013 884 1044 “astutus
902 1022 987 1052 prae
1005 1012 1104 1044 omni
1121 1012 1197 1044 fera
1213 1013 1289 1053 agri
1301 1012 1318 1024 ''
1336 1012 1431 1053 (Gen.
1450 1013 1496 1044 iii.
1518 1012 1567 1052 1):

234 1121 315 1162 per
339 1106 466 1148 illum
496 1107 829 1161 “serpentem'’
856 1107 1002 1149 simile
1029 1107 1303 1161 intelligitur
1329 1108 1450 1161 quod
1482 1122 1561 1161 per
1589 1111 1614 1128 ‘⁴
1631 1108 1735 1148 dra-

232 1170 448 1222 conem;''
488 1184 626 1225 quare
664 1170 736 1211 hic
769 1171 909 1211 etiam
941 1177 1132 1211 vocatur
1166 1175 1390 1224 “serpens
1422 1172 1634 1225 antiquus
1654 1204 1662 1211 .
1683 1203 1691 1212 .
1712 1204 1720 1211 .

233 1233 456 1276 seducens
483 1235 741 1275 universum
768 1234 964 1282 orbem,”
990 1248 1123 1275 versu
1147 1246 1176 1287 9
1200 1234 1330 1287 hujus
1357 1235 1534 1288 capitis.

309 1300 439 1354 ¹716.
469 1299 548 1340 “ft
561 1312 718 1341 cornua
737 1299 1118 1353 decemst——Quod
1134 1299 1363 1353 significet
1381 1300 1569 1341 multam
1577 1307 1734 1353 poten-

231 1361 355 1411 tiam,
379 1367 565 1403 constat
589 1375 648 1402 ex
671 1361 1007 1415 significatione
1033 1361 1275 1411 “cornus‚’'
1298 1363 1418 1416 quod
1443 1364 1501 1403 sit
1525 1364 1735 1416 potentia

229 1422 324 1466 Veri
349 1431 512 1466 contra
536 1424 698 1465 falsum
725 1431 772 1466 et
800 1424 985 1474 malum,
1014 1438 1066 1466 ac
1093 1426 1138 1466 in
1166 1427 1380 1479 opposito
1407 1439 1542 1466 sensu
1570 1433 1734 1479 poten-

230 1486 295 1528 tia
318 1485 420 1527 falsi
444 1486 608 1528 contra
631 1499 789 1526 verum
815 1492 862 1527 et
888 1486 1060 1526 bonum
1087 1497 1143 1535 (de
1158 1506 1223 1534 qua
1237 1507 1343 1535 supra,
1359 1506 1390 1527 n.
1409 1487 1502 1538 316,
1523 1487 1619 1540 567)
1640 1502 1650 1539 ;
1687 1495 1734 1529 ct

229 1561 291 1589 ex
328 1547 663 1602 significatione
703 1548 944 1597 “decem,'’
982 1548 1104 1602 quod
1145 1549 1236 1589 sint
1278 1562 1436 1590 omnes
1478 1556 1524 1590 et
1566 1551 1732 1599 omnia,

230 1615 328 1654 tum
359 1609 493 1651 multi
523 1616 571 1651 et
606 1610 753 1651 multa
783 1620 839 1659 (de
858 1630 924 1658 qua
942 1621 1036 1650 etiam
1057 1630 1164 1659 supra,
1185 1630 1216 1651 n.
1237 1611 1364 1663 675);
1406 1611 1513 1652 inde
1545 1618 1733 1653 constat

228 1671 350 1726 quod
395 1685 475 1726 per
517 1675 725 1714 “cornua
765 1672 957 1713 decem’'
998 1672 1278 1725 significetur
1318 1674 1528 1726 potentia
1574 1673 1731 1714 multa.

230 1733 366 1788 Quod
392 1735 647 1777 “draconi”
670 1735 816 1776 multa
837 1736 1049 1789 potentia
1070 1735 1216 1784 fuerit,
1242 1742 1428 1777 constat
1456 1750 1516 1776 ex
1539 1750 1733 1790 sequen-

228 1798 364 1847 tibus,
399 1811 563 1853 nempe
600 1799 721 1853 quod
758 1805 945 1852 propter
977 1798 1102 1839 illam
1137 1798 1291 1839 “filius
1323 1799 1565 1847 masculus,
1599 1813 1733 1853 quem

228 1863 405 1915 peperit
445 1861 618 1911 mulier,
651 1868 809 1916 raptus
842 1862 901 1902 sit
938 1862 996 1902 ad
1036 1862 1183 1902 Deum
1204 1861 1238 1913 ;‘’
1279 1862 1400 1916 quod
1437 1863 1619 1903 “cauda
1654 1877 1734 1904 sua

226 1924 483 1966 detraxerit
515 1939 540 1966 e
572 1925 701 1966 caelo
734 1926 919 1966 tertiam
951 1931 1130 1978 partem
1157 1924 1392 1966 stellarum
1413 1925 1448 1976 ;'’
1481 1931 1577 1966 tum
1610 1927 1731 1980 quod

230 1989 540 2042 “pugnaverit
564 2002 666 2030 cum
686 1988 913 2029 Michaele
936 1995 982 2029 et
1006 2001 1108 2028 cum
1126 1988 1304 2041 angelis
1327 1987 1420 2041 ejus
1442 1988 1476 2039 ;”
1503 1995 1549 2029 et
1569 1996 1731 2042 postea

227 2053 350 2106 quod
389 2052 476 2093 “in
517 2051 687 2093 bellurn
726 2058 888 2093 contra
927 2050 1111 2092 sanctos
1151 2052 1426 2092 excitaverit
1466 2051 1646 2105 Gogum
1685 2060 1730 2094 et

227 2114 495 2169 Magogum,
529 2122 576 2157 et
609 2122 774 2169 gentes
806 2116 984 2168 ingenti
1018 2114 1244 2155 numero.”
1306 2113 1442 2168 Quod
1472 2115 1729 2157 “draconi”

227 2178 333 2227 talis
365 2179 574 2233 potentia
598 2178 745 2228 fuerit,
774 2185 872 2219 erat
905 2179 1008 2232 quia
1040 2192 1119 2232 per
1150 2177 1278 2218 illum
1310 2177 1631 2231 intelliguntur
1657 2180 1731 2233 qui

226 2241 363 2284 fidem
389 2248 715 2296 separaverunt
741 2256 768 2282 a
794 2242 924 2283 bonis
951 2241 1205 2290 charitatis,
1230 2255 1346 2295 quae
1373 2249 1478 2282 sunt
1507 2256 1658 2295 opera,
1683 2250 1730 2283 et

226 2305 552 2347 confirmarunt
590 2306 635 2346 id
676 2319 756 2359 per
792 2318 975 2346 sensum
1013 2304 1196 2345 litterae
1234 2304 1390 2354 Verbi,
1430 2319 1563 2359 quem
1602 2307 1664 2346 sic
1706 2320 1732 2346 a

226 2371 426 2424 genuino
451 2383 533 2410 suo
559 2383 699 2410 sensu
725 2374 1007 2410 retorserunt
1035 2375 1082 2409 et
1115 2369 1231 2409 sicut
1264 2382 1324 2408 ex
1356 2368 1486 2409 caelo
1513 2369 1730 2410 detraxe-

226 2439 358 2485 runt3
396 2447 448 2475 ac
480 2434 526 2474 in
557 2432 645 2474 fine
676 2432 912 2481 ecelesiae,
947 2432 1003 2472 de
1035 2446 1124 2486 quo
1156 2433 1200 2472 in
1232 2431 1370 2472 Libro
1400 2431 1441 2472 A
1444 2432 1731 2485 pocalypseos

225 2498 391 2551 agitur,
415 2496 540 2538 nulla
565 2503 636 2538 est
659 2497 860 2538 charitas
881 2510 890 2547 ;
923 2496 1027 2536 inde
1054 2502 1162 2536 tunc
1187 2495 1374 2536 draconi
1400 2502 1470 2536 est
1495 2497 1727 2549 potentia:

225 2562 413 2616 quisque
445 2561 566 2602 enim
598 2561 643 2601 in
675 2560 763 2601 fine
795 2559 1018 2601 ecclesiae
1044 2558 1143 2600 vult
1171 2559 1322 2599 vivere
1354 2559 1452 2607 sibi,
1482 2560 1651 2600 mundo
1683 2566 1729 2600 et

224 2625 376 2679 genio,
401 2631 448 2665 et
474 2625 605 2678 pauci
632 2623 847 2673 Domino,
872 2623 1002 2664 caelo
1029 2629 1075 2664 et
1101 2624 1224 2664 vitae
1250 2629 1493 2674 aeternae;
1527 2636 1578 2663 ac
1607 2623 1729 2676 prin-

225 2688 391 2742 cipium
424 2687 481 2728 de
518 2687 616 2728 sola
647 2687 749 2736 fide,
784 2701 899 2741 quae
935 2693 1007 2728 est
1040 2686 1152 2727 fides
1185 2692 1398 2740 separata
1429 2699 1455 2726 a
1487 2685 1727 2733 charitate,

224 2751 348 2792 favet
370 2750 435 2792 illi
457 2752 595 2800 vitae,
620 2757 666 2792 et
694 2752 810 2792 sicut
832 2764 950 2791 vena
972 2750 1166 2790 fluminis
1189 2749 1378 2791 trahens
1401 2749 1545 2789 aufert
1570 2762 1728 2789 omnes

224 2814 283 2855 ad
305 2814 350 2855 id
372 2814 649 2856 credendum
672 2820 719 2855 et
745 2813 803 2855 ad
826 2814 888 2854 sic
911 2813 1156 2854 vivendum
1175 2827 1183 2863 ;
1218 2813 1322 2854 inde
1345 2819 1415 2853 est
1439 2812 1559 2866 quod
1586 2812 1727 2852 “dra-

225 2875 369 2926 coni,’'
400 2890 480 2931 per
511 2890 645 2931 quem
683 2876 801 2918 tales
838 2883 885 2917 et
923 2875 1035 2917 talia
1066 2875 1400 2929 intelliguntur,
1435 2875 1726 2928 apparuerint

228 2939 427 2981 “decem
458 2939 665 2981 cornua.'’
727 2938 911 2981 Dictum
943 2945 1014 2980 est
1053 2939 1172 2993 prius
1204 2939 1325 2992 quod
1357 2937 1479 2979 falsis
1512 2952 1571 2978 ex
1605 2937 1726 2978 malo

225 3015 407 3056 prorsus
439 3003 563 3045 nulla
594 3004 805 3058 potentia
836 3004 923 3056 sit;
967 3003 1047 3045 sed
1080 3003 1314 3045 sciendum
1347 3008 1417 3044 est
1450 3001 1570 3055 quod
1603 3000 1726 3042 falsis
