2008 3458
385 354 494 394 2412
798 350 1129 383 APOCALYPSIS
1160 351 1458 384 EXPLICATA.

383 463 489 503 boni
525 462 636 503 caeli
676 468 721 503 et
762 462 977 503 ecclesiae
1014 475 1092 515 per
1130 462 1225 503 dira
1262 462 1373 503 falsa
1409 462 1526 503 mali.
1587 463 1722 506 Falsa
1762 463 1868 506 mali

383 525 602 574 dicuntur,
637 525 737 578 quia
773 525 923 565 omnia
957 524 1068 565 falsa
1103 525 1290 566 oriunda
1329 539 1387 566 ex
1426 539 1577 566 amore
1615 527 1868 579 imperandi

383 594 566 641 propter
587 601 634 628 se
660 594 706 628 et
732 587 796 627 sui
822 587 1111 628 eminentiam
1136 593 1240 629 sunt
1265 587 1375 628 falsa
1401 588 1519 636 mali,
1544 593 1590 630 et
1616 589 1867 630 secundum

383 650 508 691 illum
534 663 733 691 amorem
756 649 862 691 dira.

1005 842 1141 866 VERSUS
1157 842 1252 876 9-12.

461 916 590 959 882.
628 930 688 956 “Et
705 930 812 956 tertius
830 931 949 962 angelus
967 932 1085 956 secutus
1105 932 1154 957 est
1171 930 1245 961 ΙΙΙοε,
1265 931 1368 957 dicens
1393 937 1459 956 voce
1478 937 1590 963 maana.
1610 930 1642 958 8!
1658 931 1723 964 quta
1745 930 1868 958 boetiam

382 970 554 1000 adoraverit,
571 972 601 996 et
619 970 771 1002 imaqinem
790 970 862 1002 ejus,
878 971 908 996 et
925 970 1072 1001 acceperit
1086 970 1284 996 characterem
1302 977 1391 1002 super
1403 970 1504 1002 fronte
1523 978 1587 1002 sua,
1603 972 1655 998 aut
1672 977 1762 1003 ευμεν
1779 977 1868 998 mam!

382 1015 443 1035 sua.
482 1007 516 1033 Et
529 1008 579 1034 ille
595 1008 673 1034 bibet
687 1016 723 1034 ex
739 1008 803 1034 vino
818 1008 880 1034 irae
896 1007 946 1034 Dei
960 1008 1049 1034 mixto
1064 1015 1142 1035 mero
1156 1008 1186 1034 in
1201 1009 1302 1040 μοουΙο
1316 1009 1575 1035 excandescentiae
1590 1009 1694 1041 ipsias.
1710 1010 1742 1035 et
1755 1009 1870 1035 emola-

384 1047 459 1072 bitur
474 1046 539 1078 ione
557 1048 587 1072 et
604 1047 742 1078 sulphure
759 1053 856 1072 eoram
874 1046 986 1072 sanetis
1004 1046 1116 1078 anqelis
1134 1048 1164 1072 et
1181 1053 1277 1072 coram
1296 1046 1381 1078 Ayno.
1419 1045 1452 1072 ft
1468 1046 1570 1078 fumus
1587 1046 1735 1074 eructatus
1753 1047 1866 1074 morum

382 1084 521 1110 ascendet
536 1084 564 1110 in
580 1085 697 1110 saecula
711 1085 899 1114 saeculorum,
914 1085 944 1110 et
955 1091 1010 1110 non
1026 1084 1172 1110 habebunt
1184 1084 1310 1116 requiem
1326 1084 1374 1109 dtu
1389 1086 1419 1110 et
1433 1086 1518 1110 noctu
1533 1085 1689 1111 adorantes
1700 1084 1823 1111 bestiam
1838 1085 1870 1111 ct

382 1122 534 1154 imaqinem
553 1122 626 1154 ejus,
646 1123 676 1148 et
693 1122 722 1148 εἰ
739 1122 804 1154 quis
821 1122 968 1153 acceperit
985 1122 1182 1148 characterem
1201 1122 1325 1148 nomIm's
1343 1122 1417 1154 ejus.
1466 1122 1517 1148 ΗῘο
1537 1122 1682 1154 patientta
1699 1123 1866 1150 sanctorum

382 1162 447 1191 οδω
467 1160 513 1187 Me
528 1160 726 1186 custodientes
742 1160 879 1186 mandata
895 1160 947 1186 Dei
961 1161 991 1186 et
999 1159 1089 1192 fidem
1103 1159 1206 1186 «Ιεευ.”

426 1249 458 1282 9.
491 1239 553 1273 “ft
569 1239 693 1273 tertius
705 1240 851 1283 angelus
862 1242 1006 1274 secutus
1019 1242 1075 1274 esi
1086 1239 1191 1278 illos,''
1203 1239 1361 1282 significat
1374 1240 1672 1282 manifestationem
1685 1251 1706 1272 a
1721 1237 1871 1272 Doinino

558 1285 670 1316 adhuc
688 1284 739 1327 [n.
753 1283 856 1326 883];
883 1283 1020 1317 “dicens
1047 1294 1127 1318 voce
1150 1285 1300 1328 magna?
1317 1283 1476 1325 significat
1498 1285 1650 1316 validam
1672 1284 1870 1317 exhortatio-

559 1339 633 1359 nem
665 1333 696 1359 et
720 1328 1007 1359 denuntiationem
1042 1328 1093 1371 [n.
1126 1328 1228 1370 884];
1263 1328 1318 1362 “si
1342 1327 1420 1371 quis
1446 1327 1590 1361 bestiam
1613 1327 1813 1362 adoraveris
1836 1330 1874 1362 οὶ

558 1371 738 1415 imaginem
755 1372 860 1415 ejus,''
879 1371 1038 1413 significat
1062 1383 1103 1403 ne
1124 1377 1306 1414 agnoscant
1327 1373 1515 1413 religiosum
1538 1373 1577 1403 de
1586 1372 1662 1414 fide
1677 1377 1830 1414 separata
1848 1383 1870 1403 a

558 1418 642 1454 vita,
667 1421 698 1447 et
718 1417 909 1447 doarinam
932 1417 1002 1458 ejus
1028 1416 1079 1458 [n.
1097 1415 1201 1458 885];
1236 1419 1294 1449 “et
1313 1415 1484 1458 acceperit
1507 1415 1742 1449 characterem
1764 1425 1872 1460 supet·

561 1461 672 1494 fronte
688 1469 753 1493 sua
770 1462 831 1492 aut
845 1469 951 1502 supet·
966 1469 1068 1493 manu
1091 1461 1184 1497 sua‚''
1200 1460 1360 1501 significat
1384 1460 1593 1501 receptionem
1616 1464 1648 1491 et
1666 1460 1870 1502 agnitionem

551 1510 617 1546 pro
632 1505 778 1536 ecclesiae
792 1504 883 1537 bonis
898 1509 960 1535 aut
965 1509 1031 1546 pro
1046 1505 1192 1536 ecclesiae
1206 1505 1296 1535 veris
1314 1504 1364 1547 [n.
1382 1503 1479 1546 886}

409 1582 458 1606 10.
492 1573 554 1608 “ft
575 1573 633 1607 ille
650 1573 739 1607 bibet
762 1583 803 1606 ex
820 1573 894 1607 vino
909 1572 984 1606 irae
1000 1573 1063 1607 Dei
1075 1574 1179 1607 mixto
1193 1583 1286 1606 mero
1301 1573 1335 1606 in
1351 1574 1474 1616 poculo
1491 1572 1794 1608 excandescentia
1817 1573 1870 1618 Ιμ-

560 1617 663 1656 sl'us,'¹
673 1617 832 1659 significat
844 1618 1141 1660 appropriationem
1146 1619 1237 1660 falsi
1250 1623 1281 1649 et
1292 1619 1369 1650 inde
1379 1618 1471 1655 mali,
1484 1618 1657 1659 conjuncti
1667 1617 1870 1661 cumsalsg'fi-

561 1663 640 1694 catis
650 1663 737 1694 veris
745 1673 857 1693 sensus
866 1663 992 1693 litterae
1003 1662 1099 1693 Verbi
1111 1662 1160 1705 [n.
1172 1661 1254 1704 887]
1267 1673 1275 1700 3
1295 1665 1352 1695 “et
1360 1660 1567 1694 cruciabitur
1576 1661 1652 1704 ique
1662 1664 1698 1695 ei
1707 1661 1872 1705 sulphure

561 1716 675 1740 coram
688 1705 819 1739 sanctis
835 1706 968 1748 oeryelis
981 1708 1017 1739 et
1031 1715 1145 1739 cot-am
1162 1705 1279 1748 Aynol'
1292 1705 1450 1746 significat
1466 1706 1555 1747 quod
1567 1706 1742 1748 infernum
1757 1716 1870 1739 eorum

558 1751 602 1782 sit
623 1761 664 1781 ex
686 1761 798 1781 amore
821 1751 904 1781 mali
925 1755 956 1782 et
970 1751 1070 1792 falsi,
1093 1750 1209 1781 dirum
1231 1751 1410 1781 secundum
1432 1750 1707 1791 falsificationem
1736 1754 1768 1782 et
1794 1750 1871 1782 inde

559 1795 764 1837 rejectionem
780 1794 912 1826 Divz'ni
935 1795 1016 1827 Veri
1030 1805 1070 1826 ac
1085 1794 1217 1826 Divinz'
1232 1794 1336 1832 Boni,
1354 1794 1401 1825 ita
1424 1793 1519 1825 Verbi
1536 1793 1587 1837 [n.
1605 1793 1699 1836 888].

409 1874 459 1898 11.
493 1865 554 1899 “Et
569 1867 684 1899 fumus
708 1865 883 1899 cruciatus
906 1865 1039 1898 illorum
1062 1865 1227 1899 ascendet
1241 1864 1274 1898 in
1296 1866 1438 1898 saecula
1454 1865 1698 1903 saeculorum!
1713 1864 1872 1907 significat

560 1912 698 1942 densum
705 1911 838 1952 falsum
850 1910 1012 1952 obstipam
1026 1911 1107 1948 illos,
1120 1915 1151 1941 et
1153 1910 1324 1952 profluens
1335 1921 1376 1940 ex
1391 1909 1558 1941 amoribus
1570 1910 1705 1941 illorum
1717 1910 1872 1942 continue

564 1955 614 1998 [n.
632 1954 713 1996 889]
725 1966 734 1992 ;
761 1957 818 1987 “et
831 1964 895 1987 non
911 1954 1083 1987 habebunt
1095 1953 1246 1997 requiem
1260 1953 1316 1986 diu
1333 1956 1369 1986 et
1379 1953 1508 1990 ηοσΐυ,”
1521 1953 1680 1994 significat
1693 1953 1871 1996 infistatio-

559 2009 635 2029 nem
653 1999 845 2029 continuam
862 2009 883 2029 a
901 1999 999 2029 malis
1013 2003 1046 2029 et
1059 1999 1137 2030 inde
1142 1998 1246 2040 falsis
1265 1998 1315 2040 [n.
1334 1997 1436 2039 890];
1463 1997 1667 2030 “adorantes
1679 1996 1823 2031 bestiam
1837 2000 1874 2031 ef

559 2041 738 2085 imaginem
756 2042 860 2084 ejus,''
875 2041 1035 2084 significat
1057 2042 1119 2084 qui
1133 2046 1317 2083 agnoscunt
1331 2042 1519 2082 religiosum
1535 2042 1574 2072 de
1585 2041 1660 2084 fide
1681 2046 1833 2083 separata
1849 2053 1871 2073 a

562 2087 635 2117 vita
659 2091 690 2117 et
710 2087 899 2117 dolio-inam
916 2087 986 2128 ejus
1011 2086 1062 2128 [n.
1079 2085 1184 2128 891];
1211 2090 1226 2102 “
1241 2088 1278 2118 et
1298 2085 1333 2118 si
1353 2085 1430 2128 quis
1445 2084 1620 2128 acceperit
1638 2084 1870 2119 characterem

560 2130 704 2163 nominis
721 2130 824 2172 ejus,''
836 2129 995 2171 significat
1008 2131 1217 2171 receptionem
1229 2134 1260 2161 et
1274 2130 1478 2171 agnitionem
1494 2129 1666 2171 qualitatis
1680 2130 1749 2172 ejus
1759 2140 1871 2161 secun-

560 2175 641 2205 dum
657 2174 901 2215 descrzptionem
915 2179 1018 2215 supra
1038 2174 1089 2217 [n.
1108 2173 1206 2216 892].
1750 2190 1758 2197 ·

411 2253 461 2277 12.
494 2243 572 2278 “HJ‘c
584 2243 748 2287 patientia
761 2247 956 2277 sanctorum
973 2245 1055 2281 es†.''
1067 2243 1226 2285 significat
1234 2245 1474 2286 persecutiones
1485 2248 1516 2275 et
1527 2244 1721 2276 tentationes
1735 2244 1871 2276 illorum

560 2290 622 2331 qui
636 2300 702 2319 non
720 2289 758 2319 in
774 2289 835 2320 illa
840 2288 916 2330 fide
929 2293 1018 2326 sunt,
1034 2289 1090 2319 sed
1103 2289 1141 2319 in
1164 2289 1325 2319 charitate
1343 2289 1392 2330 [n.
1413 2287 1516 2329 893];
1543 2287 1618 2320 “Mc
1640 2287 1872 2322 custodientes

561 2333 721 2365 mandata
745 2332 832 2368 Dei?
848 2331 1007 2373 significat
1029 2333 1119 2374 quod
1138 2333 1178 2363 hi
1197 2333 1267 2363 sint
1287 2333 1348 2373 qui
1362 2332 1488 2364 vivunt
1501 2333 1680 2363 secundum
1695 2337 1871 2374 praecepta

562 2377 708 2408 Domini
722 2377 759 2407 in
786 2376 883 2407 Verbo
902 2375 952 2418 [n.
971 2375 1073 2418 894];
1100 2378 1157 2408 “et
1168 2375 1265 2408 fldem
1281 2375 1395 2412 ‘lesus'
1406 2374 1566 2416 significat
1582 2376 1871 2417 implantationem

561 2422 637 2452 veri
650 2432 671 2452 a
688 2419 867 2462 Domino[,
883 2425 914 2450 et
927 2421 1131 2462 agnitionem
1149 2419 1275 2462 Ipsius]
1299 2420 1350 2462 [n.
1367 2419 1465 2461 895].

465 2533 597 2585 883.
628 2543 640 2580 [
651 2544 732 2572 Vers.
748 2542 791 2580 9.]
817 2531 894 2570 “Et
912 2531 1057 2571 tertios
1077 2531 1247 2583 anyelus
1266 2534 1436 2570 secutos
1455 2534 1523 2570 est
1538 2529 1870 2583 illos.”—Quod

386 2594 608 2646 significet
630 2592 1026 2644 nmnz'fi’statz‘onenz
1052 2606 1079 2632 a
1104 2591 1290 2632 Domino
1311 2592 1464 2640 adbuc,
1490 2597 1672 2632 constat
1699 2605 1758 2631 ex
1785 2591 1871 2632 illis

387 2669 499 2708 quae
530 2655 587 2695 de
612 2655 727 2694 binis
752 2653 929 2706 angelis
955 2666 1091 2705 supra
1113 2649 1164 2701 '(n.
1183 2652 1266 2704 869
1282 2668 1312 2691 et
1329 2654 1426 2704 878)
1453 2652 1572 2693 dieta
1603 2658 1723 2701 sunt,
1750 2653 1870 2705 quod

386 2718 476 2757 sint
508 2716 893 2756 manifestationes
933 2729 958 2755 a
997 2715 1194 2754 Domino
1227 2714 1282 2754 de
1314 2714 1511 2754 adventu
1543 2714 1699 2767 Ipsius,
1733 2720 1779 2754 et
1815 2713 1871 2754 de

386 2780 668 2831 separatione
690 2779 908 2818 bonorum
931 2791 956 2817 a
978 2776 1106 2817 malis
1128 2777 1199 2816 die
1223 2776 1369 2817 ultimi
1388 2773 1536 2828 judicii
1555 2791 1562 2825 ;
1595 2777 1664 2816 hic
1687 2789 1793 2816 vero
1815 2775 1871 2816 de

385 2842 470 2882 illis
496 2842 568 2894 qui
601 2855 677 2893 per
705 2841 986 2880 “draconem
1001 2839 1019 2854 ”
1045 2846 1090 2880 et
1125 2839 1253 2891 “ejus
1285 2839 1476 2879 bestiam
1490 2838 1508 2853 ’'
1539 2837 1868 2891 intelliguntur,

387 2905 458 2958 qui
484 2911 586 2945 sunt
613 2904 685 2957 qui
711 2903 843 2944 fidem
863 2917 900 2943 ,a
931 2902 1059 2943 bonis
1084 2902 1290 2954 operibus
1316 2900 1519 2942 doetrina
1544 2907 1589 2942 et
1614 2901 1708 2942 vita
1732 2914 1866 2954 sepa-

387 2973 500 3009 rant.
