2008 3458
914 0 923 10 *
1005 0 1079 26 ·ιι“’
1107 0 1134 36 ζῆ·
1155 0 1508 38 ³⁸³W,''*¹='²27'‚‘5,’‘'.*3cyffssq

341 377 452 431 2306
751 385 1083 420 APOCALYPSIS
1113 388 1412 421 EXPLICATA.

423 496 506 551 [lh]
550 497 778 550 Quoniam
800 497 865 538 illi
886 498 960 551 qui
980 497 1025 538 in
1046 498 1164 539 veris
1186 512 1245 539 ex
1266 498 1389 539 bono
1406 498 1572 539 amoris
1592 498 1638 539 in
1659 497 1733 541 Do
1780 494 1795 498 '⁷
1810 492 1827 501 '⁹

340 572 444 599 num
482 566 599 607 sunt,
633 573 710 599 seu
745 559 788 599 in
825 557 1029 600 doctrina
1063 573 1122 600 ex
1157 559 1256 608 illis,
1289 559 1716 612 reprasentabantur
1747 564 1749 566 ’

340 621 534 670 Petrum,
563 627 608 662 et
634 621 695 661 illi
721 628 825 662 sunt
852 622 925 675 qui
950 623 1174 663 instruent
1200 622 1323 671 alios,
1348 622 1449 663 ideo
1475 622 1591 663 dixit
1617 621 1674 663 ad
1698 620 1829 674 illimi-

340 683 572 732 Dominus,
589 684 769 737 quando
786 684 1017 737 respondit
1031 685 1150 738 quod
1168 691 1339 725 amaret
1364 685 1529 737 Ipsum,
1547 684 1666 738 quod
1683 687 1709 705 ‘⁴
1721 683 1825 738 pass-

339 752 459 786 ceret
482 759 624 799 agnos
647 753 693 786 et
715 760 822 787 oves
845 746 1013 799 IpsiuS,
1005 746 1037 769 ·'’
1068 747 1124 788 de
1150 747 1306 801 quibus
1331 747 1394 788 ita
1416 747 1533 800 apud
1555 746 1827 810 Joltannem'f¹

409 841 648 882 “.Postquam
664 842 800 882 pransi
814 848 906 879 sunt.
921 842 1005 874 dicit
1017 842 1121 884 Jesus
1135 842 1272 874 Simoni
1289 842 1404 880 Petro,
1419 842 1542 873 Simon
1559 841 1662 884 Jona‚
1676 835 1832 880 amu'oe

517 884 577 916 Me
605 885 683 925 plus
713 895 817 926 quam
843 885 932 918 hos?
977 885 1072 917 Dicit
1101 885 1183 926 Ipsi,
1210 885 1337 924 Immo,
1364 867 1528 923 Domine,
1553 885 1607 916 Tu
1634 885 1703 917 scis
1728 876 1830 935 quod

513 938 630 959 amem
645 928 718 960 Te:
745 929 829 959 dicit
845 929 905 967 illi,
922 928 1032 960 Pasce
1045 939 1158 969 agnos
1172 939 1282 961 meos.
1331 928 1423 960 Dicit
1441 929 1491 960 illi
1507 929 1650 960 iterum.
1679 926 1829 971 ,Simdn

513 971 615 1012 Jona,
634 981 779 1002 amasne
799 971 883 1004 Me?
922 971 1015 1003 Dicit
1033 971 1117 1012 Ipsi,
1131 972 1246 1003 Immo
1265 972 1429 1009 Domine,
1443 971 1498 1003 Tu
1514 971 1583 1003 scis
1599 970 1692 1012 quod
1708 971 1830 1005 amem

516 1014 588 1047 Te:
617 1015 701 1046 dicit
725 1015 784 1053 illi,
805 1015 915 1046 Pasce
940 1025 1026 1047 oves
1050 1025 1158 1047 meas.
1207 1015 1301 1047 Dicit
1325 1015 1373 1046 illi
1398 1015 1550 1052 tertium,
1576 1014 1698 1046 Simon
1721 1012 1824 1056 Jouffl

1370 1058 1490 1066 ..ου

513 1067 661 1089 amasne
674 1057 758 1090 Me?
785 1058 1026 1090 Contristatus
1037 1065 1092 1090 est
1105 1059 1239 1096 Petrus,
1252 1058 1334 1099 quia
1344 1058 1431 1089 dixit
1442 1058 1492 1089 illi
1504 1057 1655 1096 tertium,
1665 1057 1826 1091 Amnem!

515 1100 598 1133 Me?
622 1101 701 1132 ideo
718 1102 801 1132 dicit
818 1101 879 1139 illi,
898 1101 1062 1139 Domine,
1080 1102 1135 1133 Tu
1152 1102 1272 1133 omnia
1289 1101 1394 1139 nosti,
1409 1101 1464 1132 Tu
1484 1100 1579 1132 nosti
1597 1099 1690 1142 quod
1706 1108 1824 1132 amem

514 1144 584 1183 Te;
609 1145 692 1175 dicit
709 1145 757 1175 illi
774 1144 889 1186 Jesus,
910 1144 1020 1176 Pasce
1037 1155 1124 1176 oves
1141 1144 1528 1185 meas''(xxi.15-17):
1814 1162 1817 1165 ν

342 1257 400 1284 ex
427 1243 493 1284 his
516 1243 749 1284 manifeste
772 1250 898 1296 patet
921 1244 1039 1297 quod
1063 1244 1650 1297 Petrus'repraesentaverit
1670 1242 1825 1287 veru'm

341 1320 399 1346 ex
423 1306 544 1346 bono
566 1306 728 1346 amoris
750 1307 793 1346 in
821 1306 1090 1357 Dominum;
1123 1320 1257 1360 quare
1281 1307 1417 1347 etiarn
1439 1320 1556 1347 nunc
1577 1306 1828 1348 vocabatur

344 1367 536 1409 “Simon
557 1367 709 1420 Jona‚”
727 1381 829 1408 nam
849 1381 926 1421 per
946 1367 1213 1409 “Simonem
1234 1368 1406 1421 Jonae’'
1424 1368 1698 1422 significatur
1715 1367 1827 1413 fides

342 1444 400 1470 ex
435 1430 682 1480 charitate;
721 1443 799 1483 per
832 1430 1130 1471 “Simonem'’
1161 1431 1432 1472 auscultatio
1468 1437 1514 1472 et
1551 1431 1874 1482 obedientia*

342 1499 387 1532 et
419 1506 497 1544 per
525 1492 754 1545 “Jonam''
781 1493 1002 1542 columba,
1031 1506 1109 1545 per
1139 1506 1272 1547 quam
1299 1492 1575 1546 significatur
1601 1493 1822 1535 charitas:

342 1556 462 1608 quod
493 1556 555 1596 illi
581 1557 654 1609 qui
685 1557 728 1596 in
755 1555 957 1597 doctrina
981 1557 1073 1596 veri
1104 1571 1162 1597 ex
1190 1570 1340 1597 amore
1367 1557 1408 1596 in
1436 1556 1680 1597 Dominum
1705 1562 1824 1607 sunt,
1943 1610 1946 1611 ⁷

343 1617 597 1659 instru&uri
616 1619 703 1659 sint
722 1618 822 1659 illos
840 1620 913 1672 qui
931 1619 987 1659 ab
1002 1618 1191 1660 ecclesia
1210 1619 1390 1660 Domini
1404 1626 1547 1668 erunt,
1561 1619 1828 1672 intelligitur

343 1695 421 1734 per
446 1682 844 1734 interrogationem
878 1681 1072 1730 Domini,
1102 1681 1344 1722 “Amasne
1377 1681 1451 1722 Me
1472 1681 1506 1732 ;‘’
1537 1688 1583 1723 et
1614 1681 1717 1722 dein
1748 1694 1828 1735 per

347 1743 522 1784 “Pasce
563 1757 705 1797 agnos
743 1743 896 1784 meos”
933 1750 978 1784 et
1018 1748 1161 1784 “oves
1202 1757 1324 1784 meas
1342 1743 1374 1794 ;‘’
1420 1757 1510 1784 non
1546 1743 1665 1797 quod
1705 1742 1827 1784 solus

345 1806 499 1846 Petrus
539 1804 832 1847 instru&urus
872 1807 942 1855 sit,
983 1806 1061 1847 sed
1105 1803 1263 1847 omnes
1307 1806 1370 1846 illi
1410 1806 1483 1860 qui
1527 1819 1606 1859 per
1645 1805 1826 1847 Petrum
1858 1799 1862 1802 ⁴

343 1869 668 1921 repraesentati
695 1875 827 1919 sunt;
867 1869 940 1922 qui
966 1875 1083 1917 sunt,
1113 1875 1161 1910 ut
1193 1867 1360 1910 di&um
1386 1875 1468 1918 est,
1497 1869 1570 1923 qui
1600 1869 1643 1909 in
1674 1872 1827 1910 amore

344 1931 387 1970 in
411 1931 654 1971 Dominum
676 1937 794 1978 sunt,
818 1938 863 1972 et
889 1931 992 1972 inde
1007 1945 1039 1981 ,a
1066 1931 1260 1972 Domino
1286 1932 1329 1971 in
1351 1932 1491 1971 veris:
1525 1930 1644 1984 quod
1670 1931 1834 1972 Petrus·

345 2001 414 2034 ter
435 1994 738 2047 interrogatus
760 1995 830 2042 sit,
856 1993 1135 2047 significabat
1158 1993 1338 2047 plenum
1363 2001 1540 2046 tempus
1562 2007 1588 2034 a
1612 1993 1828 2047 principio
1875 1985 1885 2015 Τ

345 2056 561 2097 ecclesiae
592 2057 649 2096 ad
681 2055 814 2096 finem
846 2056 952 2109 ejus,
986 2070 1091 2097 nam
1119 2056 1271 2097 “tria”
1298 2057 1340 2097 id
1373 2055 1653 2109 significant3
1691 2069 1827 2110 quare
1886 2052 1894 2065 ⁸
1922 2062 1937 2073 ‘

345 2132 446 2159 cum
473 2119 606 2159 tertia
635 2119 731 2159 vice
759 2119 1133 2188 interrogabatur,
1162 2119 1322 2160 dicitur
1348 2119 1468 2172 quod
1496 2119 1830 2160 “contristatus

345 2182 403 2222 sit
436 2181 604 2221 Petrus.
609 2180 628 2195 ’'
688 2181 747 2221 Et
779 2182 881 2234 quia
906 2182 1040 2222 tertia
1065 2182 1360 2234 interrogatio
1386 2180 1666 2234 significabat
1690 2179 1827 2225 finem

346 2243 576 2292 ecclesiae,
601 2243 702 2283 ideo
728 2250 972 2296 sequuntur
998 2257 1113 2284 nunc
1146 2243 1255 2284 haec
1285 2243 1465 2284 Domini
1491 2243 1627 2284 verba
1656 2243 1713 2284 ad
1745 2243 1828 2285 Pe-

346 2312 478 2354 trum,
502 2305 620 2358 apud
641 2305 906 2354 Jolzannem,

413 2400 570 2437 “Amen,
588 2410 703 2438 amen,
721 2400 801 2431 dico
821 2401 892 2438 tibi,
911 2410 989 2432 cum
1010 2400 1107 2432 fuisti
1126 2400 1245 2441 junior
1264 2401 1430 2440 cingebas
1454 2406 1488 2432 te
1507 2400 1634 2441 ipsum,
1653 2405 1689 2432 et
1707 2400 1830 2432 ambu-

519 2444 618 2475 labas
643 2454 718 2486 quo·
741 2444 908 2481 volebas;
943 2444 1084 2484 quando
1113 2454 1197 2475 vero
1225 2453 1336 2475 senex
1359 2444 1478 2481 fueris,
1502 2443 1673 2475 extendes
1700 2452 1830 2476 manus

520 2493 608 2525 tuas,
623 2493 658 2518 et
674 2488 764 2518 alius
780 2494 812 2518 te
826 2487 943 2527 cinget
956 2493 990 2518 et
1003 2488 1106 2518 ducet
1119 2497 1187 2528 quo
1201 2497 1273 2518 non
1286 2487 1377 2518 vis.
1354 2498 1360 2504 ·
1436 2492 1486 2518 .et
1498 2496 1577 2518 cum
1590 2487 1658 2518 hoc
1670 2486 1828 2526 dixisset,

522 2512 608 2562 dicit'
634 2530 694 2568 illi,
720 2531 873 2571 Sequere
899 2530 979 2562 Me.
1015 2540 1210 2562 conversus
1234 2540 1319 2561 vero
1350 2530 1475 2561 Petrus
1499 2530 1596 2562 videt
1618 2529 1828 2570 discipulum

523 2583 628 2614 quem
651 2573 756 2615 Jesus
780 2575 933 2612 amabat,
958 2579 1178 2614 sequentem,
1203 2573 1262 2614 qui
1287 2573 1394 2604 etiam
1419 2573 1651 2604 accumbebat
1677 2573 1712 2604 in
1741 2582 1831 2604 cena

522 2627 629 2657 super
652 2615 795 2657 pectore
817 2617 948 2657 Ipsius.
963 2641 970 2649 .
984 2641 991 2648 .
1007 2641 1014 2648 .
1033 2627 1040 2648 ε
1075 2614 1202 2647 [¹]hunc
1219 2617 1344 2647 videns
1371 2616 1505 2654 Petrus,
1513 2616 1606 2648 dicit
1628 2615 1673 2648 ad
1695 2615 1828 2658 Jesum,

524 2660 688 2698 Domine,
698 2661 754 2691 hic
767 2669 851 2691 vero
863 2660 970 2701 quid?
1004 2660 1097 2691 Dicit
1113 2660 1163 2691 illi
1177 2659 1291 2700 Jesus,
1304 2659 1338 2691 Si
1352 2659 1450 2690 illum
1464 2659 1547 2691 volo
1560 2669 1704 2691 manere
1715 2659 1830 2691 donec

521 2704 638 2741 venio,
656 2704 739 2744 quid
758 2704 802 2734 ad
822 2705 879 2735 te?
903 2709 941 2734 tu
960 2712 1106 2744 sequere
1127 2702 1196 2734 Me.
1245 2702 1362 2734 Exivit
1380 2713 1465 2743 ergo
1484 2703 1632 2734 verbum
1650 2702 1718 2734 hoe
1738 2702 1831 2734 inter

522 2748 659 2784 fratres,
676 2747 770 2787 quod
787 2746 978 2787 discipulus
995 2747 1053 2777 ille
1071 2756 1142 2777 non
1161 2746 1351 2777 moriturus
1368 2753 1484 2782 esset:
1511 2755 1634 2777 verum
1652 2755 1724 2777 non
1734 2745 1831 2780 dixit

521 2790 627 2832 Jesus
656 2790 704 2821 illi
733 2791 826 2830 quod
851 2789 1043 2821 moriturus
1067 2799 1140 2820 non
1164 2795 1269 2827 esset,
1294 2790 1366 2827 sed,
1392 2789 1427 2821 Si
1453 2771 1550 2821 illum
1574 2788 1658 2820 volo
1685 2797 1830 2821 manere

489 2835 494 2839 ’
521 2834 635 2865 donec
656 2833 772 2872 venio,
790 2833 872 2874 quid
892 2833 937 2864 ad
956 2831 1033 2865 te?'
1049 2831 1133 2874 (xxi.
1150 2833 1253 2871 18—23
1267 2832 1289 2873 ς)

350 2938 455 2991 quid
492 2937 568 2978 illa
604 2938 754 2978 omnia
785 2935 1053 2990 significant,
1087 2950 1221 2978 nemo
1253 2937 1363 2978 scire
1401 2914 1567 2990 potest,
1600 2937 1682 2978 nisi
1717 2937 1830 2980 scia-t

350 3001 469 3054 quod
497 3014 574 3053 per
599 3004 624 3021 “
640 3000 852 3042 Petrum''
874 2999 1149 3053 significetur
1170 2999 1278 3040 fides
1305 3014 1362 3041 ex
1390 3000 1622 3050 charitate,
1646 3005 1693 3041 et
1718 3013 1828 3053 quo-
