2008 3458
411 374 519 416 2262
820 383 1151 417 APOCALYPSIS
1181 383 1479 416 EXPLICATA.

409 497 640 548 cogitant;
684 495 745 536 illi
786 497 858 549 qui
898 496 940 536 in
976 495 1091 537 veris
1135 502 1253 545 sunt,
1292 509 1368 549 per
1405 494 1771 548 propitiationem
1809 505 1889 548 per

405 560 667 611 sanguinem
707 559 820 607 Filii,
862 559 1110 611 percipiunt
1156 559 1275 612 quod
1316 558 1564 599 clementer
1603 557 1886 609 recipiantur,

404 627 448 661 et
468 620 655 674 ‘quoque
687 622 935 670 audiantur,
962 621 1034 675 qui
1066 621 1233 662 adeunt
1261 621 1517 669 Dominum,
1546 633 1597 660 ac
1630 618 1887 672 supplicant

405 683 554 736 Ipsum
581 698 639 724 ex
663 685 775 724 veris
798 698 910 737 quae
933 685 975 724 in
995 683 1148 724 Verbo
1166 690 1294 733 sunt;
1325 687 1349 703 “
1364 684 1546 735 sanguis
1565 680 1776 722 Domini”
1795 693 1887 721 non

404 745 546 786 solum
565 746 786 798 significat
810 744 1064 798 passionem
1082 747 1223 787 crucis
1243 746 1398 798 Ipsius,
1419 745 1498 785 sed
1520 745 1656 785 etiam
1676 743 1887 784 Divinum
1942 787 1944 789 ,
1995 754 2007 758 ’“

404 806 572 848 Verum
597 809 776 849 Domini
800 809 919 862 quod
945 810 988 849 in
1011 808 1195 859 Verbo;
1229 808 1447 849 Dominus
1473 808 1591 848 enim
1617 819 1696 859 per
1716 805 1888 859 passio-

404 883 506 910 nem
538 871 678 910 crucis
711 870 963 923 subjugavit
997 871 1179 919 inferna,
1214 871 1332 924 quod
1364 870 1630 922 intelligitur
1661 882 1739 922 per
1769 866 1888 921 quod

407 934 598 974 “vicerit
631 941 836 982 mortem,
865 940 911 974 et
943 947 1041 974 cum
1069 932 1253 974 victoria
1279 931 1609 980 resurrexerit‚'’
1634 938 1682 972 ut
1713 943 1889 984 quoque

404 996 644 1049 loquuntur
665 997 906 1044 antistites,
931 996 1035 1036 dum
1059 1010 1116 1036 ex
1140 996 1319 1046 Verbo;
1353 1002 1398 1036 et
1422 1008 1596 1048 quoque
1619 1007 1698 1047 per
1719 993 1888 1046 passio-

405 1072 507 1099 nem
539 1059 679 1099 crucis
710 1058 975 1111 glorificavit
1004 1058 1263 1099 Humanum
1289 1071 1430 1106 suum,
1459 1071 1538 1110 per
1568 1056 1687 1110 quod
1717 1055 1888 1096 inferna

404 1127 614 1161 tenentur
635 1121 692 1161 ab
719 1121 822 1173 Ipso
849 1121 1086 1174 subjugata
1111 1121 1154 1161 in
1181 1127 1442 1161 aeternum:
1476 1133 1554 1172 per
1582 1119 1888 1172 “propitiato-

404 1183 551 1231 rium,”
591 1183 710 1236 quod
756 1197 886 1236 super
930 1197 1034 1223 arca
1074 1183 1353 1230 Testimonii‚
1401 1196 1533 1235 super
1576 1196 1664 1235 quo
1709 1180 1890 1222 cherubi

405 1246 567 1298 sculpti
592 1246 780 1295 fuerunt,
806 1260 887 1286 nec
914 1246 1032 1286 aliud
1057 1245 1402 1299 significabatur.
1464 1244 1705 1298 Quomodo
1730 1243 1791 1285 illi
1817 1243 1890 1298 qui

403 1309 446 1349 in
466 1309 578 1348 veris
596 1314 714 1356 sunt,
734 1308 996 1361 intelligunt
1014 1308 1317 1360 portationem
1335 1309 1617 1361 iniquitatum
1635 1321 1660 1348 a
1678 1306 1887 1354 Domino,

405 1383 538 1422 supra
578 1380 625 1417 (n.
652 1371 804 1421 805[a])
844 1369 1014 1410 dictum
1059 1375 1144 1409 est.
1216 1369 1299 1409 Per
1342 1370 1696 1422 imputationem
1740 1367 1889 1408 meriti

406 1431 586 1471 Domini
604 1431 887 1483 intelligitur,
907 1431 962 1471 ab
984 1430 1069 1471 illis
1086 1431 1158 1484 qui
1180 1431 1223 1470 in
1245 1432 1359 1471 veris
1378 1437 1496 1479 sunt,
1517 1430 1660 1471 solum
1678 1429 1888 1482 implora-

405 1494 468 1534 tio
500 1500 547 1534 ut
581 1493 800 1533 Dominus
832 1494 1110 1542 misereatur,
1144 1494 1216 1546 qui
1257 1499 1349 1533 tam
1391 1493 1501 1533 dura
1539 1506 1695 1546 passus
1726 1498 1796 1544 est
1832 1492 1890 1533 ad

405 1556 714 1596 redimendum
759 1563 805 1597 et
852 1556 1117 1596 salvandum
1162 1556 1380 1604 homines,
1425 1557 1496 1609 qui
1537 1556 1700 1609 alioqui
1743 1561 1890 1596 morte

407 1624 591 1658 aeterna
622 1619 803 1670 perituri
835 1624 1014 1658 essent:
1055 1631 1133 1670 per
1163 1619 1370 1659 meritum
1397 1619 1578 1659 Domini
1609 1617 1887 1671 intelligitur,

405 1680 523 1734 quod
552 1681 652 1733 Ipse
684 1695 742 1720 ex
775 1681 951 1733 propria
977 1681 1180 1733 potentia
1206 1681 1445 1721 salvaverit
1471 1681 1571 1722 illos
1600 1681 1674 1735 qui
1699 1680 1889 1722 credunt

404 1745 447 1783 in
487 1743 652 1795 Ipsum,
693 1757 743 1783 ac
785 1743 950 1784 faciunt
988 1757 1099 1796 quae
1137 1745 1390 1796 praecepit3
1434 1744 1518 1784 hoc
1556 1745 1762 1784 meritum
1800 1756 1889 1784 non

405 1806 611 1857 imputari
634 1812 799 1857 potest,
824 1805 903 1845 sed
930 1805 1167 1858 implorari.
1229 1806 1309 1846 Per
1331 1807 1699 1847 intercessionem
1720 1805 1889 1847 intelli-

405 1869 523 1920 gitur
563 1874 778 1921 perpetua
818 1868 1072 1908 recordatio
1111 1867 1302 1908 hominis
1347 1883 1372 1908 a
1417 1869 1626 1910 Domino.
1696 1867 1768 1910 Ac
1812 1881 1892 1922 per

405 1930 609 1971 fiduciam
635 1937 680 1971 et
710 1930 1032 1971 confidentiam
1059 1930 1324 1982 intelligitur
1350 1931 1509 1972 fiducia
1539 1938 1585 1973 et
1617 1930 1891 1973 confidentia
1963 1979 1965 1981 ¹

406 1994 449 2032 in
482 1993 739 2041 Dominum,
768 1994 887 2046 quod
919 2008 979 2034 ex
1013 2007 1121 2046 pura
1151 1994 1452 2035 misericordia
1477 1995 1639 2035 doceat
1664 1995 1889 2036 hominem

404 2057 534 2104 viam,
563 2069 613 2096 ac
641 2057 775 2097 ducat
801 2056 858 2096 ad
885 2056 1074 2097 caelum.
1135 2055 1208 2095 Ex
1241 2056 1306 2096 his
1334 2064 1460 2109 patet
1487 2058 1591 2111 quid
1617 2056 1891 2111 significatur

405 2132 482 2171 per
514 2119 889 2171 redemptionem.
961 2119 1035 2159 Ex
1073 2118 1141 2159 his
1180 2131 1295 2159 nunc
1332 2127 1542 2161 constare
1579 2126 1733 2174 potest
1769 2119 1888 2174 quod

405 2192 484 2231 per
513 2179 590 2219 illa
619 2193 733 2232 quae
770 2193 903 2232 supra
935 2190 981 2227 (n.
1005 2181 1156 2232 805[a])
1189 2180 1333 2220 allata
1370 2187 1490 2229 sunt,
1522 2181 1580 2220 ab
1614 2180 1704 2220 illis
1734 2180 1809 2234 qui
1843 2181 1888 2220 in

404 2243 518 2283 veris
541 2257 598 2283 ex
623 2243 776 2284 Verbo
799 2250 917 2291 sunt,
948 2257 1037 2284 non
1061 2245 1341 2297 intelligatur
1362 2244 1543 2298 aliquod
1569 2257 1680 2297 opus
1707 2244 1890 2284 Domini

405 2305 521 2358 apud
549 2305 741 2353 Patrem,
767 2306 845 2346 sed
872 2306 991 2358 apud
1018 2305 1200 2355 Semet;
1234 2320 1351 2355 nam,
1377 2313 1424 2347 ut
1451 2320 1583 2359 supra
1609 2305 1776 2347 dictum
1802 2313 1887 2355 est,

406 2367 527 2407 Deus
561 2373 630 2407 est
666 2382 790 2416 unus,
827 2375 872 2408 et
909 2381 997 2408 non
1035 2375 1141 2417 tres,
1179 2383 1229 2409 ac
1265 2369 1449 2409 Trinum
1487 2375 1555 2409 est
1588 2369 1631 2409 in
1666 2369 1889 2419 Domino;

405 2444 539 2483 quare
566 2443 667 2470 cum
701 2430 923 2470 Dominus
949 2430 1110 2477 aditur,
1139 2432 1277 2471 etiam
1304 2431 1433 2471 simul
1467 2431 1598 2471 Pater
1623 2437 1669 2471 et
1701 2430 1890 2484 Spiritus

405 2490 585 2532 sanctus
616 2493 849 2532 adeuntur.
924 2492 998 2532 Ex
1034 2492 1119 2532 his.
1139 2494 1275 2533 etiam
1307 2494 1445 2533 videri
1477 2499 1630 2546 potest
1661 2493 1780 2547 quod
1811 2506 1890 2547 per

407 2555 759 2607 “captivitatem
806 2554 1002 2595 ducere”
1048 2555 1324 2607 significetur
1369 2555 1600 2596 secludere
1645 2570 1670 2596 a
1715 2555 1889 2596 Divinis

405 2618 518 2656 veris
560 2617 603 2656 in
645 2616 824 2667 Verbo;
873 2630 977 2657 narn
1018 2618 1090 2671 qui
1131 2616 1379 2658 doctrinam
1422 2619 1554 2659 trium
1596 2618 1888 2659 Personarum

406 2679 667 2719 Divinitatis
694 2686 871 2728 tenent,
899 2686 944 2720 et
971 2681 1043 2733 qui
1074 2679 1209 2720 fidem
1241 2687 1452 2733 separant
1481 2695 1506 2721 a
1537 2695 1616 2721 sua
1641 2682 1747 2730 vita,
1775 2695 1889 2735 quae

406 2748 510 2781 sunt
542 2742 661 2781 bona
691 2756 840 2794 opera,
869 2742 932 2782 illi
964 2742 1202 2783 secludunt
1234 2743 1344 2783 alios
1377 2743 1432 2783 ab
1463 2742 1697 2784 intellectu
1722 2744 1814 2784 veri
1844 2745 1888 2784 in

405 2802 585 2854 Verbo;
630 2805 864 2857 explicant
899 2806 1017 2845 enim
1051 2806 1216 2854 omnia,
1250 2820 1362 2859 quae
1399 2807 1456 2846 ibi
1491 2812 1608 2854 sunt,
1642 2806 1887 2847 secundum

405 2864 668 2911 doctrinam,
698 2873 743 2906 et
771 2881 884 2919 quae
917 2880 1007 2907 non
1040 2867 1267 2920 explicare
1299 2875 1502 2921 possunt,
1531 2868 1795 2910 falsificant:
1839 2875 1886 2910 et

405 2941 579 2981 quoque
608 2929 975 2982 Divinum‚'quod
1008 2930 1051 2969 in
1084 2930 1280 2970 Domino
1306 2937 1389 2979 est,
1418 2937 1464 2971 et
1491 2931 1610 2984 quod
1641 2937 1711 2971 est
1743 2931 1886 2984 Ipsius

358 2990 362 2995 '
406 2990 600 3039 Domini,
640 2991 899 3032 adscribunt
937 2992 1101 3033 Divino
1139 2992 1294 3042 Patris,
1334 3006 1383 3033 ac
1409 2994 1469 3033 sic
1515 2993 1757 3034 Dominum
1793 3006 1884 3034 non
