2008 3458
373 397 483 449 2378
786 404 1115 438 APOCALYPSIS
1146 405 1443 438 EXPLICATA.

375 518 688 558 instrumentis
711 518 943 558 inflatoriis
967 519 1321 572 correspondent
1344 519 1486 568 bonis,
1507 519 1549 559 in
1573 518 1729 572 quibus
1751 522 1854 560 sunt

375 579 528 631 angeli
557 580 600 619 in
632 593 774 632 regno
805 580 995 620 caelesti
1026 579 1233 620 Domini:
1272 591 1373 627 (quod
1392 591 1453 620 hae
1472 590 1769 628 correspondentiam
1783 591 1855 624 sint,

374 642 517 671 videatur
536 651 640 679 supra,
662 652 691 672 n.
717 643 861 683 323[a],
885 632 983 683 326;
1018 648 1048 671 et
1068 644 1156 679 quod
1176 640 1370 672 “citharae''
1391 644 1567 680 significent
1586 643 1798 672 confessiones
1817 651 1856 672 ex

371 695 452 723 veris
475 695 699 732 spiritualibus,
720 700 750 723 et
773 696 863 732 quod
884 693 901 702 ⁴¹
915 696 1047 724 nablia'’
1069 705 1108 724 ex
1130 696 1231 729 bonis,
1252 705 1356 733 supra,
1380 705 1411 725 n.
1438 695 1516 736 323
1531 696 1553 733 z)
1596 698 1713 725 nunc
1752 685 1855 738 qnia

375 745 487 785 caeli
519 746 562 784 in
595 746 684 785 duo
715 759 855 798 regna
887 744 1089 786 distincti
1121 752 1238 794 sunt,
1267 759 1428 799 nempe
1459 747 1502 786 in
1534 758 1720 798 regnum
1752 758 1854 786 cae-

378 807 506 854 leste,
537 809 580 847 in
612 822 700 860 quo
732 814 835 848 sunt
870 808 1020 860 angeli
1053 809 1125 861 qui
1156 809 1200 848 in
1231 809 1352 849 bono
1383 809 1548 848 amoris
1581 814 1700 856 sunt,
1733 815 1780 849 et
1810 809 1855 848 in

372 882 561 921 regnum
591 869 836 922 spirituale,
866 871 909 910 in
943 884 1029 923 quo
1061 876 1166 911 sunt
1192 871 1342 923 angeli
1369 872 1441 923 qui
1472 872 1515 910 in
1541 872 1656 911 veris
1687 884 1746 911 ex
1777 870 1856 911 illo

371 932 504 979 bono,
533 932 634 972 ideo
661 933 823 972 dicitur
849 933 968 985 quod
998 937 1128 973 “vox
1155 947 1178 973 e
1204 933 1332 973 caelo
1358 934 1511 973 audita
1538 934 1594 973 sit
1621 934 1737 974 sicut
1763 947 1870 983 vox*

368 994 555 1034 tonitrui
602 995 768 1046 magni,
803 1000 849 1045 et
887 995 1002 1035 sicut
1041 1008 1135 1035 vox
1175 994 1539 1036 citharaedorum
1580 995 1855 1048 pulsantium

369 1056 554 1095 citharis
576 1055 609 1106 ;''
642 1069 720 1109 per
746 1070 859 1109 quae
891 1057 1043 1109 itaque
1075 1056 1354 1109 significatur
1375 1057 1646 1109 glorificatio
1672 1057 1855 1098 Domini

369 1131 427 1157 ex
450 1131 590 1170 regno
618 1117 818 1162 caelesti.
838 1119 902 1159 ita
925 1132 983 1159 ex
1007 1119 1128 1159 bono
1151 1120 1329 1167 amoris,
1350 1126 1396 1159 et
1419 1119 1689 1171 glorificatio
1712 1120 1856 1174 Ipsius

368 1194 427 1220 ex
453 1194 595 1233 regno
622 1180 855 1233 spirituali,
881 1181 945 1221 ita
970 1195 994 1221 a
1017 1182 1133 1221 veris
1156 1195 1215 1222 ex
1237 1181 1316 1222 illo
1338 1182 1471 1222 bono.

450 1241 578 1294 857.
613 1252 719 1289 [Vers.
740 1252 784 1290 3.]
825 1241 903 1281 “Et
930 1242 1133 1282 canebant
1162 1246 1352 1295 tanquam
1382 1243 1585 1283 canticum
1617 1243 1858 1284 novum.''—·

369 1304 503 1358 Quod
530 1305 753 1358 significet
780 1305 833 1346 de
856 1306 1078 1358 agnitione
1102 1312 1144 1346 et
1166 1306 1433 1358 confessione
1455 1307 1645 1356 Domini,
1670 1313 1854 1349 constat

368 1382 427 1408 ex
446 1367 776 1421 significatione
791 1372 815 1387 ‘⁴
828 1368 1031 1416 cantici,'’
1044 1368 1163 1421 quod
1182 1369 1239 1409 sit
1259 1369 1481 1410 confessio
1495 1383 1554 1410 ex
1571 1370 1738 1422 gaudio
1755 1383 1854 1411 cor-

368 1431 450 1478 dis,
471 1437 517 1471 et
534 1431 737 1471 “cantici
761 1430 1036 1483 novi‚’'qu0d
1063 1431 1121 1471 sit
1144 1432 1319 1483 agnitio
1341 1438 1388 1472 et
1411 1433 1633 1472 confessio
1655 1432 1852 1480 Domini,

343 1536 349 1542 ‚
370 1491 434 1531 ita
455 1491 727 1544 glorificatio
746 1491 893 1544 Ipsius
917 1503 971 1538 (de
986 1511 1050 1539 qua
1069 1511 1174 1539 supra,
1195 1511 1225 1533 n.
1244 1492 1407 1543 326[a]).
1457 1493 1510 1533 In
1525 1492 1682 1533 Verbo
1699 1494 1854 1534 multis

368 1556 412 1596 in
444 1555 568 1603 locis,
598 1562 643 1596 et
676 1556 915 1608 praecipue
948 1556 1066 1609 apud
1097 1556 1333 1605 Davidem,
1362 1557 1524 1597 dicitur
1552 1557 1854 1606 “canticum,''

369 1625 415 1658 et
441 1632 519 1671 per
544 1618 587 1658 id
615 1617 892 1670 significatur
919 1618 1142 1659 confessio
1167 1624 1213 1659 et
1239 1618 1508 1671 glorificatio
1535 1619 1619 1660 Dei
1645 1633 1723 1673 per
1747 1633 1853 1660 can-

369 1686 465 1720 tum
484 1694 492 1730 ;
516 1686 562 1720 et
579 1680 652 1720 ubi
668 1680 829 1720 dicitur
844 1681 1108 1720 “canticum
1127 1681 1331 1729 novum‚'’
1345 1681 1620 1734 significatur
1634 1682 1854 1722 confessio

369 1749 415 1783 et
434 1742 702 1795 glorificatio
721 1742 916 1790 Domini,
931 1755 1035 1782 nam
1059 1742 1145 1783 hoc
1165 1744 1392 1784 canticum
1410 1750 1598 1784 vocatur
1611 1747 1636 1764 ‘⁴
1650 1744 1854 1791 novum,”

369 1819 428 1846 ex
469 1819 605 1845 causa
645 1805 747 1858 quia
789 1805 833 1845 in
874 1805 1075 1845 ecclesiis
1118 1812 1227 1847 ante
1267 1806 1513 1847 adventum
1554 1806 1736 1847 Domini
1776 1820 1856 1861 per

373 1867 552 1912 cantica
582 1866 895 1907 celebrabatur
924 1867 1157 1919 Jehovah;
1199 1873 1246 1908 at
1278 1874 1519 1920 postquam
1551 1868 1770 1909 Dominus
1800 1870 1845 1910 in

370 1928 585 1968 mundum
612 1929 750 1977 venit,
779 1934 825 1969 et
857 1928 913 1969 Se
941 1929 1259 1977 manifestavit,
1288 1943 1366 1982 per
1391 1930 1569 1970 cantica
1601 1931 1738 1971 etiarn
1772 1945 1846 1973 ce-

371 1990 629 2031 lebrabatur
665 1991 911 2041 Dominus;
957 1998 1003 2031 at
1042 2005 1157 2031 nunc
1199 1992 1243 2031 in
1280 1991 1470 2031 ecclesia
1507 2006 1619 2044 quae
1656 1993 1846 2045 posthac

370 2053 662 2092 instauranda
693 2059 777 2100 est,
811 2067 923 2106 quae
960 2053 1229 2106 intelligitur
1265 2067 1344 2106 per
1378 2053 1593 2094 “Novam
1631 2053 1846 2096 Hieroso-

371 2114 578 2166 lymam,''
593 2115 891 2155 celebrabitur
907 2115 1127 2155 Dominus
1143 2115 1265 2156 solus
1283 2130 1291 2166 ;
1315 2122 1361 2156 et
1380 2116 1480 2168 quia
1494 2117 1610 2156 idem
1627 2116 1846 2158 Dominus

370 2176 450 2216 fuit
477 2177 520 2216 in
547 2176 746 2216 ecclesiis
773 2178 980 2230 antiquis,
1009 2178 1088 2218 sed
1118 2177 1371 2218 celebratus
1398 2178 1479 2218 sub
1506 2179 1684 2219 nomine
1706 2179 1845 2232 Jeho-

371 2251 466 2286 vae,
496 2240 568 2291 qui
601 2252 714 2278 nunc
749 2239 968 2279 Dominus
1000 2246 1200 2288 vocatur,
1229 2246 1274 2280 et
1307 2241 1408 2293 quia
1439 2241 1500 2280 sic
1533 2242 1757 2281 canticum
1789 2242 1846 2283 de

373 2300 477 2352 Ipso
509 2302 552 2340 in
585 2314 631 2340 se
664 2299 915 2353 spectatum
949 2314 1037 2341 non
1070 2308 1140 2342 est
1172 2315 1351 2350 novum,
1382 2302 1483 2342 ideo
1515 2303 1676 2343 dicitur
1705 2308 1845 2344 “tan-

370 2376 502 2415 quam
540 2364 764 2403 canticum
807 2377 970 2403 novum
992 2364 1024 2414 ;'’
1070 2364 1140 2404 hic
1181 2365 1331 2417 itaque
1371 2365 1604 2405 “novum’'
1639 2373 1845 2415 vocatur,

370 2426 472 2478 quia
507 2439 587 2477 pro
624 2439 742 2465 nova
773 2425 978 2474 ecclesia,
1011 2440 1124 2479 quae
1155 2426 1347 2479 posthac
1385 2439 1410 2466 a
1446 2426 1642 2467 Domino
1672 2428 1845 2469 instau-

369 2488 508 2527 randa
534 2494 616 2527 est.

450 2559 582 2612 858.
611 2559 781 2599 “Coram
806 2560 960 2605 ihr-ono,
982 2563 1027 2600 et
1047 2573 1186 2599 comm
1207 2563 1380 2612 quatuoe
1398 2560 1633 2601 animalibus
1653 2565 1696 2601 et
1715 2562 1848 2602 senio·
1871 2554 1879 2563 ”

370 2620 712 2673 m'bus.''-Quod
735 2621 959 2673 significet
981 2621 1106 2673 apud
1121 2635 1265 2661 omnes
1287 2622 1334 2661 in
1355 2622 1563 2662 universo
1582 2623 1710 2671 caelo,
1734 2636 1844 2664 con-
1862 2634 1866 2637 ’

370 2688 462 2721 stat
490 2696 547 2722 ex
570 2681 897 2734 significatione
922 2682 1148 2730 “throni,”
1170 2683 1288 2734 quod
1314 2683 1358 2722 in
1383 2696 1548 2734 genere
1571 2684 1628 2723 sit
1651 2683 1841 2732 caelum,

371 2746 414 2784 in
446 2746 595 2796 specie
627 2744 800 2785 caelum
832 2744 1076 2796 spirituale,
1106 2750 1152 2784 et
1183 2743 1409 2784 abstra&e
1436 2745 1646 2785 Divinum
1672 2745 1842 2785 Verum

371 2807 622 2859 procedens
654 2821 679 2847 a
711 2806 933 2856 Domino;
972 2807 1074 2846 inde
1110 2806 1370 2846 “thronus''
1401 2807 1563 2847 dicitur
1593 2808 1648 2847 de
1679 2806 1845 2860 judicio

371 2879 426 2915 (de
454 2887 519 2914 qua
544 2887 647 2914 supra,
671 2887 702 2907 n.
730 2876 823 2918 253,
848 2867 940 2917 267,
966 2877 1059 2918 297,
1082 2878 1174 2917 343,
1196 2866 1291 2917 460,
1310 2867 1405 2917 462,
1424 2876 1519 2918 477,
1537 2868 1663 2917 482);
1707 2873 1753 2907 et
1784 2880 1844 2907 eX

369 2930 695 2982 significatione
717 2935 944 2983 “quatuor
962 2931 1217 2970 animalium
1240 2936 1286 2970 et
1304 2931 1461 2982 viginti
1479 2938 1670 2983 quatuor
1692 2931 1842 2971 senio-

368 2991 496 3030 rum”
528 2992 647 3043 quod
679 2992 768 3031 sin‘t
800 2991 915 3030 caeli
946 2991 1198 3042 superiores
1226 3002 1280 3039 (de
1305 3010 1369 3038 qua
1391 3002 1485 3030 etiam
1511 3010 1614 3039 supra,
1635 3010 1665 3031 n.
1697 3001 1843 3042 313[a].
