2054 3464
429 355 453 386 2
463 345 542 399 196
841 353 1173 388 APOCALYPSIS
1204 355 1502 388 EXPLICATA.

429 466 547 520 apud
575 466 782 516 eundem,

495 541 581 573 “1111
599 542 738 573 iverunt
753 548 833 583 post
850 543 935 574 deos
953 543 1041 575 alios
1058 543 1103 575 ad
1120 544 1345 576 serviendum
1359 545 1428 576 illis
1438 544 1457 557 '¹
1470 545 1528 584 (xi.
1543 553 1602 584 105
1626 545 1748 577 Deutr.
1757 544 1827 578 viii.
1841 545 1916 588 πως

433 627 551 680 apud
573 627 741 676 Mosen,

495 702 655 753 “Virum3
674 713 752 786 (μειβ
750 704 850 735 iverit
868 710 947 787 pos)t
969 703 1212 745 Baalpeorem,
1230 706 1353 746 perdet
1368 705 1529 747 Jehovah
1548 705 1644 738 Deus
1661 711 1742 738 tuus
1759 715 1778 738 e
1795 705 1914 739 medio

606 746 684 777 tu1'’
752 751 835 779 eutr.
850 748 894 779 iv.
909 756 927 786 3
954 759 960 779 :
1908 755 1914 757 ’

416 840 533 881 'inde
556 847 683 894 patet
716 842 835 895 quod
865 843 962 883 “ire
990 849 1092 895 post
1105 842 1124 858 '’
1150 842 1343 897 aliquem
1366 843 1589 897 significet
1621 844 1746 897 sequi
1771 843 1912 893 illum,

429 903 612 944 obedire
630 903 706 952 illi,
724 904 869 945 facere
888 919 946 945 ex
965 905 1056 954 illo,
1077 919 1127 946 ac
1146 906 1296 947 vivere
1315 920 1373 947 ex
1391 906 1469 947 illo
1489 921 1498 957 ;
1526 908 1664 947 etiam
1684 910 1709 927 “
1722 904 1914 948 mambu-

429 964 555 1006 lare”
581 966 803 1019 significat
836 968 1010 1008 vivere:
1055 982 1113 1008 ex
1150 968 1219 1008 his
1256 975 1466 1010 constare
1498 976 1652 1022 potest
1684 969 1804 1024 quod
1835 982 1915 1023 per

432 1029 679 1069 “admirari
698 1037 801 1082 post
825 1030 1016 1070 bestiam
1033 1030 1052 1045 '‘
1070 1030 1347 1084 significetur
1365 1033 1623 1085 acceptatio
1645 1038 1691 1073 et
1713 1032 1916 1086 receptio
1976 1046 1978 1048 ’

430 1105 488 1131 ex
516 1093 804 1144 persuasione
836 1093 956 1146 quod
988 1094 1298 1134 discordantia
1329 1107 1430 1134 cum
1457 1094 1612 1135 Verbo
1643 1101 1916 1148 apparenter

429 1154 639 1194 submota
658 1155 728 1194 sit.
791 1153 924 1207 Quod
947 1155 1223 1208 significetur
1241 1157 1499 1209 acceptatio
1521 1157 1578 1197 ab
1600 1157 1915 1206 eruditioribus

429 1222 475 1257 et
502 1218 703 1269 receptio
735 1231 758 1257 e
791 1217 1037 1271 longinquo
1069 1232 1095 1258 a
1126 1219 1271 1258 minus
1298 1219 1497 1267 eruditis,
1526 1225 1595 1260 est
1621 1220 1723 1272 quia
1754 1219 1916 1261 eruditi

429 1278 768 1331 conjunctiones
801 1279 902 1320 fidei
935 1293 1035 1320 cum
1067 1281 1161 1321 vita
1193 1280 1298 1333 ejus,
1333 1295 1446 1334 quae
1478 1288 1582 1322 sunt
1614 1281 1733 1322 bona
1763 1294 1913 1335 opera,
1966 1295 1967 1300 ¹

427 1341 711 1390 invenerunt,
731 1348 777 1382 at
803 1343 948 1382 minus
971 1343 1147 1391 eruditi,
1171 1344 1273 1397 quia
1292 1343 1622 1385 discordantias
1644 1357 1734 1397 non
1752 1350 1915 1397 potue·

428 1409 531 1444 runt
555 1404 740 1444 interius
764 1406 926 1452 rimari,
952 1406 1137 1458 quisque
1164 1406 1410 1446 secundum
1432 1420 1559 1447 suum
1586 1413 1769 1460 captum
1791 1419 1916 1447 rece-

427 1472 588 1518 perunt
606 1481 615 1516 ;
640 1467 742 1507 inde
757 1467 800 1507 id
816 1467 996 1520 dogma,
1014 1467 1133 1521 quod
1150 1468 1246 1508 sola
1261 1468 1371 1509 fides
1386 1470 1442 1509 sit
1458 1468 1702 1510 essentiale
1717 1468 1915 1510 medium

429 1527 602 1576 salutis,
627 1529 670 1568 in
695 1530 900 1570 universa
923 1537 1042 1570 terra
1065 1544 1142 1571 seu
1169 1530 1377 1571 Ecclesia
1403 1531 1659 1572 Christiana
1681 1537 1916 1585 receptum

427 1597 511 1631 est.
573 1591 729 1632 Paucis
757 1594 897 1632 etiam
922 1593 1095 1634 dicetur
1117 1594 1345 1647 quomodo
1372 1601 1506 1647 caput
1533 1595 1648 1635 illius
1671 1594 1914 1648 religionis,

427 1654 546 1707 quod
573 1655 616 1694 in
644 1654 741 1695 sola
767 1654 854 1696 fide
884 1656 941 1696 sit
969 1656 1177 1705 salvatio,
1203 1663 1248 1697 et
1272 1670 1362 1697 non
1387 1658 1432 1697 in
1459 1657 1588 1698 bonis
1613 1658 1835 1711 operibus,
1858 1658 1916 1702 ad

427 1719 737 1770 apparentiam
757 1719 1020 1759 submotum
1044 1720 1116 1767 sit,
1136 1726 1182 1760 et
1206 1716 1384 1760 inde'ab
1405 1721 1594 1761 eruditis.
1611 1727 1915 1775 acceptatum.

430 1779 490 1819 Hi
513 1781 630 1820 enim
654 1781 922 1822 invenerunt
941 1783 1106 1835 gradus
1125 1784 1450 1836 progressionis
1473 1782 1574 1824 fidei
1592 1784 1650 1824 ad
1671 1784 1790 1825 bona
1807 1799 1916 1839 ope-

426 1856 488 1891 ra,
513 1857 624 1896 quos
646 1851 814 1885 vocant
839 1845 1006 1897 gradus
1024 1845 1358 1898 justificationis
1379 1859 1387 1886 :
1414 1846 1615 1898 primum
1635 1847 1825 1900 gradum
1850 1847 1915 1889 fa-'

427 1906 549 1947 ciunt
572 1908 850 1967 auditionem
874 1922 899 1948 a
922 1909 1151 1961 magistris
1174 1915 1220 1949 et
1244 1923 1270 1949 a
1292 1909 1701 1962 praedicatoribus:
1728 1910 1918 1952 alterum
1974 1955 1977 1959 x
2038 1931 2054 1949 22

426 1969 614 2021 gradum
638 1970 806 2010 faciunt
830 1970 1195 2012 informationem
1219 1986 1278 2012 ex
1303 1972 1458 2012 Verbo
1480 1972 1599 2025 quod
1622 1973 1686 2013 ita
1708 1973 1791 2014 sit:
1824 1971 1915 2014 tei*-

427 2032 535 2072 tz'um
553 2033 743 2085 gradum
762 2033 928 2074 faciunt
948 2035 1228 2087 agnitionem
1250 2048 1259 2085 ;
1292 2041 1338 2075 et
1362 2036 1463 2088 quia
1481 2048 1569 2076 non
1585 2035 1751 2089 aliquid
1768 2035 1915 2078 eccle-

427 2095 518 2135 siae
555 2096 690 2136 corde
728 2097 914 2148 agnosci
947 2103 1116 2150 potest,
1151 2098 1233 2137 nisi
1271 2098 1515 2150 praecedat
1562 2099 1774 2147 tentatio,
1813 2099 1916 2140 ideo

426 2157 526 2198 huic
550 2158 706 2210 gradui
729 2159 852 2199 illam
875 2159 1126 2212 adjungunt
1145 2174 1153 2210 ;
1187 2166 1233 2200 et
1257 2161 1293 2201 si
1314 2161 1461 2206 dubia.
1486 2175 1600 2214 quae
1623 2167 1730 2210 tunc
1753 2161 1914 2204 obver-

428 2227 598 2268 santur,
619 2235 676 2262 ex
694 2221 847 2262 Verbo
865 2229 942 2262 aut
962 2223 1272 2275 praedicatore
1291 2224 1607 2272 discutiuntur,
1627 2230 1674 2265 et
1697 2225 1758 2265 sic
1778 2224 1916 2266 homo

427 2284 581 2332 vincit,
611 2285 765 2324 dicunt
793 2285 911 2338 quod
944 2285 1114 2325 homini
1147 2286 1204 2326 sit
1237 2285 1412 2332 fiducia.
1441 2300 1554 2339 quae
1585 2293 1655 2327 est
1688 2288 1915 2329 certitudo

428 2347 547 2399 quod
565 2347 628 2387 ita
644 2348 715 2396 sit,
729 2354 774 2387 et
792 2361 967 2400 quoque
985 2347 1260 2388 confidentia
1278 2349 1396 2401 quod
1413 2362 1491 2402 per
1505 2350 1713 2390 meritum
1732 2349 1915 2391 Domini

428 2409 688 2460 salventur;
722 2411 801 2451 sed
831 2411 934 2463 quia
965 2411 1113 2459 dubia,
1140 2424 1253 2463 quae
1285 2412 1329 2451 in
1361 2412 1619 2453 tentatione
1651 2412 1912 2461 obveniunt,

427 2473 664 2525 praecipue
687 2479 791 2513 sunt
816 2487 874 2513 ex
898 2486 987 2512 non
1014 2471 1251 2513 intellecto
1266 2473 1435 2522 Verbo,
1459 2474 1532 2514 ubi
1559 2475 1697 2515 toties
1722 2473 1915 2524 “factas

430 2535 643 2588 “opera,”
665 2535 878 2576 “facere’'
893 2542 939 2576 et
958 2540 982 2555 ‘⁴
1000 2536 1173 2588 operari
1187 2535 1206 2551 ”
1224 2536 1446 2585 dicuntur,
1467 2537 1622 2578 dicunt
1641 2538 1760 2591 quod
1778 2537 1914 2579 intel-

428 2597 570 2639 lectus
603 2599 684 2638 sub
716 2599 974 2639 obedientia
1005 2598 1108 2639 fidei
1133 2598 1422 2639 refrenandus
1455 2600 1540 2640 sit:
1578 2601 1682 2641 inde
1714 2601 1915 2654 sequitur

428 2668 614 2714 quartus
646 2661 826 2713 gradus,
861 2662 934 2714 qui
966 2667 1035 2701 est
1068 2667 1259 2702 conatus
1290 2661 1481 2702 faciendi
1512 2663 1707 2714 bonum3
1750 2664 1794 2704 in
1826 2677 1914 2717 quo

428 2724 694 2771 subsistunt,
733 2724 936 2764 dicentes
971 2724 1090 2776 quod
1131 2723 1270 2764 homo
1315 2737 1417 2764 cum
1458 2725 1515 2765 ad
1560 2725 1677 2766 hunc
1723 2725 1913 2779 gradum

428 2787 648 2840 pervenit,
671 2785 941 2838 justificatus
979 2787 1051 2834 sit,
1084 2792 1130 2826 et
1162 2786 1281 2839 quod
1319 2793 1425 2827 tunc
1467 2789 1618 2828 omnia
1658 2787 1759 2829 acta
1789 2789 1912 2830 vitae

428 2849 520 2902 ejus
559 2849 657 2889 Deo
697 2855 886 2901 accepta
926 2849 1030 2896 sint,
1064 2855 1109 2889 et
1142 2849 1261 2902 quod
1302 2849 1421 2889 mala
1451 2851 1573 2891 vitae
1613 2864 1639 2891 a
1680 2851 1779 2891 Deo
1819 2864 1911 2892 non

427 2912 680 2959 videantur,
710 2912 810 2964 quia
837 2911 1165 2951 condonantur.
1230 2911 1356 2952 Haec
1390 2911 1645 2965 conjunffifio
1677 2912 1779 2954 fidei
1811 2927 1911 2954 cum

428 2974 556 3015 bonis
580 2974 786 3028 operibus
810 2974 993 3014 inventa
1011 2980 1080 3014 est
1103 2973 1160 3014 ab
1182 2974 1382 3024 eruditis,
1402 2981 1448 3015 et
1472 2989 1648 3029 quoque
1670 2982 1912 3029 acceptata

2045 2247 2054 2268 „⁴
2047 2228 2050 2230 ι
2036 2125 2054 2210 jun-'a
2043 2059 2054 2094 L).
2047 2010 2054 2036 ν.
2047 1955 2054 1995 aur
