2008 3458
384 404 495 446 2266
794 413 1126 447 APOCALYPSIS
1156 415 1451 448 EXPLICATA.

380 524 491 565 falsa
533 538 709 566 eorum:
753 525 871 579 quod
911 525 1335 568 “Nebuchadnezar
1366 527 1517 569 veniet
1557 533 1604 569 et
1638 518 1868 581 percutiet

380 593 545 627 terram
574 586 809 640 Aegypti''
835 588 1058 640 significat
1089 588 1439 630 destructionem
1472 589 1688 630 naturalis
1713 589 1858 633 homi-

381 649 447 688 nis
474 650 620 702 quoad
644 650 794 690 omnia
815 650 934 691 bona
960 656 1005 691 et
1031 651 1137 692 inde
1161 665 1267 692 vera
1293 666 1352 692 ex
1375 651 1557 702 Verbo;
1593 652 1703 705 “qui
1725 652 1859 693 morti
1895 674 1903 679 -

380 712 514 751 morti
531 711 550 726 ”
590 712 813 765 significat
858 714 1098 766 perniciem
1140 728 1218 767 per
1258 714 1402 763 mala;
1453 715 1562 767 “qui
1604 711 1903 767 captivitatissa.

380 774 666 825 captivitati’'
693 774 915 827 significat
942 776 1183 828 perniciem
1215 790 1292 829 per
1317 776 1613 817 seclusionem
1641 782 1687 816 et
1713 776 1858 829 depri-

378 836 607 876 vationem
633 837 752 887 veri;
787 838 897 890 “qui
927 837 1081 890 gladio
1111 838 1296 891 gladio'’
1319 837 1580 891 [¹]significat
1613 838 1855 892 perniciem

379 911 457 950 per
479 898 588 939 falsa
610 900 739 949 inde;
772 913 849 953 per
867 901 1143 942 “incendere
1166 902 1317 954 ignem
1340 902 1383 941 in
1407 901 1612 941 domibus
1635 898 1866 954 Aegypti,v

380 966 428 1000 ut
452 961 686 1002 comburat
714 976 805 1011 eos,
831 962 902 1003 vel
928 964 1129 1016 captivet
1155 963 1273 1012 eos‚‘’
1295 963 1519 1016 significat
1542 963 1661 1016 quod
1683 975 1859 1004 amores

379 1024 444 1063 sui
471 1030 515 1064 et
542 1025 695 1065 mundi
721 1025 970 1078 deperdent
997 1027 1147 1066 omnia
1173 1026 1390 1066 naturalis
1417 1025 1610 1066 hominis
1636 1039 1715 1079 per
1740 1024 1860 1066 mala

378 1092 425 1126 et
440 1086 575 1136 falsa;
608 1086 812 1140 (“ignis”
830 1087 1053 1140 significat
1071 1088 1172 1128 illos
1191 1101 1381 1136 amoreS‚
1404 1088 1603 1128 “domus
1622 1087 1826 1142 Aegypti
1838 1086 1860 1104 '’

379 1148 633 1200 significant
649 1150 798 1190 omnia
817 1150 1031 1190 naturalis
1049 1150 1256 1199 hominis,
1276 1154 1299 1170 ‘⁴
1314 1150 1575 1191 comburere
1586 1149 1605 1165 ’'
1619 1163 1698 1191 eos
1716 1149 1855 1203 signi-

379 1209 484 1251 ficat
525 1212 768 1264 deperdere
809 1226 886 1265 per
926 1226 1102 1253 amores
1139 1212 1302 1260 malos,
1345 1219 1390 1253 et
1434 1216 1458 1232 “
1481 1213 1711 1266 captivare
1725 1211 1745 1228 ''
1780 1224 1859 1253 eos

381 1273 603 1325 significat
629 1275 875 1327 deperdere
902 1289 980 1328 per
1005 1275 1116 1315 falsa
1141 1276 1246 1316 inde
1263 1274 1303 1328 ;)
1339 1275 1565 1316 “tandem
1596 1274 1752 1316 induet
1777 1273 1859 1315 sibi

379 1342 544 1376 terram
572 1336 791 1390 Aegypti,
820 1338 934 1378 sicut
966 1338 1109 1378 induit
1142 1344 1298 1391 pastor
1324 1344 1499 1378 vestem
1526 1336 1693 1386 suam,”
1719 1336 1857 1390 signi·

379 1397 484 1438 ficat
511 1399 630 1451 quod
655 1399 766 1439 falsa
798 1400 902 1440 mali
934 1406 980 1440 et
1013 1400 1131 1440 mala
1157 1400 1254 1440 falsi
1287 1406 1561 1453 occupatura
1590 1399 1679 1440 sint
1711 1404 1859 1440 totum

380 1461 632 1501 naturalem
669 1461 927 1502 hominem:
973 1469 1261 1515 comparatur
1290 1463 1334 1503 id
1365 1463 1480 1503 vesti
1517 1462 1724 1515 pastoris,
1757 1461 1860 1514 quia

382 1524 557 1563 “vestis
570 1523 588 1538 ’'
619 1524 843 1576 significat
884 1538 1036 1566 verum
1082 1526 1328 1566 investiens
1368 1525 1550 1573 bonurn,
1593 1524 1663 1565 hic
1707 1530 1859 1566 autem

378 1585 537 1625 falsum
569 1586 814 1627 investiens
846 1587 1038 1638 malum;
1082 1601 1186 1628 nam
1223 1587 1438 1628 naturalis
1470 1586 1608 1628 homo
1639 1592 1709 1627 est
1741 1586 1857 1628 sicut

379 1649 519 1689 vestis
545 1649 761 1702 spirituali
784 1650 970 1699 homini,
996 1651 1139 1703 cingit
1165 1650 1284 1691 enim
1310 1657 1356 1691 et
1383 1649 1572 1691 includit
1598 1662 1712 1691 eum.

463 1719 546 1771 [b.]
593 1720 733 1772 Apud
755 1720 1020 1769 Jeremz'am,

442 1813 539 1854 “Qui
556 1814 599 1844 ad
616 1820 766 1845 mortem
784 1815 828 1845 ad
847 1821 1023 1852 mortem„
1038 1814 1111 1855 .qui
1128 1814 1173 1846 ad
1192 1814 1322 1846 famem
1340 1814 1384 1846 ad
1403 1814 1544 1851 famem.
1559 1819 1594 1846 et
1612 1814 1670 1855 qui
1689 1813 1734 1846 ad
1753 1813 1861 1855 capti·
1878 1800 1881 1805 r

554 1858 700 1888 vitatem
717 1858 762 1888 ad
779 1858 1019 1898 captivitatem
1032 1857 1050 1869 '’
1067 1855 1172 1897 (mxv.
1190 1858 1222 1898 2)
1236 1869 1242 1890 ε

380 1965 457 2004 per
483 1951 594 1992 haec
622 1951 887 1992 describitur
911 1951 1069 1992 totalis
1095 1952 1293 1992 vastatio
1318 1952 1423 1992 boni
1450 1958 1495 1992 et
1521 1951 1614 1992 veri
1639 1951 1683 1992 in
1710 1949 1859 1992 eccle-

381 2015 457 2061 sia,
478 2027 581 2053 nam
604 2015 647 2053 in
665 2027 793 2053 versu
811 2014 1112 2066 praecedente
1130 2014 1305 2062 dicitur,
1329 2013 1413 2054 “Si
1436 2013 1588 2054 Moses
1611 2019 1658 2055 et
1677 2012 1859 2054 Samuel

381 2082 554 2116 starent
587 2090 737 2116 coram
771 2076 859 2124 Me,
894 2089 983 2116 non
1020 2077 1169 2116 anima
1201 2089 1301 2116 mea
1332 2089 1439 2129 erga
1470 2075 1682 2129 populum
1713 2075 1859 2125 hunc;

381 2138 488 2190 ejice
515 2152 666 2178 coram
692 2139 801 2179 facie
828 2151 927 2178 mea
954 2144 1001 2179 ut
1028 2145 1196 2179 exeant
1218 2138 1251 2189 ;’'
1282 2152 1416 2191 quare
1445 2139 1555 2192 “qui
1581 2138 1637 2178 ad
1664 2144 1858 2179 mortem

383 2201 439 2241 ad
462 2207 653 2241 mortem
669 2201 687 2215 ’'
710 2201 932 2254 significat
959 2201 1077 2254 quod
1104 2202 1176 2254 qui
1199 2201 1402 2253 rejiciunt
1427 2202 1546 2241 bona
1568 2207 1754 2254 pereant
1780 2214 1858 2254 per

382 2264 526 2314 mala;
562 2264 670 2316 “qui
697 2264 753 2303 ad
778 2264 942 2304 famem
969 2263 1025 2303 ad
1051 2263 1245 2304 famem”
1268 2262 1490 2316 significat
1516 2263 1635 2316 quod
1661 2263 1734 2316 qui
1759 2262 1858 2315 reji-

382 2327 505 2367 ciunt
542 2340 647 2366 vera
683 2333 871 2379 pereant
912 2340 989 2379 per
1025 2326 1162 2375 falsa;
1199 2327 1308 2379 “qui
1349 2325 1405 2366 ad
1447 2326 1760 2378 captivitatem
1800 2324 1859 2366 ad

382 2389 725 2442 captivitatem’'
748 2387 970 2441 significat
997 2389 1068 2441 qui
1095 2388 1213 2428 mala
1238 2395 1284 2428 et
1310 2388 1420 2428 salsa
1446 2394 1616 2435 amant,
1633 2401 1859 2442 occupen-

383 2458 454 2492 tur
479 2452 536 2491 ab
561 2451 660 2491 illis.
723 2450 860 2504 Apud
886 2450 1087 2499 Esaiam,

449 2549 467 2560 ⁴⁴
479 2546 574 2578 Sicut
594 2546 656 2577 ivit
673 2556 795 2577 servus
812 2555 911 2577 meus
930 2545 1052 2576 Esaias
1071 2545 1189 2580 nudus,
1203 2551 1237 2576 et
1256 2545 1487 2576 discalceatus
1505 2551 1576 2576 tres
1596 2554 1739 2583 annos„
1753 2569 1761 2577 .
1774 2569 1782 2577 .
1796 2545 1862 2577 .sic

554 2591 658 2621 ducet
682 2599 743 2620 rex
763 2589 932 2620 Aschuris
950 2588 1190 2628 captivitatem
1211 2588 1375 2628 Aegypti,
1396 2594 1430 2619 et
1447 2589 1584 2619 turbam
1605 2588 1860 2628 deportandam

558 2633 700 2670 Kuschi,
719 2642 847 2672 pueros
870 2638 905 2663 et
928 2641 1042 2669 senes,
1068 2632 1199 2662 nudum
1228 2638 1262 2662 et
1284 2631 1541 2669 discalceatum,
1566 2631 1676 2662 immo
1703 2629 1862 2663 detectos

556 2683 666 2714 nates,
685 2677 879 2707 nuditatem
897 2675 1052 2715 Aegypti
1064 2674 1081 2686 '’
1098 2675 1167 2714 (xx.
1185 2683 1214 2713 3,
1228 2674 1261 2714 4)
1276 2686 1283 2706 ε

383 2789 461 2828 per
490 2778 681 2827 “regem
708 2773 956 2814 Aschuris''
983 2771 1258 2825 significatur
1279 2772 1566 2813 ratiocinatio
1589 2786 1647 2812 ex
1675 2771 1859 2813 scienti-

383 2837 476 2877 ficis
518 2836 733 2877 naturalis
775 2836 981 2884 hominis,
1015 2841 1061 2876 et
1100 2849 1178 2888 per
1211 2834 1550 2888 “Aegyptum’'
1581 2833 1858 2887 significatur

383 2900 597 2940 naturalis
620 2899 783 2949 homo;
816 2898 918 2941 inde
936 2912 1013 2951 per
1030 2898 1149 2951 quod
1169 2901 1194 2918 “
1209 2911 1290 2938 rex
1309 2897 1528 2938 Aschuris
1554 2897 1689 2938 ducet
1712 2897 1859 2950 capti-

383 2964 572 3003 vitatem
605 2961 840 3014 Aegypti'’
872 2960 1148 3013 significatur
1178 2960 1298 3013 quod
1328 2960 1613 3000 ratiocinatio
1645 2973 1704 3000 ex
1735 2959 1856 3000 falsis

384 3023 663 3066 destructura
689 3021 780 3064 [³¹sit
808 3025 955 3064 omnia
978 3036 1081 3064 vera
1108 3023 1151 3063 in
1177 3022 1368 3064 naturali
1395 3022 1589 3071 homine,
1614 3035 1727 3075 quae
1753 3027 1874 3062 sunt·
