2008 3458
354 385 465 426 2400
774 383 1100 418 APOCALYPSIS
1132 381 1426 419 EXPLICATA.

351 497 529 537 catione
555 498 742 537 “coram
766 496 930 538 throno
957 496 1080 546 Dei‚”
1097 498 1216 551 quod
1239 499 1295 540 sit
1322 499 1364 539 in
1389 498 1634 552 conspectu
1651 499 1838 554 angelo-

350 572 470 609 rum;
517 559 636 613 quod
679 572 757 612 per
797 559 1047 600 “thronum
1084 560 1198 601 Dei”
1235 562 1515 614 intelligatur
1550 563 1723 604 caelum
1765 564 1839 605 ubi

350 619 517 672 angeli,
541 620 750 660 videatur
779 634 913 673 supra
944 630 1168 673 (n.253[a]).
1229 622 1363 674 Quod
1390 623 1671 665 immaculati
1696 637 1837 678 appa-

350 687 479 721 reant
515 681 559 721 in
597 679 842 733 conspectu
874 682 1139 734 angelorum
1177 683 1303 732 caeli,
1338 690 1407 724 est
1445 684 1546 738 quia
1580 698 1606 724 a
1642 684 1839 726 Domino

349 743 585 792 ducuntur,
619 750 666 785 et
699 744 918 785 Dominus
945 744 1112 798 jugiter
1143 747 1348 798 providet
1381 760 1435 787 ne
1467 746 1646 800 aliquod
1678 747 1836 790 falsum

348 807 486 847 intret
512 806 796 847 voluntatem
823 821 1002 858 eorum;
1034 808 1290 849 admittitur
1315 809 1495 862 quidem
1521 810 1566 850 in
1593 811 1837 863 cogitatio-

349 883 465 918 nem,
491 869 570 910 sed
593 882 682 910 non
706 869 836 918 ultra,
860 883 910 911 ac
935 870 1037 911 inde
1059 869 1230 923 ejicitur
1250 885 1259 922 ;
1293 878 1338 912 et
1366 872 1484 925 quod
1512 886 1535 912 e
1557 873 1837 925 cogitatione

348 931 531 984 ejicitur,
565 932 649 973 hoc
688 946 777 973 non
815 933 1018 986 inquinat
1050 933 1303 985 hominem3
1347 935 1425 975 sed
1464 934 1583 988 quod
1615 936 1839 988 excipitur

347 994 450 1035 inde
490 1009 516 1035 a
551 995 788 1036 voluntate
820 995 926 1048 ejus,
961 996 1045 1036 hoc
1078 996 1294 1049 inquinat,
1329 1010 1432 1037 nam
1470 997 1553 1038 hoc
1591 1003 1660 1038 est
1701 1004 1748 1039 et
1788 997 1838 1040 fit

347 1058 510 1098 amoris
543 1057 648 1110 ejus,
677 1059 740 1098 ita
770 1059 890 1099 vitae
922 1058 1026 1112 ejus,
1056 1065 1101 1100 et
1133 1073 1308 1112 quoque
1335 1058 1461 1100 saetis
1488 1059 1580 1112 ejus
1606 1060 1835 1113 inhaeret;

347 1127 393 1161 et
420 1120 504 1161 hoc
529 1121 747 1161 removeri
774 1134 863 1161 non
887 1128 1040 1174 potest
1063 1122 1144 1162 nisi
1167 1135 1300 1175 quam
1318 1135 1402 1174 ,per
1424 1123 1584 1162 seriam
1611 1129 1657 1163 et
1683 1121 1836 1165 aetua-

347 1183 436 1224 lem
463 1184 581 1224 vitae
609 1182 961 1236 paenitentiam
996 1193 1099 1224 nam
1122 1184 1332 1225 voluntas
1360 1198 1459 1225 curn
1486 1198 1638 1226 amore
1663 1191 1709 1226 et
1735 1199 1836 1227 cum

347 1247 453 1294 vita,
497 1253 591 1287 tum
637 1259 738 1287 cum
778 1245 918 1294 faffls,
962 1259 1096 1287 unum
1137 1253 1294 1299 agunt,
1338 1260 1389 1287 ac
1435 1246 1749 1300 intelliguntur
1791 1249 1836 1290 in

346 1308 502 1349 Verbo
527 1323 605 1362 per
634 1308 798 1359 “cor;''
835 1309 938 1349 inde
971 1322 1087 1349 nunc
1120 1315 1204 1357 est,
1233 1309 1352 1362 quod
1384 1309 1446 1349 illi
1478 1310 1551 1363 qui
1581 1323 1608 1350 a
1639 1309 1836 1352 Domino

346 1373 579 1420 ducuntur,
609 1385 686 1412 seu
718 1371 869 1424 Ipsum
901 1365 1162 1424 sequuntur,
1192 1372 1536 1413 “immaculati'’
1567 1373 1669 1414 sint.
1730 1373 1835 1415 Non

345 1436 503 1476 evitari
529 1441 681 1488 potest
708 1435 813 1487 quin
840 1435 977 1475 homo
1003 1435 1175 1487 cogitet
1199 1435 1357 1475 falsum
1385 1442 1430 1476 et
1457 1449 1632 1489 quoque
1652 1435 1833 1486 malum,

345 1506 440 1540 tam
466 1500 568 1552 quia
595 1505 727 1538 natus
750 1504 819 1538 est
845 1498 889 1538 in
912 1498 1056 1538 omnis
1082 1499 1258 1550 generis
1285 1498 1416 1547 mala,
1442 1511 1574 1551 quam
1598 1499 1700 1552 quia
1725 1498 1834 1540 doc-

345 1562 489 1602 trinae
516 1560 733 1602 ecclesiae
760 1561 892 1601 hodie
925 1574 1014 1601 non
1042 1567 1146 1601 sunt
1174 1558 1403 1601 doctrinae
1430 1561 1563 1609 vitae,
1592 1561 1671 1601 sed
1698 1561 1835 1603 modo

345 1622 575 1664 doctrinae
593 1622 693 1663 fidei
712 1637 720 1673 ;
753 1630 798 1664 et
821 1621 1026 1664 doctrina
1048 1622 1148 1663 fidei
1171 1630 1406 1676 separatae
1429 1637 1454 1663 a
1477 1624 1570 1664 vita
1591 1637 1680 1664 non
1699 1624 1835 1666 docet

344 1701 462 1735 vera,
483 1700 560 1739 per
577 1700 689 1740 quae
707 1687 844 1726 homo
861 1686 1009 1740 quoad
1027 1687 1166 1727 vitam
1184 1686 1410 1726 reformari
1429 1692 1581 1738 potest
1598 1700 1607 1726 :
1634 1693 1682 1727 at
1699 1684 1772 1740 qui
1789 1687 1834 1728 in

345 1750 542 1790 Domino
568 1756 684 1798 sunt,
713 1749 775 1790 illi
806 1750 849 1790 in
881 1748 1115 1790 affectione
1141 1750 1232 1790 veri
1266 1749 1484 1802 spirituali
1516 1755 1754 1801 tenentur;
1787 1757 1834 1792 et

345 1814 417 1867 qui
448 1814 492 1853 in
525 1812 601 1853 illa
632 1811 866 1854 affectione
899 1819 1016 1861 sunt,
1045 1812 1225 1865 quidem
1258 1813 1454 1865 recipere
1487 1819 1676 1864 possunt
1707 1812 1831 1862 falsa,

344 1876 423 1916 sed
447 1889 583 1928 usque
602 1888 692 1916 non
715 1875 849 1928 pleno
868 1888 1102 1923 consensu,
1121 1875 1256 1915 modo
1275 1874 1353 1915 tali
1376 1887 1426 1915 ac
1446 1881 1624 1915 tantum
1642 1874 1835 1929 qualiter

343 1945 390 1979 et
427 1945 645 1991 quantum
684 1938 963 1979 concordant
1001 1951 1100 1979 cum
1127 1938 1247 1978 bono
1286 1944 1331 1978 et
1372 1937 1474 1977 inde
1511 1938 1653 1988 veris;
1698 1951 1834 1991 quare

343 2014 444 2041 cum
467 2000 528 2040 illi
551 2001 623 2054 qui
649 2001 692 2040 in
714 1999 948 2041 affectione
967 2000 1058 2041 veri
1077 1999 1292 2053 spirituali
1316 2006 1433 2048 sunt,
1454 2000 1661 2040 hauriunt
1684 1999 1833 2054 aliqua

343 2063 467 2113 falsa,
488 2077 625 2117 usque
647 2063 799 2104 faciles
821 2070 925 2104 sunt
947 2063 1004 2104 ad
1027 2063 1314 2116 rejiciendum
1338 2062 1427 2111 illa,
1448 2063 1628 2116 quando
1644 2063 1832 2104 audiunt

342 2140 461 2175 vera,
491 2132 584 2167 tam
612 2127 655 2166 in
682 2127 766 2167 hoc
793 2126 961 2167 mundo
987 2139 1119 2179 quam
1149 2126 1191 2166 in
1219 2125 1389 2175 alter03
1428 2125 1531 2166 talis
1557 2131 1626 2166 est
1657 2123 1832 2166 affefflo

343 2189 434 2229 veri
459 2188 699 2241 spiritualis
721 2203 729 2239 ;
762 2188 926 2229 idcirco
951 2188 1014 2228 illi
1040 2188 1113 2241 qui
1144 2180 1188 2228 iri
1214 2202 1266 2228 ea
1292 2186 1527 2228 affeffione
1554 2193 1671 2236 sunt,
1700 2187 1830 2242 perfi-

343 2252 518 2291 ciuntur
544 2250 846 2303 intelligentia
871 2257 917 2291 et
946 2251 1166 2303 sapientia
1197 2251 1239 2290 in
1267 2257 1526 2300 aeternum;
1560 2256 1628 2290 est
1656 2263 1830 2303 quoque

342 2314 428 2354 illis
453 2314 643 2354 facultas
669 2313 953 2366 intelligendi
979 2326 1106 2354 vera:
1145 2319 1192 2354 at
1224 2313 1286 2352 illi
1317 2314 1390 2365 qui
1422 2326 1511 2352 non
1543 2313 1586 2352 in
1613 2326 1666 2353 ea
1696 2312 1833 2354 affec—

342 2377 464 2418 tione
487 2382 605 2424 sunt,
630 2383 822 2417 renuunt
845 2390 949 2416 vera
971 2382 1016 2416 et
1038 2375 1290 2428 intelligere
1313 2383 1358 2415 et
1381 2375 1556 2425 audire3
1589 2389 1723 2428 quare
1746 2389 1827 2418 nec

342 2440 385 2480 in
417 2439 565 2493 aliqua
595 2439 810 2480 facultate
842 2438 1123 2491 intelligendi
1154 2438 1230 2478 illa
1261 2444 1391 2487 sunt;
1425 2438 1544 2490 quod
1577 2438 1639 2478 ita
1669 2439 1741 2487 sit,
1769 2452 1828 2480 ex

341 2502 566 2543 communi
584 2502 864 2554 experientia
882 2501 924 2542 in
943 2501 1110 2541 mundo
1131 2499 1346 2553 spirituali
1365 2500 1469 2539 mihi
1488 2500 1645 2552 patuit.
1697 2500 1828 2542 Nunc

342 2565 445 2618 quia
466 2564 616 2617 angeli
638 2564 749 2604 caeli
772 2577 861 2604 non
884 2563 1004 2604 aliud
1028 2563 1276 2615 percipiunt
1299 2562 1417 2614 apud
1444 2563 1671 2603 hominem
1693 2575 1827 2616 quam

341 2627 432 2680 ejus
455 2640 668 2675 amorem,
691 2633 737 2667 et
763 2626 866 2667 inde
893 2626 984 2679 ejus
1006 2624 1278 2673 affectiones,
1303 2624 1522 2664 desideria
1544 2638 1594 2665 ac
1617 2624 1825 2677 jucunda,

342 2690 529 2742 proinde
561 2689 653 2743 ejus
685 2689 808 2738 fines,
837 2695 1020 2742 propter
1045 2702 1155 2742 quos
1181 2689 1243 2728 ita
1275 2694 1320 2728 et
1352 2700 1441 2727 non
1474 2687 1822 2741 alitercogitat,

341 2753 520 2806 quando
549 2753 698 2806 itaque
725 2752 842 2804 apud
873 2751 997 2792 illum
1023 2751 1272 2805 percipiunt
1299 2762 1497 2790 amorem
1523 2750 1614 2790 veri
1641 2757 1826 2804 propter
1875 2773 1878 2776 ⁴

341 2830 443 2856 usus
470 2816 603 2864 vitae,
631 2815 705 2868 qui
731 2820 835 2855 sunt
862 2813 984 2862 fines,
1012 2821 1120 2854 tunc
1153 2826 1241 2853 non
1264 2814 1420 2854 vident
1446 2812 1594 2866 aliqua
1623 2812 1735 2853 salsa
1765 2827 1825 2854 ex

341 2878 489 2928 malo;
528 2884 574 2918 et
606 2878 641 2918 si
672 2877 785 2918 forte
812 2877 967 2917 vident
993 2876 1105 2916 falsa
1135 2890 1193 2916 ex
1227 2889 1315 2916 non
1349 2875 1481 2923 malo,
1510 2888 1647 2928 usque
1679 2875 1825 2916 sciunt

341 2942 458 2994 quod
485 2941 594 2981 haec
626 2940 736 2981 falsa
762 2939 854 2981 nonv
878 2945 1086 2988 noceant,
1114 2939 1216 2992 quia
1246 2938 1331 2978 illis
1365 2951 1451 2978 non
1484 2938 1600 2978 inest
1626 2938 1822 2978 malum:

340 3004 449 3044 salsa
475 3018 533 3044 ex
561 3003 680 3044 malo
705 3009 809 3044 sunt
835 3003 929 3056 ipsa
953 3002 1064 3043 falsa
1090 3015 1202 3055 quae
1235 3015 1293 3042 ex
1326 3001 1495 3041 inferno
1521 3006 1651 3052 sunt;
1690 3014 1825 3042 causa
