2008 3458
380 383 490 434 2248
791 389 1121 423 APOCALYPSIS
1152 391 1448 424 EXPLICATA.

379 503 512 544 Pater
544 509 590 544 et
624 503 727 556 Ipse
756 515 890 543 unum
917 509 1036 552 sunt,
1064 503 1179 545 sicut
1211 504 1348 547 etiam
1375 503 1510 545 docet
1538 503 1656 557 apud
1682 502 1859 553 Johan-

378 579 485 613 nem,

442 642 506 673 “Si
536 642 596 672 Me
625 642 852 682 cognoscitis,
877 642 983 673 etiam
1015 641 1156 673 Patrem
1185 652 1302 673 meum
1327 642 1541 682 cognoscitis
1557 642 1683 679 :....is
1711 642 1770 683 qui
1798 641 1860 675 Me

550 685 657 722 videt,
671 685 767 716 videt
786 685 927 716 Patrem
942 684 987 721 ;’'.
1001 709 1008 717 .
1023 710 1030 717 .
1041 685 1214 726 Philippe,
1229 687 1247 700 “
1258 685 1387 716 Nonne
1405 685 1518 716 credis
1536 685 1629 726 quod
1647 685 1723 726 Ego
1740 685 1776 717 in
1795 685 1861 717 Pa-

550 734 603 758 tre
623 735 657 759 et
679 728 783 759 Pater
800 728 835 758 in
855 727 953 760 Me?.
967 753 974 759 .
989 753 997 760 .
1011 727 1168 760 .Credite
1187 728 1286 767 Mihi,
1304 729 1398 769 quod
1417 728 1493 768 Ego
1513 728 1549 759 in
1569 728 1683 767 Patre,
1700 734 1735 760 et
1756 727 1861 761 Pater

549 771 584 802 in
604 771 694 802 Me’'
711 771 793 811 (xiv.
813 778 840 810 7,
861 769 944 813 [10‚]
967 771 1039 811 11);

375 847 493 900 apud
520 847 727 895 eundem,

441 918 578 950 “Pater
601 924 635 949 et
661 918 736 958 Ego
760 929 870 950 unum
891 928 1013 950 sumus
1027 928 1050 955 ;.
1066 944 1073 951 .
1087 944 1095 951 .
1109 919 1349 959 ‚cognoscatis
1374 925 1409 951 et
1432 919 1583 951 credatis
1603 919 1697 960 quod
1723 918 1800 960 Ego
1824 920 1859 952 in

550 961 653 992 Patre
670 968 704 993 et
724 962 828 993 Pater
844 963 879 993 in
899 962 958 993 Me
970 962 988 974 ’⁷
1005 963 1050 1003 (x.
1069 971 1120 1001 30,
1138 963 1202 1003 38).

375 1026 572 1068 Accedit

450 1097 553 1138 Quod
573 1096 748 1128 Dominus
765 1097 811 1128 sit
832 1097 928 1128 Deus
945 1097 1032 1128 caeli
1052 1103 1086 1129 et
1102 1103 1226 1136 terrae,
1244 1103 1282 1128 ut
1301 1097 1381 1138 Ipse
1397 1098 1499 1129 docet
1515 1097 1613 1139 (Joh.
1631 1097 1677 1131 iii.
1695 1105 1757 1138 353
1785 1108 1859 1140 cap.

552 1140 634 1171 xvii.
654 1148 691 1172 2:
716 1141 846 1172 Mattlz.
864 1141 908 1172 xi.
928 1148 988 1179 27;
1013 1150 1086 1181 cap.
1103 1141 1222 1172 xxviii.
1239 1138 1348 1180 [¹118);

376 1234 422 1268 et
449 1229 510 1268 sic
537 1228 655 1281 quod
683 1228 784 1280 Ipse
811 1228 1042 1269 adeundus
1068 1229 1138 1269 sit.
1199 1228 1440 1269 Sciendum
1465 1229 1602 1270 etiam
1627 1235 1697 1271 est
1723 1229 1857 1283 quod,

378 1291 462 1330 nisi
494 1291 594 1342 Ipse
627 1291 826 1338 adeatur,
854 1291 991 1331 homo
1023 1304 1112 1331 non
1145 1291 1346 1343 cogitare
1372 1292 1514 1343 possit
1546 1304 1646 1332 cum
1672 1290 1857 1345 angelis,

375 1354 584 1405 quoniam
626 1354 770 1393 omnis
810 1354 1032 1405 cogitatio
1073 1353 1278 1405 angelica
1318 1354 1373 1394 de
1415 1353 1514 1394 Deo
1553 1360 1623 1395 est
1663 1354 1724 1395 de
1760 1353 1860 1395 Deo

377 1414 598 1466 Homine;
641 1415 773 1456 aliter
803 1416 857 1455 de
892 1415 1006 1464 Deo,
1032 1421 1077 1455 et
1110 1422 1439 1468 consequenter
1469 1416 1524 1456 de
1557 1416 1740 1465 Divinis,
1769 1430 1858 1459 non

375 1479 575 1531 cogitare
603 1484 805 1530 possunt,
835 1479 937 1531 quia
965 1478 1267 1530 cogitationes
1292 1478 1468 1518 illorum
1493 1479 1663 1520 vadunt
1694 1479 1859 1520 circum

375 1541 491 1581 circa
518 1554 595 1593 per
621 1540 809 1588 caelum,
834 1547 880 1580 et
907 1539 1080 1580 caelum
1107 1547 1176 1581 est
1202 1540 1375 1581 caelum
1401 1541 1444 1580 in
1466 1535 1612 1586 ,forma
1638 1540 1858 1583 Hominis,

375 1602 463 1644 Sed
490 1604 545 1643 de
572 1603 653 1643 hac
679 1617 724 1643 re
751 1602 877 1655 plura
901 1603 1017 1643 alibi.

464 1667 561 1721 (iii.)
611 1667 738 1719 Quod
757 1682 839 1708 non
853 1668 1002 1719 fuerit
1024 1667 1228 1709 Portatio
1249 1668 1531 1721 iniquitatum
1554 1675 1808 1710 nostrarum
1831 1683 1860 1710 a

375 1730 559 1771 Domina
579 1737 622 1770 et
644 1730 745 1770 inde
765 1730 989 1774 Liberalia
1014 1730 1069 1771 ab
1095 1730 1187 1771 illis
1210 1730 1440 1771 secundum
1453 1731 1594 1784 fidem
1615 1731 1856 1784 vulgarem,

376 1807 489 1846 quae
515 1799 583 1833 est
616 1793 734 1846 quod
768 1793 988 1833 Dominus
1015 1798 1203 1845 peccata
1228 1793 1381 1833 mundi
1406 1793 1448 1833 in
1482 1792 1538 1842 Se
1564 1793 1856 1842 transtulerit,

374 1869 427 1895 ac
460 1855 534 1895 illa
566 1855 776 1908 dejecerit
807 1856 850 1895 in
883 1855 1114 1903 infernum,
1143 1861 1189 1896 et
1221 1855 1281 1896 sic
1313 1855 1555 1896 sustulerit.
1618 1855 1718 1897 Hoc
1750 1869 1856 1897 con·

379 1917 565 1958 cludunt
593 1932 651 1957 ex
675 1918 891 1970 Johannis
916 1918 1062 1958 verbis
1088 1918 1144 1958 de
1168 1917 1285 1970 Jesu,

563 2007 582 2019 “
594 2005 682 2037 Ecce
700 2006 826 2046 Agnus
846 2005 911 2037 Dei
928 2006 986 2047 qui
1005 2006 1095 2037 tollit
1113 2012 1256 2046 peccata
1272 2006 1393 2038 mundi
1405 2005 1422 2018 ’'
1440 2005 1538 2048 (Jok.
1556 2006 1576 2038 i.
1595 2005 1671 2047 29);

375 2095 422 2129 et
449 2102 508 2129 ex
533 2087 690 2136 Esaia,
721 2088 794 2128 ubi
820 2089 970 2141 agitur
995 2089 1051 2129 de
1078 2089 1290 2138 Domino,

442 2166 620 2197 “Morbos
642 2173 783 2197 nostros
806 2166 869 2197 Ille
894 2167 982 2204 tulit,
1003 2177 1043 2198 ac
1062 2167 1231 2205 dolores„
1246 2192 1253 2199 .
1267 2191 1274 2199 .
1289 2174 1339 2199 .et
1359 2167 1562 2208 iniquitates
1572 2166 1590 2179 ”
1608 2172 1748 2199 nostras
1765 2166 1858 2199 “Ille

548 2209 730 2249 portavit'’
747 2209 821 2248 (liii.
837 2217 868 2247 4,
889 2209 961 2249 11);

376 2298 456 2338 sed
497 2297 601 2349 quid
642 2296 919 2349 significatur
954 2311 1032 2350 per
1071 2298 1368 2350 “iniquitates
1405 2297 1618 2350 portare‘'
1658 2287 1856 2338 nondum

371 2357 657 2399 intellectum
677 2365 746 2399 est
769 2360 812 2398 in
835 2359 1050 2407 ecclesiis,
1071 2373 1206 2412 quare
1223 2360 1408 2400 dicetur.
1460 2359 1534 2399 Ex
1557 2359 1713 2400 ordine
1731 2359 1855 2400 Divi-

377 2435 436 2461 no
457 2422 536 2462 fuit
559 2422 678 2474 quod
704 2421 954 2474 prophetae
972 2428 1364 2475 repraesentarent
1389 2428 1559 2463 statum
1582 2435 1688 2463 suae
1710 2421 1856 2464 eccle-

374 2485 479 2532 siae,
504 2490 552 2523 ut
579 2484 682 2524 inde
709 2485 874 2524 scirent
901 2484 1056 2537 quales
1082 2490 1262 2534 essent;
1295 2491 1343 2525 ut
1377 2491 1588 2526 constare
1616 2490 1856 2538 potest‘ex

373 2546 665 2599 sequentibus
683 2545 888 2598 :—Quod
915 2546 1073 2587 Esaias
1094 2546 1241 2599 jussus
1267 2547 1324 2587 sit

440 2634 495 2666 Ire
509 2634 623 2665 nudus
637 2639 672 2665 et
682 2634 914 2717 {iiscalceatus
929 2640 998 2666 tres
1012 2645 1137 2673 annos,
1152 2635 1187 2666 in
1201 2635 1341 2675 signum
1360 2641 1394 2666 et
1407 2635 1607 2675 prodigium
1621 2633 1766 2677 ([Esai.]
1782 2645 1856 2676 cap.

546 2688 602 2709 xx.
617 2686 646 2716 2,
661 2686 679 2716 3
706 2688 712 2709 :

373 2761 746 2813 repraesentabat
770 2774 847 2813 per
868 2760 912 2800 id
938 2760 1056 2813 quod
1080 2773 1169 2801 non
1191 2760 1382 2813 amplius
1405 2766 1558 2801 essent
1581 2760 1729 2814 aliqua
1750 2773 1855 2801 vera

373 2823 417 2862 in
446 2822 662 2872 ecclesia;
700 2822 784 2862 hoc
811 2822 1088 2875 significatur
1113 2837 1191 2876 per
1218 2823 1316 2863 “ire
1343 2823 1509 2863 nudum
1536 2828 1582 2863 et
1608 2821 1853 2863 discalcea-

374 2884 509 2925 tum.”
570 2883 703 2936 Quod
729 2884 965 2941 Hoscheas
987 2884 1133 2938 jussus
1159 2885 1217 2925 sit

439 2973 609 3013 Accipere
626 2974 691 3004 sibi
709 2974 889 3005 mulierem
903 2974 1166 3012 scortationum,
1181 2980 1215 3005 et
1232 2974 1359 3005 liberos
1376 2975 1641 3012 scortationum,
1659 2974 1740 3015 quia
1756 2983 1850 3005 scor-

547 3017 655 3047 tando
675 3023 828 3048 scortata
845 3023 898 3049 est
917 3015 1198 3059 terra([H0scl1.]
1217 3027 1290 3058 cap.
1309 3017 1328 3049 i.
1348 3025 1376 3055 2,
1394 3020 1502 3058 seq.):
