2008 3458
87 617 136 665 515
200 671 201 674 Ἴ

590 387 697 422 cAP.
721 388 843 431 xm„
867 389 1006 423 VERs.
1035 377 1205 424 162—N.
1228 380 1323 436 836.
1529 374 1534 376 “
1589 380 1702 435 '2333

817 545 954 569 νεικεῦς
979 537 1030 576 16,
1050 545 1100 577 17.

201 635 205 639 ·
285 604 420 686 8⁴30?-
458 619 477 632 ‘¹
485 617 521 646 et
529 617 610 652 faeti*
620 626 721 646 omnes
730 626 838 652 parvos
850 621 881 646 et
893 626 1022 652 maanes.
1039 621 1070 646 et
1083 620 1191 647 diuites
1207 622 1238 647 et
1249 627 1404 653 pauperes.
1421 611 1572 647 et'llberos
1587 621 1619 647 et
1640 627 1708 647 ser-

203 662 259 689 m
283 660 319 687 ut·
402 658 463 686 ΙΙΙΙε
475 659 676 686 characterem
691 667 782 692 super
794 667 881 686 manu
899 666 997 686 eorum
1015 661 1130 692 dextra,
1144 662 1197 687 aut
1211 668 1301 693 super
1317 660 1470 693 frontlbus
1485 667 1592 690 eorum.
1629 659 1664 687 ft
1675 661 1709 686 ut

103 730 106 737 Ι
127 698 142 734 J
159 689 162 691 ’
205 698 398 770 Ἵῖωὗκ
411 704 508 748 σ’ςησνε
520 699 550 724 ot
568 698 700 729 vendere.
720 697 748 725 εἰ
762 705 818 725 non
833 698 941 724 habeat
955 699 1165 730 characterem.
1180 701 1233 726 aut
1250 706 1353 726 nomen
1369 699 1482 726 bestlae
1494 700 1546 726 aut
1558 706 1707 725 numerum

128 755 138 761 .
159 750 162 754 ·
199 742 272 765 mou·
314 743 332 764 ε
372 743 418 764 us.

87 780 90 781 γ
115 766 157 785 ιι,
289 772 293 773 ⁷

232 806 286 842 ιδ.
317 807 382 843 ἘΙ
403 807 490 843 facit
502 817 621 843 omnes
633 818 765 852 parvos
782 811 819 843 et
832 819 985 852 magnos,
1004 812 1040 844 et
1062 809 1187 844 divites
1211 812 1248 844 et
1265 819 1450 854 pauper-es,
1468 812 1505 844 et
1526 809 1653 844 liberos
1677 811 1714 843 et

218 874 222 879 ,
383 853 537 892 'ervom'
552 853 714 895 significat
735 854 912 897 infiriores
926 859 958 886 ct
976 855 1169 896 superiores,
1184 855 1345 898 sapientes
1358 860 1390 887 et
1402 855 1573 897 simplices,
1589 855 1712 897 quique

383 909 406 931 a
420 908 454 930 se
467 898 625 940 cogitant,
638 899 761 940 quique
776 898 817 929 ab
828 899 907 930 aliis
925 898 977 942 [n.
991 898 1011 930 8
1013 898 1075 942 36]
1087 910 1095 936 ;
1122 901 1183 933 “ut
1197 900 1256 933 det
1269 898 1338 933 iuis
1351 899 1587 933 characterem
1603 908 1712 942 supet·

385 951 490 976 manu
512 951 631 976 eorum
655 942 778 976 dextra
802 945 836 976 οὶ
859 951 967 986 supet·
983 942 1153 977 frontibus
1169 943 1316 982 eorum‚''
1334 943 1494 986 significat
1516 943 1710 986 testgficatio-

383 987 662 1076 :zn'aepfnitgoffis
675 988 767 1030 quod
782 987 855 1039 ⁴sint
869 988 910 1019 ab
925 989 1068 1026 ecclesia,
1084 992 1115 1020 et
1137 988 1174 1020 in
1192 988 1286 1020 illius
1288 988 1381 1031 fidei
1393 988 1484 1020 veris
1503 992 1534 1020 et
1555 988 1647 1020 bonis
1663 988 1710 1019 ita

455 1042 485 1064 ts
521 1041 554 1063 n.
591 1040 611 1073 3
659 1056 667 1063 .

233 1103 291 1140 17.·
319 1096 383 1132 'Et
398 1099 440 1132 ut
454 1107 554 1132 nemo
573 1096 692 1141 possit
708 1107 824 1131 omero
842 1099 879 1131 ei
903 1097 1060 1136 vendere,
1078 1097 1114 1132 sl
1133 1107 1200 1132 non
1222 1097 1351 1132 habeat
1371 1097 1608 1132 characterem
1631 1097 1711 1132 bes-

381 1141 484 1181 ‘il'ael'
493 1141 654 1184 significat
662 1142 923 1184 prohibitionem
937 1153 979 1174 ne
990 1143 1115 1185 aliquis
1126 1143 1233 1175 discat
1243 1148 1274 1174 et
1288 1144 1400 1174 doceat
1409 1154 1512 1185 quam
1527 1143 1619 1175 illud
1626 1143 1717 1185 quod

385 1187 543 1230 agnitum
555 1191 587 1219 et
601 1187 730 1219 inde·in
741 1187 900 1219 doarina
911 1191 1073 1230 receptum
1085 1191 1132 1219 est
1149 1187 1200 1230 [n.
1212 1186 1295 1230 840]
1308 1198 1318 1226 3
1338 1189 1422 1220 “aut
1435 1196 1556 1221 nomen
1569 1186 1712 1224 bestiae,

385 1233 451 1265 aut
462 1240 643 1265 numerum
658 1230 806 1265 nomitris
822 1231 927 1275 ejus?
942 1230 1106 1273 significat
1121 1232 1179 1264 vel
1188 1232 1298 1264 simile
1312 1232 1383 1275 ejus
1397 1232 1510 1274 quoad
1522 1231 1644 1270 vitam,
1660 1232 1718 1263 vel

380 1276 495 1309 §futile
509 1277 579 1320 ejus
594 1276 817 1319 quoadfidem
837 1276 888 1320 [n.
902 1275 1000 1320 841].

289 1369 427 1424 836.
451 1379 558 1419 [νινε.
577 1380 639 1419 16,]
670 1369 750 1410 “ft
763 1369 869 1410 facit
882 1382 1022 1411 omnes
1032 1382 1184 1423 parvos
1199 1373 1243 1411 et
1254 1382 1440 1423 magnos,
1458 1373 1501 1411 et
1514 1369 1656 1423 divites
1671 1356 1718 1410 οἶ

204 1444 428 1487 pauperes,
449 1435 495 1474 ot
513 1432 664 1474 libet-os
687 1436 733 1473 et
752 1432 1039 1486 servos.¹'—Q
1047 1433 1135 1473 uod
1158 1432 1387 1486 significet
1406 1433 1651 1485 inferiores
1671 1439 1715 1474 et

103 1495 135 1507 ⁹
197 1494 474 1548 superiores,
497 1495 719 1548 sapientes
744 1501 787 1535 et
811 1495 1045 1547 simplices,
1070 1495 1229 1548 quique
1244 1509 1272 1536 a
1293 1509 1340 1536 se
1359 1495 1556 1548 cogitant
1575 1501 1617 1536 et
1638 1495 1718 1548 qui

208 1556 266 1600 ab
289 1557 410 1608 aliis,
438 1565 621 1600 constat
653 1572 712 1599 ex
750 1557 1082 1611 significatione
1112 1559 1354 1599 “omnium
1392 1571 1631 1611 parvorum
1664 1565 1711 1599 et

105 1612 120 1660 Ξ
143 1618 150 1654 ἶ
210 1621 521 1675 magnorum,”
546 1621 668 1676 quod
695 1622 784 1662 sint
811 1620 1041 1662 inferiores
1067 1627 1113 1662 et
1140 1622 1405 1674 superiores,
1430 1635 1510 1662 seu
1532 1621 1711 1662 viliores

206 1691 257 1727 ‘et
278 1685 601 1726 eminentiores
620 1699 629 1735 ;
662 1699 721 1725 ex
745 1683 1075 1738 significatione
1096 1685 1327 1726 “divitum
1350 1691 1397 1726 et
1424 1684 1713 1738 pauperum,''
1732 1720 1735 1722 .

209 1746 332 1801 quod
353 1746 447 1788 sint
468 1747 703 1800 sapientes
726 1752 773 1787 et
795 1745 1027 1799 simplices
1046 1760 1055 1796 ;
1088 1757 1192 1795 (quod
1208 1754 1372 1787 “divites‘'
1389 1758 1537 1787 dicantur
1555 1758 1611 1795 qui
1630 1757 1714 1786 mu1-

209 1813 258 1840 tas
277 1810 478 1849 cognitiones
495 1811 574 1840 boni
593 1815 625 1840 et
643 1810 709 1840 veri
728 1810 902 1848 possident.
919 1810 964 1839 ita
982 1811 1152 1848 sapientes,
1167 1811 1313 1840 videatur
1327 1820 1433 1849 supra¹
1446 1820 1478 1841 n.
1501 1812 1514 1841 Ι
1530 1802 1590 1846 18,
1607 1800 1692 1852 236
1706 1821 1713 1845 :

209 1863 242 1890 et
262 1859 352 1897 quod
367 1859 580 1898 “pauperes''
597 1859 753 1894 dicantur,
777 1859 832 1896 qui
854 1867 921 1888 non
942 1860 1062 1888 habent
1084 1860 1283 1898 cognitiones
1304 1860 1380 1889 boni
1402 1865 1434 1890 et
1455 1860 1530 1894 veri,
1553 1860 1628 1897 quia
1649 1869 1716 1889 non

145 1923 156 1930 ⁵
209 1909 330 1939 habent
347 1909 505 1944 Verbum,
525 1914 557 1939 et
578 1918 682 1947 usque
701 1909 885 1939 desiderant
905 1909 984 1945 illas,
1005 1910 1152 1939 videatur
1170 1910 1266 1939 etiam
1286 1919 1393 1948 supra,
1414 1919 1445 1940 n.
1473 1900 1562 1944 118,
1593 1900 1676 1951 238
1690 1911 1715 1949 :)

210 1964 259 2000 et
293 1972 355 2000 ex
390 1957 726 2012 significatione
755 1959 1042 2001 “liberorum
1073 1965 1121 2000 et
1157 1959 1435 2009 servorum‚”
1461 1959 1583 2013 quod
1619 1960 1714 2001 sint

210 2020 284 2076 qui
315 2034 375 2062 ex
401 2034 450 2062 se
476 2021 684 2074 cogitant
711 2027 757 2063 et
789 2023 862 2076 qui
894 2022 951 2063 ab
977 2021 1086 2062 aliis.
1148 2021 1223 2062 Ex
1253 2036 1301 2062 se
1327 2022 1530 2076 cogitare
1557 2029 1626 2063 est
1653 2036 1712 2063 ex

141 2111 146 2118 ·
211 2098 261 2127 se
291 2084 446 2126 videre
478 2097 585 2125 num
618 2098 773 2126 verum
806 2086 864 2126 sit
902 2092 980 2126 aut
1018 2098 1125 2126 num
1157 2085 1332 2134 salsum,
1366 2099 1418 2126 ac
1451 2086 1512 2126 sie
1546 2085 1714 2139 eligere

211 2161 349 2190 unum
383 2155 431 2189 et
467 2147 651 2202 rejicere
684 2148 905 2200 alterum3
949 2149 993 2190 hi
1024 2155 1128 2190 sunt
1161 2149 1235 2202 qui
1272 2148 1527 2202 spirituales
1559 2163 1586 2190 a
1618 2149 1714 2190 Do-

212 2211 336 2254 mino
359 2209 464 2253 faeti
490 2217 610 2260 sunt,
640 2218 686 2253 et
718 2211 824 2253 inde
849 2212 893 2253 in
921 2211 1019 2253 luce
1042 2211 1170 2261 caeli,
1195 2218 1242 2253 et
1274 2225 1300 2253 a
1333 2211 1532 2253 Domino
1557 2212 1714 2254 vident

211 2287 264 2319 ac
286 2273 524 2324 ducuntur,
548 2288 652 2316 nam
676 2273 863 2316 liberum
886 2282 956 2316 est
979 2275 1182 2329 cogitare
1209 2281 1256 2317 et
1278 2276 1427 2316 vivere
1450 2289 1476 2316 a
1499 2275 1712 2325 Domino,

211 2351 264 2380 ac
290 2351 470 2380 servum
496 2345 566 2380 est
593 2339 796 2392 cogitare
823 2345 869 2380 et
891 2340 1040 2380 vivere
1068 2353 1127 2380 ex
1153 2339 1352 2390 inferno;
1386 2339 1507 2394 quod
1530 2339 1592 2380 illi
1623 2341 1714 2381 sint

214 2401 428 2453 “liberi,”
447 2402 660 2444 videatur
684 2417 821 2457 supra
843 2413 889 2453 (n.
911 2404 1006 2455 248.
1029 2414 1211 2456 409[a·b]·
1233 2413 1381 2456 701[a],
1403 2413 1516 2456 774).
1576 2404 1714 2457 Quod

212 2465 437 2509 Dominus
467 2481 548 2522 per
578 2467 791 2508 Divinum
824 2481 952 2508 suum
981 2467 1152 2509 Verum
1185 2468 1350 2509 liberos
1376 2468 1524 2518 faciat,
1554 2469 1717 2510 dicitur

212 2530 332 2584 apud
357 2530 612 2579 Jolzannem
640 2530 758 2585 (cap.
783 2529 907 2572 mviii.
936 2530 1122 2585 32-36):
1157 2538 1203 2572 et
1230 2531 1350 2585 quod
1378 2531 1582 2581 ecclesia,
1608 2532 1714 2573 dum

212 2594 260 2636 in
285 2592 386 2649 [fide
427 2607 486 2636 ex
519 2607 672 2636 amore
704 2601 788 2643 est,
822 2595 866 2635 in
904 2601 1028 2636 statu
1060 2594 1202 2636 libero
1233 2595 1305 2644 sit,
1339 2601 1386 2636 at
1418 2608 1520 2636 cum
1551 2595 1595 2636 in
1628 2595 1716 2637 fide

213 2656 383 2712 absque
409 2671 564 2699 amore
590 2664 674 2706 est,
703 2658 746 2698 in
774 2664 897 2699 statu
929 2671 1061 2699 servo
1087 2658 1160 2706 sit,
1188 2664 1235 2699 et
1261 2658 1382 2711 quod
1414 2658 1458 2698 id
1490 2658 1718 2711 intelliga-

213 2726 287 2764 tur
331 2735 410 2775 per
451 2720 634 2762 Domini
675 2721 813 2762 verba
858 2721 977 2774 apud
1024 2721 1279 2769 Johamzem
1322 2720 1439 2775 (cap.
1481 2722 1577 2762 xxi.
1626 2721 1712 2775 18),

212 2782 457 2824 videantur
470 2778 614 2837 'supra
636 2793 682 2832 (n.
704 2783 868 2832 820[b]).
927 2782 1004 2823 Ex
1026 2782 1094 2823 his
1117 2783 1321 2837 sequitur
1338 2783 1459 2836 quod
1483 2797 1563 2836 per
1582 2787 1715 2824 “ser-

214 2846 328 2890 vos”
348 2847 663 2902 intelligantur
689 2848 763 2902 qui
790 2861 880 2889 non
913 2862 939 2888 a
965 2861 1013 2889 se
1045 2847 1124 2888 sed
1157 2848 1214 2888 ab
1246 2847 1342 2888 aliis
1383 2849 1605 2901 cogitant,
1635 2848 1716 2890 sed

213 2923 304 2953 non
330 2911 488 2952 vident
519 2925 577 2952 an
609 2924 764 2952 verum
803 2911 860 2952 sit
892 2909 965 2951 vel
1002 2910 1176 2959 falsum,
1211 2917 1256 2952 et
1288 2925 1426 2965 usque
1459 2918 1715 2965 agnoscunt

213 2973 334 3028 quod
351 2983 506 3015 verum
526 2989 535 3026 ;
569 2974 689 3028 quod
713 2974 756 3015 hi
778 2975 893 3015 servi
916 2975 1020 3022 sint,
1045 2987 1146 3015 cum
1169 2974 1231 3015 illi
1254 2975 1327 3028 qui
1354 2988 1413 3016 ex
1437 2987 1484 3015 se
1507 2975 1715 3028 cogitant

214 3034 340 3078 liberi
366 3043 486 3087 sunt,
515 3051 572 3079 ex
601 3037 822 3079 relatione
846 3038 1056 3091 opposita
1083 3044 1227 3091 patet.
