2008 3458
616 392 722 426 CAP.
747 393 863 434 xm,
887 393 1026 427 VERs.
1054 394 1197 427 1.—N.
1219 383 1399 440 850[d].
1618 357 1752 438 ‘'2367

254 511 426 570 guntur
461 510 541 562 per
580 507 893 562 “respondere
933 507 1088 550 Une'to
1129 512 1154 550 e
1190 507 1320 550 caelo
1356 486 1631 555 saneiitatis,
1673 520 1753 560 per

116 557 165 574 ”
186 598 189 602 -
214 592 215 595 =
253 569 447 612 virtutes
469 569 630 613 salutis
655 571 849 612 dextrae
877 571 1023 625 Ipsius
1042 571 1076 622 ;”
1107 585 1159 613 ac
1187 571 1381 613 salvatio
1403 569 1602 611 fidelium
1629 569 1749 616 inde.

253 645 335 688 per
350 637 377 654 ‘⁸
393 639 653 675 sustentare
670 647 754 675 nos
772 648 831 675 ex
848 633 1024 683 Sione,''
1038 640 1085 676 et
1102 638 1127 655 ‘⁶
1141 640 1327 698 cantare
1345 634 1389 675 in
1404 633 1553 674 salute
1569 632 1752 687 Ipsius.”

253 694 396 753 Apud
420 696 631 745 eundem,

319 789 513 835 “Jehovah
536 791 711 834 loquetur,
732 799 767 824 et
790 793 932 824 vocabit
950 799 1080 824 terram
1105 794 1150 824 ab
1173 798 1254 825 ortu
1273 793 1359 824 solis
1379 802 1492 833 usque
1515 791 1560 824 ad
1585 801 1750 824 occasum

455 859 463 868 .
486 845 494 873 ς
518 845 538 868 e
556 835 663 868 Sione
680 835 853 877 perfed'tio
871 837 1154 877 pulchritudinis,
1173 836 1270 868 Deus
1287 836 1492 876 effulgebit;
1513 835 1632 868 veniet
1654 834 1751 867 Deus

426 885 559 918 noster,
569 904 576 911 .
591 904 599 912 .
613 904 620 911 .
635 880 818 912 ‚clamabit
828 881 873 911 ad
886 880 1023 911 caelum
1035 890 1186 918 sursum,
1197 886 1233 911 et
1245 880 1290 911 ad
1304 887 1446 918 terram,
1461 879 1506 911 ad
1518 879 1750 920 judicandum

428 923 600 965 populum
618 933 721 955 suurn
737 933 744 962 ;
769 923 926 964 colligite
948 924 1039 956 Mihi
1056 922 1203 956 sanetos
1223 933 1324 956 meos
1336 923 1354 935 '¹
1372 923 1445 964 (Ps.
1465 923 1487 955 l.
1508 923 1601 962 1-5):

214 1066 220 1070 .
250 1014 324 1060 hic
349 1017 588 1060 manifeste
614 1019 766 1072 agitur
792 1018 849 1060 de
870 1017 1040 1071 judicio
1066 1032 1199 1073 super
1224 1031 1384 1059 omnes
1416 1031 1475 1059 ex
1507 1016 1658 1066 Sione,
1685 1017 1751 1059 ita

250 1093 312 1134 ex
348 1080 550 1123 Domino
587 1095 667 1136 per
703 1081 919 1123 Divinum
951 1081 1152 1133 Verum;
1194 1081 1424 1135 separatio
1460 1080 1682 1122 bonorum
1724 1094 1751 1122 a

239 1142 398 1193 malis,
429 1143 701 1198 intelligitur
731 1158 810 1199 per
845 1144 1084 1186 “Vocabit
1117 1151 1286 1186 terram
1317 1144 1376 1185 ab
1407 1149 1509 1184 ortu
1547 1143 1654 1184 solis
1691 1144 1748 1184 ad

249 1219 464 1253 occasum
485 1207 519 1259 ;’'
535 1207 751 1262 judicium
771 1221 904 1262 super
923 1220 1098 1257 omnes,
1115 1221 1194 1262 per
1211 1211 1236 1228 “
1250 1206 1479 1249 Clamabit
1498 1206 1554 1247 ad
1573 1206 1749 1247 caelum

237 1283 442 1322 sursum,
469 1277 518 1313 et
543 1271 602 1312 ad
629 1277 812 1321 terram,
836 1271 894 1312 ad
915 1270 1209 1325 judicandum
1235 1269 1451 1325 populum
1470 1269 1504 1321 ;”
1536 1268 1749 1311 colleffio

201 1328 203 1331 ’
239 1333 486 1384 bonorum,
517 1341 566 1376 et
607 1334 802 1376 salvatio
838 1334 1032 1383 illorum,
1065 1333 1338 1388 intelligitur
1375 1347 1454 1387 per
1488 1331 1746 1386 “Colligite

249 1396 364 1440 Mihi
384 1396 569 1440 sanctos
592 1411 719 1439 meos
737 1398 770 1449 ;”
803 1397 1016 1439 Divinum
1039 1396 1227 1446 Verum,
1251 1397 1296 1437 in
1318 1410 1408 1450 quo
1431 1395 1653 1437 Dominus
1675 1403 1746 1436 est

243 1455 294 1503 ‘in
325 1474 406 1503 sua
435 1460 597 1517 gloria,
624 1461 898 1515 intelligitur
923 1474 1002 1515 per
1030 1459 1111 1501 “E
1145 1459 1280 1501 Sione
1307 1457 1522 1513 perfectio
1547 1458 1746 1513 pulchri-

248 1524 434 1575 tudinis,
460 1524 585 1567 Deus
611 1523 886 1578 effulgebit.'’
946 1523 1086 1578 Apud
1112 1523 1321 1573 eundem,

314 1619 491 1654 “Didium
509 1621 671 1664 Jehovae
690 1622 736 1653 ad
758 1621 954 1653 Dominum
975 1630 1105 1658 meum,
1127 1604 1218 1652 Sede
1238 1620 1283 1652 ad
1303 1620 1467 1652 dextram
1487 1629 1616 1658 meam,
1636 1629 1748 1661 usque

421 1666 509 1699 dum
532 1675 689 1707 posuero
713 1665 879 1697 inimicos
899 1671 981 1697 tuos
1006 1665 1201 1696 scabellum
1223 1664 1354 1705 pedum
1375 1670 1540 1702 tuorum;
1569 1670 1747 1704 sceptrum

422 1709 562 1742 roboris
579 1709 630 1741 tui
647 1709 765 1741 mittet
782 1709 863 1741 Tibi
879 1708 1043 1751 Jehovah
1060 1718 1080 1740 e
1100 1707 1222 1747 Zione,
1240 1708 1427 1740 dominare
1444 1707 1480 1739 in
1498 1707 1617 1739 medio
1634 1707 1749 1739 inimi-

421 1763 545 1786 corum
563 1759 705 1785 tuorum
716 1753 734 1764 '¹
751 1753 824 1793 (Ps.
841 1763 894 1785 cx.
914 1761 941 1791 1,
960 1753 1014 1793 2):

239 1846 370 1902 quod
406 1846 520 1889 haec
561 1846 618 1888 de
659 1846 859 1888 Domino
894 1844 1016 1888 dieta
1052 1846 1159 1895 sint,
1194 1851 1354 1887 notum
1391 1851 1463 1886 est
1503 1859 1563 1886 ex
1601 1844 1748 1898 Ipsius

248 1909 434 1952 Domini
465 1909 614 1952 verbis
644 1910 764 1964 apud
789 1909 1071 1951 Mattlzaemn
1100 1907 1218 1963 (cap.
1246 1909 1358 1949 xxii.
1383 1907 1490 1963 44):
1525 1922 1604 1962 per
1633 1912 1746 1949 “se-

247 1974 355 2016 dere
371 1974 430 2016 ad
445 1974 659 2016 dextram
671 1974 690 1990 '’
706 1973 987 2028 significatur
1001 1973 1337 2026 omnipotentia
1352 1972 1518 2013 Divina
1534 1971 1719 2012 Domini
1736 1985 1746 2022 ;

238 2044 329 2093 'per
352 2041 560 2092 “ponere
582 2038 789 2079 inimicos
814 2036 1065 2078 scabellum
1089 2035 1295 2090 pedum,''
1318 2035 1598 2089 significatur
1621 2049 1747 2089 pror-

241 2114 323 2143 sus
337 2100 576 2155 subjugare
590 2107 636 2142 et
652 2101 943 2141 substernere
961 2099 1133 2140 inferna
1150 2112 1158 2140 :
1184 2112 1263 2153 per
1282 2102 1554 2152 “sceptrum
1572 2099 1747 2139 roboris

247 2177 273 2207 e
292 2155 435 2206 Zione
448 2163 764 2218 ”significatur
782 2163 996 2204 Divinum
1015 2162 1186 2204 Verum
1205 2163 1274 2203 cui
1291 2168 1362 2203 est
1381 2162 1716 2216 omnipotentia
1735 2176 1744 2212 ;

250 2227 435 2270 “Zion''
450 2234 522 2270 est
545 2227 722 2269 caelum
745 2227 819 2268 ubi
842 2226 1066 2267 Dominus
1087 2239 1167 2279 per
1190 2225 1404 2266 Divinum
1427 2238 1555 2266 suum
1574 2225 1746 2266 Verum

246 2297 438 2346 regnat3
470 2291 719 2332 dominium
747 2303 881 2344 super
906 2289 1079 2330 inferna
1104 2302 1184 2343 per
1209 2287 1333 2338 illud,
1362 2288 1642 2342 significatur
1668 2302 1747 2342 per

250 2354 523 2396 “dominare
562 2355 608 2395 in
649 2354 802 2395 medio
842 2351 1165 2394 inimicorum.'’
1234 2349 1368 2405 Quod
1411 2351 1746 2405 omnipotentia

248 2417 335 2468 soli
366 2417 568 2460 Domino
598 2418 673 2467 sit,
701 2423 748 2459 et
781 2416 902 2471 quod
933 2415 1012 2457 illa
1043 2416 1102 2457 sit
1135 2415 1226 2470 Ipsi
1259 2428 1338 2469 per
1370 2415 1585 2456 Divinum
1617 2427 1746 2455 suum

247 2479 438 2529 Verum,
469 2479 681 2521 videatur
711 2491 848 2532 supra
879 2488 924 2527 (n.
946 2476 1073 2530 726);
1113 2476 1236 2530 quod
1267 2476 1416 2516 omnis
1447 2476 1658 2529 potentia
1689 2476 1747 2516 sit

246 2544 365 2587 veris
390 2557 451 2586 ex
476 2543 613 2592 bono,
641 2557 693 2584 ac
721 2543 891 2584 bonum
917 2548 964 2584 et
997 2541 1102 2582 inde
1127 2553 1283 2582 verum
1309 2553 1336 2580 a
1366 2539 1579 2588 Domino,
1607 2540 1747 2580 etiam

231 2616 386 2661 ‘supra
411 2615 457 2656 (n.
475 2615 570 2659 209,
590 2606 683 2658 338,
700 2603 909 2658 7160776,
925 2604 1040 2656 783).
1099 2602 1241 2656 Apud
1266 2600 1474 2650 Esaiam,

313 2700 517 2739 “Excitare,
538 2701 703 2737 excitare,
724 2699 831 2731 indue
856 2699 966 2730 robur
985 2703 1095 2735 tuum,
1117 2696 1202 2728 Sion
1219 2706 1227 2735 ;
1252 2696 1361 2728 indue
1380 2701 1499 2727 vestes
1523 2694 1662 2727 decoris
1687 2685 1748 2733 tui,

424 2744 689 2786 Hierosolyma,
707 2744 791 2775 urbs
809 2740 1012 2774 sanctitatis
1024 2740 1042 2752 '⁷
1060 2740 1122 2780 (lii.
1142 2740 1190 2780 1):

246 2841 461 2897 quoniam
493 2853 572 2894 per
600 2837 821 2879 “Sionem
835 2836 854 2852 '’
881 2835 1163 2890 significatur
1194 2834 1384 2883 caelum,
1418 2834 1492 2874 ubi
1525 2833 1748 2874 Dominus

247 2917 327 2959 per
349 2903 562 2944 Divinum
586 2914 715 2942 suurn
733 2899 905 2941 Verum
929 2904 1109 2951 regnat,
1133 2903 1181 2939 et
1204 2897 1416 2951 quoniam
1440 2896 1606 2937 Divino
1623 2895 1748 2937 Vero

224 2979 227 2981 ·
248 2972 319 3008 est
341 2966 489 3008 omnis
511 2964 734 3019 potentia,
755 2963 857 3003 ideo
880 2962 1059 3009 dicitur,
1082 2964 1108 2981 ‘⁴
1122 2959 1356 3007 Excitare,
1376 2959 1594 3006 excitare,
1613 2959 1746 2999 indue

247 3028 382 3071 robur
409 3034 552 3077 tuum,
581 3026 689 3068 Sion
707 3026 741 3077 ;”
773 3023 978 3066 doctrina
1009 3023 1114 3064 inde
1142 3021 1423 3077 significatur
1449 3035 1527 3076 per
1555 3026 1745 3064 “vestes

1848 0 1927 35 ‘',Jffrx
1951 0 2008 25 ΖὝ,·
