2008 3458
387 376 497 419 2228
800 383 1131 418 APOCALYPSIS
1161 385 1458 418 EXPLICATA.

387 497 506 538 mala
531 497 628 538 falsi
659 498 909 550 deperdent
941 512 1074 540 omne
1105 499 1270 540 bonum
1298 513 1464 547 eorum,
1493 498 1768 552 significatur
1792 511 1871 553 per

393 560 513 612 quod
543 561 709 613 “spina
735 561 777 600 in
805 561 1104 602 tabernaculis
1130 562 1319 603 eorum.'’
1378 562 1516 615 Apud
1541 562 1743 612 Esaiam,

453 656 472 669 “
483 655 550 696 Qui
567 656 702 687 habitat
720 666 825 696 super
838 657 968 687 circulo
986 662 1110 695 terrae,
1125 662 1159 688 et
1175 657 1393 689 habitatores
1411 657 1487 697 ejus
1505 658 1594 689 sicut
1610 657 1767 690 locustae
1781 667 1788 694 :
1813 658 1872 699 qui

561 700 822 782 egtgtgdsstjigft
831 706 943 782 2tgr-ue
957 700 1084 738 caelos,
1099 706 1134 731 et
1148 701 1316 741 expandit
1328 702 1418 732 sicut
1431 701 1697 732 tabernaculum
1710 701 1756 733 ad
1773 701 1872 733 habi-

393 830 634 871 “habitare
657 845 788 884 super
814 830 978 871 circulo
1004 837 1148 871 terrae
1161 831 1179 846 ⁷’
1201 831 1422 884 significat
1445 846 1576 885 super
1602 832 1743 882 caelo,
1767 845 1872 874 nam

390 892 565 933 caelum
591 894 731 933 ambit
758 900 922 933 terram
955 894 1068 934 sicut
1097 894 1284 934 circulus
1311 902 1540 945 centrum;
1578 895 1681 936 inde
1715 895 1871 936 Domi-

390 969 472 995 nus
487 963 671 996 vocatur
689 955 1019 1003 “Altissimus,”
1031 962 1076 996 et
1094 956 1340 997 “habitans
1354 958 1396 997 in
1411 957 1638 997 altissimis
1654 957 1688 998 :'’
1707 961 1733 978 “
1746 957 1872 999 habi-

389 1024 564 1058 tatores
587 1017 678 1070 ejus
704 1019 818 1058 sicut
841 1017 1081 1066 locustae,'’
1104 1018 1326 1071 significat
1349 1019 1552 1059 homines
1573 1020 1616 1059 in
1639 1020 1870 1070 extremis,

390 1093 494 1121 nam
515 1084 539 1100 “
554 1080 758 1121 locusta”
777 1080 999 1133 significat
1021 1081 1172 1121 vivum
1194 1082 1237 1121 in
1260 1081 1441 1130 ultimis,
1465 1082 1509 1122 in
1533 1077 1680 1134 specie
1702 1095 1870 1131 verum,

389 1149 435 1183 et
462 1143 504 1182 in
529 1143 740 1194 opposito
766 1156 898 1183 sensu
921 1142 1079 1183 falsum
1105 1143 1188 1182 ibi:
1226 1143 1336 1195 “qui
1363 1143 1572 1183 extendit
1598 1143 1711 1184 sicut
1738 1149 1872 1185 tenue

389 1205 577 1254 caelos‚”
602 1205 823 1257 significat
849 1206 1225 1258 omnipotentiam
1251 1205 1307 1245 ad
1334 1205 1696 1257 amplificandum
1723 1206 1873 1247 caelos

389 1282 447 1308 ex
467 1274 576 1308 nutu
596 1281 603 1308 :
641 1272 724 1308 “et
742 1268 960 1320 expandit
979 1269 1092 1308 sicut
1110 1267 1450 1308 tabernaculum
1468 1268 1524 1308 ad
1547 1268 1842 1309 habitandum
1854 1268 1873 1284 ''

389 1330 611 1383 significat
634 1330 805 1378 similia,
827 1330 906 1370 sed
929 1330 1038 1370 haec
1061 1329 1456 1382 amplificationem
1478 1330 1704 1371 caelorum
1725 1330 1874 1384 quoad

389 1393 522 1439 bona,
556 1399 600 1433 et
637 1392 713 1432 illa
743 1391 1138 1444 amplificationem
1170 1391 1346 1432 illorum
1378 1392 1525 1445 quoad
1558 1405 1675 1433 vera.
1735 1391 1874 1446 Apud

392 1454 652 1503 Hosclzeam‚

458 1542 761 1629 “Adhgicnfaciafrssi
780 1550 819 1618 t}
838 1544 997 1628 ὴῖξίῑειῐε
1018 1543 1053 1575 in
1080 1544 1325 1579 tabernaculis.
1345 1543 1447 1584 juxta
1470 1544 1546 1576 dies
1571 1545 1742 1585 temporis
1761 1543 1874 1577 stati”

577 1598 633 1619 xn.
654 1596 694 1618 10
765 1611 771 1619 .
828 1597 868 1627 ,9
914 1598 919 1619 :

389 1676 498 1717 haec
532 1676 586 1716 de
620 1676 878 1729 Ephraimo,
912 1676 984 1729 qui
1016 1675 1185 1716 ditatus
1216 1675 1331 1716 dixit
1361 1679 1446 1716 “se
1477 1676 1700 1716 invenisse
1731 1675 1875 1730 opes”

392 1738 525 1793 (vers,
552 1751 579 1791 9
607 1738 675 1791 [B.
703 1738 761 1778 A.
789 1738 872 1791 8])‚
902 1752 979 1791 per
1004 1752 1116 1791 quae
1143 1738 1421 1791 significatur
1446 1738 1563 1791 quod
1592 1739 1875 1792 cognitiones

389 1802 480 1841 veri
503 1802 583 1842 sibi
606 1802 932 1853 comparaverit
953 1815 962 1851 ;
990 1814 1067 1853 per
1087 1800 1411 1853 “Ephraimum
1427 1801 1447 1816 ”
1463 1802 1582 1842 enim
1600 1800 1875 1854 significatur

378 1862 645 1904 'intellectus
669 1863 820 1911 Verbi,
841 1877 891 1903 ac
915 1861 1220 1903 intellectuale
1238 1863 1454 1904 ecclesiae
1473 1878 1481 1914 ;
1514 1877 1649 1916 quare
1670 1862 1874 1908 “Adhuc

389 1927 590 1967 habitare
617 1934 661 1966 te
694 1927 852 1966 faciam
884 1927 927 1966 in
960 1926 1260 1966 tabernaculis
1279 1926 1298 1941 ''
1325 1925 1548 1979 significat
1575 1921 1695 1980 quod
1726 1925 1873 1967 adhuc

389 1990 433 2030 in
461 1989 650 2030 ecclesia
677 1990 749 2029 ubi
776 1989 969 2038 bonum;
1006 1988 1170 2041 “juxta
1196 1988 1289 2029 dies
1318 1990 1532 2041 temporis
1563 1989 1672 2029 stati
1689 1987 1708 2003 '’
1734 1988 1873 2041 signi·

390 2051 494 2092 ficat
526 2065 663 2104 usque
696 2051 801 2091 dum
834 2052 1118 2104 cognitiones
1149 2051 1252 2091 illae
1279 2058 1481 2104 pereunt.
1541 2051 1678 2104 Apud
1706 2050 1874 2093 Sacha-

393 2128 526 2162 raam,

563 2204 580 2217 “
591 2203 766 2234 Servabit.
781 2202 957 2244 ,Jehovah
975 2202 1204 2234 tabernacula
1220 2201 1380 2244 Jehudae
1393 2202 1508 2242 primo
1521 2201 1539 2214 '¹
1556 2201 1628 2242 (xii.
1647 2202 1699 2242 7):
1746 2247 1755 2256 ⁴

392 2290 724 2331 “tabernacula
749 2289 978 2342 Jehudae”
1000 2296 1102 2330 sunt
1125 2290 1244 2330 bona
1266 2289 1404 2331 Verbi
1431 2296 1476 2330 et
1499 2289 1618 2330 bona
1638 2289 1872 2340 ecclesiae,

391 2365 595 2404 nam-per
620 2352 907 2404 “Jehudam'’
924 2351 1201 2404 significatur
1222 2352 1437 2399 Verbum,
1462 2358 1507 2392 et
1530 2365 1706 2405 quoque
1728 2351 1873 2393 eccle-

389 2416 454 2456 sia
480 2415 626 2468 quoad
653 2415 819 2454 bonum
846 2415 1011 2454 amoris
1034 2415 1077 2454 in
1100 2415 1356 2454 Dominum.
1418 2414 1469 2454 In
1503 2413 1703 2463 Threm's,

463 2510 639 2542 Dominus
659 2510 836 2541 “tetendit
853 2519 990 2541 arcum.
1006 2510 1112 2541 ,sicut
1130 2510 1254 2546 hostis,
1271 2509 1430 2540 constitit
1449 2510 1574 2540 dextra
1595 2509 1681 2550 Ejus
1701 2507 1791 2542 sicut
1809 2510 1875 2542 ini-

564 2554 685 2590 micus,
711 2560 745 2584 et
773 2554 900 2584 occidit
929 2554 1050 2583 omnia
1074 2553 1321 2584 desiderabilia
1345 2553 1549 2591 oculorum;
1581 2553 1617 2584 in
1649 2554 1875 2585 tabernacula

564 2597 685 2628 Zionis
702 2596 825 2628 effudit
843 2597 932 2627 sicut
949 2597 1067 2636 ignem
1085 2597 1172 2627 iram
1190 2606 1290 2627 suam
1302 2595 1321 2608 ''
1338 2596 1385 2636 (ii.
1402 2597 1435 2635 4)
1450 2607 1457 2628 :

388 2685 498 2726 haec
526 2685 582 2725 de
608 2685 920 2725 devastatione
944 2684 1159 2725 ecclesiae
1182 2685 1329 2737 quoad
1356 2698 1460 2724 vera
1486 2690 1531 2725 et
1554 2684 1701 2737 quoad
1727 2684 1871 2736 bona;

390 2748 644 2788 devastatio
667 2748 812 2800 quoad
836 2761 940 2787 vera
962 2747 1068 2800 ejus,
1089 2747 1363 2800 significatur
1386 2747 1463 2799 per
1482 2746 1700 2788 “Occidit
1723 2748 1872 2788 omnia

389 2810 702 2850 desiderabilia
739 2809 968 2849 oculorum
987 2810 1019 2859 ;'’
1062 2816 1107 2850 et
1145 2809 1401 2850 devastatio
1438 2809 1584 2862 quoad
1624 2809 1755 2858 bona,
1795 2822 1873 2861 per

391 2871 599 2912 “Effudit
626 2873 734 2911 iram
767 2873 881 2912 sicut
913 2873 1063 2924 ignem
1095 2872 1138 2912 in
1165 2871 1455 2912 tabernacula
1481 2871 1682 2922 Zionis;”
1716 2871 1871 2912 “desi-

389 2934 632 2974 derabilia''
655 2935 697 2973 in
726 2934 878 2974 Verbo
905 2935 1113 2975 dicuntur
1137 2933 1192 2988 de
1219 2935 1347 2982 veris,
1372 2940 1418 2974 et
1447 2937 1471 2954 “
1488 2933 1632 2974 oculi”
1654 2933 1710 2973 de
1736 2931 1870 2973 intel-

389 2994 508 3044 lectu
534 2997 637 3045 veri,
670 2996 1031 3037 “tabernacula'’
1058 2997 1264 3037 dicuntur
1295 2997 1349 3037 de
1381 2997 1523 3046 bonis,
1551 3010 1601 3036 ac
1632 2997 1731 3036 “ira
1755 2996 1871 3036 sicut
