2008 3458
403 382 514 427 2354
813 381 1143 415 APOCALvPsrs
1174 383 1471 416 EXPLICATA.

399 495 488 535 sint
514 494 599 535 illis
625 494 698 548 qui
724 499 817 535 tam
844 493 1048 535 doctrina
1073 508 1205 548 quam
1228 496 1321 537 vita
1346 497 1389 537 in
1416 495 1502 538 fide
1527 496 1604 539 illa
1629 504 1745 548 sunt,
1769 496 1878 540 con·

399 564 518 598 stare
551 564 703 610 potest
735 571 794 598 ex
826 571 893 606 eo,
922 558 1023 611 quia
1053 556 1162 598 fides
1194 558 1289 599 sola
1316 558 1561 612 justificans
1592 574 1669 601 seu
1700 561 1879 602 salvans

399 624 468 661 est
494 621 602 660 haec
631 619 753 668 fides,
781 620 900 673 quod
925 621 1056 661 Pater
1078 621 1246 662 miserit
1275 621 1449 671 Filium,
1474 623 1547 676 qui
1568 623 1878 666 reconciliaret

399 682 490 723 Sibi
522 697 663 735 genus
704 683 947 724 humanum
988 697 1066 737 per
1095 685 1350 736 passionem
1387 687 1528 726 crucis
1560 692 1606 727 et
1637 687 1698 727 sic
1729 687 1881 728 subla:

398 746 569 785 tionem
596 746 924 796 damnationis;
958 747 1037 786 sed
1058 746 1201 800 qualis
1223 747 1332 788 haec
1356 747 1465 788 fides
1491 754 1574 797 est,
1593 755 1640 789 et
1661 749 1766 802 quid
1788 749 1879 791 veri

399 814 475 848 aut
507 821 597 848 non
623 809 714 848 veri
745 808 788 848 in
819 808 895 848 illa
926 815 1009 857 est,
1037 822 1168 862 supra
1199 810 1458 862 expositum
1490 817 1586 861 est;
1618 817 1664 852 et
1695 811 1879 866 quisque
1906 829 1916 832 <

399 870 548 911 videre
576 877 727 922 potest
753 871 872 924 quod
894 871 937 911 in
964 870 1040 911 illa
1070 870 1155 912 fide
1182 885 1271 912 non
1293 873 1350 913 sit
1377 873 1458 912 nisi
1484 885 1618 926 quam
1645 873 1877 926 cogitatio,

399 947 449 974 ac
474 934 581 974 nihil
603 935 748 985 vitae;
781 947 883 974 nam
907 934 1080 982 dicitur,
1100 935 1135 974 si
1160 935 1204 975 id
1230 948 1330 975 cum
1356 934 1515 976 fiducia
1536 942 1582 977 et
1608 936 1880 978 confidentia

399 996 633 1044 credimus,
659 996 742 1037 hoc
769 1004 852 1046 est,
877 997 1154 1050 cogitatione
1180 998 1478 1051 agnoscimus,
1499 999 1618 1052 quod
1644 999 1879 1041 salvemur.

399 1057 443 1099 Si
470 1059 589 1099 salus
615 1061 671 1100 sit
703 1061 746 1100 in
778 1060 860 1101 hac
887 1060 983 1101 sola
1009 1060 1108 1109 fide,
1137 1061 1239 1114 quid
1267 1074 1376 1113 ergo
1402 1067 1507 1101 tunc
1535 1074 1646 1114 opus
1671 1067 1741 1102 est
1766 1061 1878 1102 scire

399 1121 503 1174 quid
540 1135 664 1162 amor
703 1123 747 1163 in
788 1123 1045 1171 Dominum,
1085 1123 1189 1176 quid
1229 1123 1422 1163 charitas
1463 1136 1570 1176 erga
1597 1124 1878 1176 proximum,

399 1184 503 1236 quid
529 1186 622 1225 vita
658 1186 862 1234 hominis,
896 1199 947 1226 ac
979 1186 1097 1226 vitae
1138 1185 1257 1225 bona
1293 1191 1339 1226 et
1376 1185 1508 1234 mala,
1542 1185 1646 1239 quid
1681 1186 1881 1226 remissio

401 1253 703 1298 peccatorum,
732 1248 836 1301 quid
863 1248 1120 1289 reformatio
1146 1254 1191 1288 et
1214 1248 1527 1300 regeneratio?
1558 1261 1707 1289 annon
1733 1248 1882 1289 omnia

399 1308 475 1362 illa
501 1317 604 1350 sunt
631 1310 726 1350 sola
751 1310 827 1350 illa
852 1310 991 1351 fides?
1051 1309 1096 1351 Si
1122 1311 1346 1364 quaeritur
1368 1310 1472 1364 quid
1494 1310 1694 1351 remissio
1720 1323 1880 1362 pecca-

400 1378 562 1419 torum,
587 1386 737 1412 annon
764 1380 833 1413 est
860 1373 956 1413 sola
981 1372 1056 1413 illa
1082 1372 1224 1413 fides?
1255 1373 1289 1412 si
1312 1373 1537 1426 quaeritur
1559 1372 1663 1426 quid
1689 1372 1882 1413 charitas

400 1447 508 1486 erga
530 1436 796 1487 proximum,
821 1449 970 1475 annon
993 1442 1062 1476 est
1085 1435 1181 1476 sola
1207 1435 1282 1475 illa
1303 1434 1443 1476 fides?
1474 1436 1508 1475 si
1531 1435 1755 1488 quaeritur
1775 1433 1880 1488 quid

400 1503 469 1537 est
492 1497 695 1547 ecclesia,
715 1512 865 1539 annon
888 1505 957 1539 est
980 1498 1075 1539 sola
1097 1497 1172 1538 illa
1193 1497 1334 1538 fides?
1383 1498 1454 1538 Ita
1471 1498 1512 1538 in
1531 1497 1720 1551 reliquis.
1771 1497 1882 1538 Inde

401 1567 529 1614 patet
552 1561 670 1614 quod
693 1561 771 1601 illa
796 1561 893 1602 sola
918 1560 1028 1602 fides
1051 1561 1340 1614 absorpserit,
1360 1567 1406 1601 et
1424 1561 1549 1614 quasi
1571 1560 1706 1601 draco
1723 1559 1882 1614 deglu-

402 1623 553 1664 tiverit
585 1625 736 1664 omnia
761 1638 867 1665 vera
898 1630 944 1665 et
982 1624 1101 1664 bona
1126 1623 1267 1664 Verbi
1298 1630 1343 1664 et
1376 1624 1478 1664 inde
1510 1622 1742 1672 ecclesiae,
1769 1620 1883 1676 quae

402 1692 556 1726 tamen
579 1687 921 1727 innumerabilia
945 1693 1064 1735 sunt,
1093 1693 1138 1727 et
1166 1700 1244 1739 per
1269 1700 1382 1740 quae
1409 1686 1553 1726 omnis
1579 1685 1884 1738 intelligentia

402 1755 447 1788 et
475 1749 696 1802 sapientia
722 1755 792 1790 est
819 1749 1007 1802 angelis,
1027 1755 1073 1790 et
1095 1763 1173 1802 per
1195 1763 1307 1802 quae
1330 1749 1474 1789 omnis
1501 1748 1619 1789 salus
1645 1754 1714 1789 est
1737 1747 1883 1796 homi·

402 1811 544 1851 nibus.
608 1810 724 1864 Quia
746 1826 824 1865 per
845 1811 968 1852 illam
996 1811 1139 1852 solam
1161 1811 1295 1852 fidem
1319 1811 1582 1852 exsularunt
1605 1810 1755 1851 omnia
1779 1823 1885 1851 vera

402 1887 453 1914 ac
486 1874 604 1914 bona
641 1874 873 1923 ecclesiae,
907 1875 1106 1928 sequitur
1137 1874 1256 1928 quod
1295 1874 1397 1914 loco
1428 1873 1604 1914 illorum
1644 1874 1734 1914 sint
1773 1871 1885 1913 salsa

403 1943 449 1977 et
486 1937 589 1977 inde
622 1937 754 1986 mala,
783 1943 829 1978 et
860 1943 1191 1990 consequenter
1222 1936 1414 1977 ecclesia
1446 1937 1711 1986 devastata;
1746 1935 1885 1976 immo

403 2001 555 2048 etiam,
584 2013 663 2053 per
688 2000 773 2040 hoc
797 2013 965 2049 verum,
994 2000 1115 2054 quod
1142 1999 1279 2040 homo
1306 2013 1365 2039 ex
1389 2013 1435 2039 se
1458 2012 1548 2038 non
1573 1998 1719 2039 facere
1742 1996 1885 2051 possit

403 2064 570 2103 bonum
603 2063 723 2116 quod
763 2063 931 2103 bonum
964 2069 1047 2111 est,
1081 2061 1340 2115 rejiciuntur
1371 2061 1522 2102 omnia
1552 2074 1658 2101 vera
1688 2066 1734 2101 et
1766 2060 1886 2101 bona

404 2126 637 2173 ecclesiae,
665 2127 790 2178 quasi
816 2126 984 2166 homini
1011 2125 1145 2166 liceat
1172 2125 1233 2165 sic
1267 2125 1485 2165 desistere
1511 2123 1568 2164 ab
1598 2122 1686 2163 illis
1717 2122 1884 2163 sacien-

404 2189 486 2236 dis,
514 2189 615 2241 quia
642 2189 790 2241 potius
817 2187 1104 2236 damnabilia,
1129 2187 1164 2227 si
1190 2200 1280 2227 non
1306 2187 1440 2234 bona,
1468 2198 1600 2239 quam
1627 2184 1882 2226 salutifera:

404 2257 451 2291 et
489 2251 646 2290 mirum
687 2257 758 2291 est
795 2250 915 2304 quod
957 2263 1034 2303 per
1068 2262 1202 2289 unum
1236 2262 1390 2289 verum
1432 2248 1548 2289 male
1587 2245 1883 2295 intellectum,

405 2315 556 2354 omnia
586 2327 691 2354 vera
728 2319 774 2354 et
815 2313 934 2353 bona
973 2311 1191 2353 ecclesiae
1230 2312 1274 2352 in
1312 2318 1414 2352 toto
1446 2310 1689 2363 complexu
1720 2307 1886 2362 rejecta

406 2378 510 2417 sint.
573 2375 699 2416 Haec
736 2382 841 2416 sunt
879 2389 992 2429 quae
1029 2388 1107 2428 per
1142 2378 1412 2414 “numerum
1453 2373 1625 2414 bestiae
1665 2378 1887 2414 sexcenta

406 2439 648 2492 sexaginta
674 2444 720 2480 et
743 2452 825 2479 sex
838 2438 857 2454 ’'
878 2439 923 2478 in
949 2451 1082 2478 sensu
1109 2436 1324 2491 spirituali
1348 2435 1669 2489 significantur.

1995 474 2008 538 1ss
