2054 3464
405 385 513 433 2072
817 391 1150 425 APOCALYPSIS
1182 393 1478 426 EXPLICATA.

404 510 449 543 et
477 504 595 556 quod
622 504 696 544 “is
724 505 972 546 comederit
994 506 1027 555 ;”
1054 520 1132 559 per
1156 507 1334 547 “virum
1362 507 1587 548 mulieris”
1610 506 1887 561 significatur

403 565 652 616 rationale;
692 567 811 619 quod
845 574 952 608 tunc
985 569 1179 609 viderint
1211 583 1258 610 se
1297 570 1464 623 absque
1501 571 1617 610 veris
1657 577 1703 611 et
1741 571 1883 620 bonis,

402 627 678 680 significatur
705 643 782 682 per
807 630 926 683 quod
956 634 1101 671 “tunc
1129 632 1272 684 aperti
1299 632 1387 672 sint
1414 632 1531 672 oculi
1563 633 1811 682 amborum,
1838 640 1884 675 et

402 691 700 742 cognoverint
732 693 852 744 quod
886 693 990 733 nudi
1021 693 1135 743 illi;’'
1169 694 1426 741 “nuditas,”
1453 709 1566 747 quae
1594 695 1882 744 erubescitur,

401 752 626 805 significat
658 754 1018 807 deprivationem
1051 757 1214 796 amoris
1247 757 1457 797 caelestis
1490 764 1535 797 et
1567 758 1670 797 inde
1701 757 1807 798 boni
1838 764 1884 799 et

400 814 518 853 veri:
565 821 611 854 et
651 815 772 868 quod
812 822 920 855 tunc
961 817 1189 857 induerint
1234 831 1281 857 se
1325 818 1442 857 veris
1487 818 1787 868 naturalibus,
1827 832 1884 859 ne

399 883 673 928 apparerent
718 877 943 930 deprivati
987 879 1103 919 veris
1147 879 1438 927 caelestibus,
1482 880 1764 932 significatur
1806 893 1885 933 per

399 938 520 990 quod
555 940 854 980 “consuerint
884 940 1040 980 folium
1070 940 1192 988 ficus,
1225 947 1271 982 et
1310 941 1498 982 fecerint
1534 943 1617 982 sibi
1648 942 1884 995 cingula;''

402 999 581 1040 “ficus’'
612 1001 838 1054 significat
875 1003 1132 1043 naturalem
1167 1003 1415 1051 hominem,
1448 1010 1494 1044 et
1529 1004 1722 1044 “solium
1757 1004 1884 1057 ejus”

399 1062 626 1115 significat
644 1077 799 1103 verum
818 1064 1129 1105 scientificum.
1189 1065 1474 1106 Describitur
1491 1073 1654 1119 postea
1675 1067 1883 1108 sensuale

398 1137 554 1165 eorum
580 1125 713 1179 quale
738 1125 905 1167 factum
932 1133 1018 1175 est,
1046 1141 1208 1180 nempe
1235 1129 1354 1180 quod
1381 1142 1428 1168 se
1458 1142 1641 1181 prorsus
1666 1130 1883 1170 averterit

398 1202 423 1227 a
454 1188 598 1236 caelo,
631 1194 677 1228 et
712 1190 991 1229 converterit
1028 1189 1085 1229 ad
1123 1191 1355 1238 mundum,
1389 1197 1434 1230 et
1471 1191 1533 1231 sic
1571 1204 1662 1231 non
1699 1191 1883 1245 aliquod

398 1251 611 1292 Divinum
633 1254 866 1305 receperit,
892 1267 969 1306 per
992 1252 1356 1294 maledictionem
1380 1255 1626 1307 serpentis;
1654 1268 1758 1296 nam
1781 1269 1883 1296 sen-

398 1315 520 1355 suale
557 1315 674 1367 apud
711 1315 939 1355 hominem
982 1329 1071 1356 non
1108 1323 1260 1369 potest
1297 1317 1537 1366 reformari,
1577 1331 1712 1371 quare
1739 1313 1884 1359 'modo

397 1383 653 1418 removetur
676 1391 775 1418 cum
799 1378 935 1418 homo
953 1378 1229 1428 reformatur,
1255 1380 1464 1432 quoniam
1488 1380 1692 1421 sensuale
1715 1381 1882 1422 adhae-

396 1447 465 1481 ret
484 1441 656 1492 corpori
675 1447 720 1481 et
744 1447 898 1481 exstat
917 1441 1098 1489 mundo,
1119 1448 1164 1481 et
1187 1442 1289 1482 ideo
1302 1441 1497 1494 jucunda
1513 1443 1630 1491 inde,
1650 1443 1763 1484 sicut
1781 1457 1882 1484 sen-

397 1504 466 1551 tit,
483 1509 616 1543 vocat
632 1503 774 1543 bona:
803 1503 906 1543 inde
925 1510 994 1543 est
1012 1504 1130 1556 quod
1147 1504 1320 1544 dicatur
1337 1505 1455 1557 quod
1475 1509 1499 1525 “
1513 1504 1674 1546 Semen
1690 1505 1882 1546 mulieris

397 1562 680 1606 conculcabit
707 1565 768 1605 illi
795 1572 943 1617 caput,
973 1573 1018 1606 et
1044 1565 1118 1606 ille
1146 1566 1295 1607 laedet
1323 1567 1583 1607 calcaneum
1610 1567 1716 1620 Ejus
1734 1567 1768 1618 ;''
1803 1581 1882 1621 per

399 1627 605 1668 “Semen
643 1628 867 1668 mulieris”
899 1628 1166 1681 intelligitur
1203 1629 1434 1678 Dominus,
1469 1643 1547 1682 per
1580 1633 1753 1682 “caput
1788 1644 1880 1671 ser-

396 1690 575 1743 pentis”
608 1704 741 1731 omne
773 1691 953 1739 malum,
987 1697 1033 1731 et
1065 1705 1143 1743 per
1177 1691 1475 1732 “calcaneum
1507 1692 1718 1733 Domini'’
1740 1693 1880 1746 ›signi-

396 1753 553 1794 ficatur
571 1753 780 1793 Divinum
800 1753 969 1793 Verum
992 1754 1035 1793 in
1058 1753 1238 1802 ultimis,
1258 1754 1377 1806 quod
1400 1755 1517 1807 apud
1536 1768 1616 1795 nos
1634 1761 1703 1796 est
1725 1768 1880 1796 sensus

395 1816 573 1856 litterae
597 1816 762 1866 Verbi;
795 1817 911 1856 hunc
936 1816 1151 1856 sensualis
1174 1816 1323 1865 homo,
1349 1831 1424 1857 seu
1447 1817 1651 1857 sensuale
1673 1818 1878 1868 hominis,

395 1879 611 1932 pervertit
644 1886 689 1919 et
721 1878 938 1925 falsificat,
958 1885 1013 1933 et
1045 1880 1105 1919 sic
1138 1879 1288 1919 laedit.
1351 1879 1483 1931 Quod
1515 1893 1670 1920 sensus
1701 1880 1878 1922 litterae

395 1948 569 1997 tutetur
592 1955 646 1982 ne
670 1942 857 1982 adeatur
875 1942 1094 1982 Dominus
1117 1942 1198 1981 nisi
1222 1955 1353 1994 quam
1377 1955 1454 1994 per
1470 1943 1754 1994 apparentias
1772 1944 1877 1991 veri,

394 2011 440 2045 et
470 2018 558 2044 non
586 2018 664 2056 per
689 2005 882 2056 genuina
907 2018 1024 2052 vera,
1053 2004 1109 2044 ab
1135 2004 1220 2044 illis
1246 2005 1317 2057 qui
1343 2005 1386 2044 in
1413 2004 1540 2044 malis
1566 2011 1683 2054 sunt,
1711 2004 1878 2058 signifi-

395 2074 520 2108 catur
547 2081 624 2119 per
653 2067 947 2115 “cherubos,‘'
974 2067 1046 2120 qui
1078 2080 1178 2107 cum
1210 2067 1388 2106 flamma
1418 2067 1556 2119 gladii
1581 2069 1800 2108 vertentis
1831 2082 1878 2109 se

393 2131 528 2182 positi
569 2128 707 2170 [¹]sunt
748 2130 804 2170 ad
844 2130 1023 2170 hortum
1064 2129 1246 2178 Edenis,
1286 2130 1342 2169 ad
1379 2130 1722 2170 custodiendum
1761 2131 1878 2172 viam

393 2194 565 2234 arbOriS
583 2195 792 2233 vitarum.
852 2204 930 2242 (Sed
949 2205 1028 2232 haec
1043 2209 1074 2232 et
1089 2204 1210 2241 reliqua
1224 2204 1350 2232 illorum
1367 2204 1505 2241 capitum
1522 2204 1688 2234 videantur
1699 2204 1732 2233 in
1742 2205 1879 2234 Arcamk

397 2258 583 2286 caelestibus
597 2257 778 2294 explicata.)

471 2331 584 2375 740
593 2322 686 2375 [a].
719 2322 922 2362 “Vocatus
938 2322 1119 2362 diabolus
1135 2325 1178 2361 et
1189 2321 1596 2374 satanas.''—Quod
1615 2320 1876 2374 [²]significet

392 2387 496 2440 quia
522 2387 705 2426 interius
728 2393 830 2426 sunt
851 2387 894 2426 in
917 2386 1047 2426 malis
1069 2393 1110 2426 et
1129 2386 1176 2426 z'n
1189 2386 1334 2437 falsis
1356 2400 1466 2439 quae
1485 2385 1539 2426 ab
1561 2386 1744 2437 inferno,
1769 2399 1876 2427 con-

392 2456 484 2489 stat
517 2463 575 2489 ex
603 2449 929 2501 significatione
958 2449 1161 2489 “diaboli
1188 2455 1233 2488 et
1260 2448 1483 2495 satanae,''
1509 2449 1627 2501 quod
1659 2449 1714 2488 sit
1746 2449 1875 2489 infer-

392 2526 498 2551 num
530 2512 678 2565 quoad
711 2512 830 2551 mala
862 2518 907 2551 et
940 2512 1089 2564 quoad
1119 2511 1233 2551 falsa
1264 2522 1318 2560 (de
1333 2531 1397 2559 qua
1411 2522 1592 2561 sequitur);
1633 2511 1752 2564 quod
1783 2512 1875 2552 sint

391 2577 463 2628 qui
493 2575 712 2628 [interius]
741 2577 784 2615 in
817 2575 944 2614 malis
977 2582 1022 2615 et
1054 2575 1156 2615 inde
1187 2575 1305 2614 falsis
1332 2581 1449 2622 sunt,
1478 2581 1546 2615 est
1578 2575 1680 2627 quia
1710 2574 1772 2615 illi
1803 2576 1875 2628 qui

392 2639 461 2678 hic
489 2652 566 2691 per
595 2637 907 2678 “draconem'’
930 2637 1254 2690 intelliguntur,
1283 2636 1347 2689 [et
1374 2636 1464 2690 qui]
1493 2644 1711 2677 vocantur
1738 2637 1873 2677 “dia-

390 2701 519 2741 bolus
556 2707 601 2740 et
638 2700 858 2748 satanas,’‘
890 2713 979 2740 non
1017 2700 1215 2740 exterius
1256 2699 1370 2739 tales
1402 2706 1518 2746 sunt,
1554 2700 1632 2739 sed
1664 2700 1871 2750 interius3

391 2761 623 2803 [³³exterius
650 2763 767 2803 enim
800 2762 1041 2815 loquuntur
1071 2763 1184 2802 sicut
1213 2761 1415 2801 homines
1442 2761 1671 2810 ecclesiae,
1700 2768 1746 2802 et
1777 2762 1872 2815 qui-

391 2827 495 2866 dam
532 2827 644 2866 sicut
682 2825 830 2878 angeli
868 2825 991 2873 caeli,
1031 2825 1086 2865 de
1124 2825 1236 2872 Deo,
1273 2825 1327 2864 de
1365 2825 1573 2872 Domino,
1613 2825 1668 2865 de
1704 2824 1791 2864 fide
1827 2830 1872 2865 et

390 2903 541 2929 amore
564 2890 606 2928 in
631 2889 794 2940 Ipsum,
820 2888 962 2941 deque
986 2887 1111 2928 caelo
1133 2894 1178 2927 et
1201 2887 1382 2935 inferno,
1408 2894 1452 2927 et
1475 2901 1533 2927 ex
1557 2887 1709 2927 Verbo
1731 2886 1873 2927 multa

390 2951 659 3003 depromunt
697 2964 774 3002 per
813 2949 925 3003 quae
963 2964 1041 2989 sua
1077 2950 1293 3002 dogmata
1329 2948 1620 2999 confirmant;
1663 2949 1765 2989 inde
1801 2955 1871 2988 est

390 3014 508 3066 quod
534 3027 611 3066 per
637 3013 861 3054 exteriora
887 3013 996 3053 haec
1025 3010 1246 3065 conjuncti
1274 3013 1360 3052 sint
1388 3012 1526 3061 caelo,
1552 3018 1597 3052 at
1624 3025 1728 3052 vero
1754 3011 1870 3051 inte-
