2008 3458
387 388 499 442 2376
634 378 643 390 ⁸
801 396 1133 430 APOCALYPSIS
1165 398 1460 431 EXPLICATA.

387 523 477 550 non
515 508 618 550 sunt
657 509 758 557 duo,
792 508 871 549 sed
909 523 996 549 una
1033 523 1238 562 persona,
1272 523 1450 563 prorsus
1483 510 1597 550 sicut
1635 494 1784 551 anima
1819 515 1866 552 et

385 585 560 625 corpus,
595 578 643 612 ut
675 571 804 612 claris
836 572 983 612 verbis
1015 572 1178 612 dicitur
1208 572 1252 612 in
1292 572 1402 613 Fide
1435 572 1778 623 Athanasiana;
1820 579 1866 614 et

385 635 487 687 quia
524 635 646 675 Deus
683 640 729 674 et
768 634 920 674 Homo
957 635 1000 674 in
1038 634 1235 675 Domino
1272 648 1361 675 non
1398 641 1502 675 sunt
1539 635 1628 675 duo
1664 635 1743 675 sed
1779 646 1867 676 una

387 696 595 744 Persona,
621 702 667 737 et
693 697 753 736 sic
781 697 905 737 unita
931 697 1047 737 sicut
1073 697 1223 737 anima
1249 703 1295 738 et
1319 710 1493 750 corpuS,
1521 698 1721 750 sequitur
1747 697 1867 751 quod

387 758 597 799 Divinum
635 759 753 812 quod
791 759 987 799 Domino
1028 759 1108 800 suit
1149 773 1208 799 ex
1246 761 1544 812 conceptione
1581 760 1711 800 fuerit
1747 760 1867 814 quod

385 823 565 861 vocavit
599 821 856 869 “Patrem‚’'
890 835 941 861 ac
981 821 1192 862 Divinum
1232 822 1491 862 Humanum
1529 821 1647 875 quod
1684 822 1866 863 vocavit

387 883 628 932 “Filium‚”
660 890 990 937 consequenter
1022 884 1141 938 quod
1174 891 1412 938 utrumque
1443 884 1572 925 fuerit
1605 884 1721 938 Ipse.
1789 882 1865 925 Ex

384 945 454 986 his
476 959 591 986 nunc
611 953 820 987 constare
839 953 992 1000 potest
1015 947 1135 1000 quod
1158 961 1236 1000 per
1253 951 1278 967 ‘⁴
1295 960 1460 987 nomen
1484 946 1626 987 Patris
1649 947 1865 1000 scriptum

383 1009 427 1048 in
450 1007 668 1049 frontibus
691 1008 908 1056 illorum,'’
930 1008 1212 1062 intelligatur
1236 1009 1457 1050 Dominus
1480 1009 1627 1062 quoad
1651 1008 1865 1050 Divinum

385 1071 542 1125 Ipsius.

1005 1231 1141 1254 VERSUS
1165 1231 1196 1261 2,
1213 1231 1245 1264 3.

465 1292 597 1346 853·
636 1307 696 1333 ”ft
712 1307 810 1333 audiv!
825 1313 918 1333 uocem
938 1313 953 1333 e
971 1308 1059 1337 caelo,
1075 1308 1213 1339 tanquam
1234 1314 1328 1333 vocem
1347 1313 1486 1339 aquarum
1505 1307 1667 1337 multarum,
1683 1307 1714 1332 et
1730 1306 1867 1338 tanquam

385 1353 479 1373 vocem
493 1347 614 1372 tonitrui
627 1346 723 1379 maqm'
730 1355 740 1377 ,·
760 1348 790 1373 et
803 1354 897 1373 vocem
911 1347 1008 1373 audiui
1020 1347 1252 1373 citharaedorum
1265 1346 1443 1378 pulsantium
1456 1346 1486 1372 Ῐη
1499 1346 1622 1372 citharis
1634 1345 1707 1373 suis.
1736 1345 1770 1373 ft
1781 1352 1869 1372 eane·

385 1384 456 1410 bant
467 1385 602 1416 tanquam
615 1385 756 1410 cantio-um
770 1391 870 1410 novum
884 1391 979 1410 coram
993 1385 1105 1414 throno,
1118 1376 1148 1410 ei
1160 1391 1255 1410 coram
1269 1386 1393 1416 quatuor
1402 1383 1584 1414 annuamus.
1595 1385 1627 1411 et
1638 1383 1820 1415 senioribuu
1838 1385 1870 1410 et

384 1429 466 1448 nemo
481 1423 598 1453 poterat
611 1423 724 1449 discere
740 1423 892 1453 canticum,
907 1423 966 1449 nisi
980 1430 1063 1454 quam
1079 1422 1123 1448 ΙΙΙῘ
1137 1423 1249 1448 centum
1266 1422 1459 1455 quadraqinta
1477 1423 1600 1454 quatuor
1612 1422 1711 1452 milita,
1725 1421 1816 1454 empti
1831 1421 1869 1448 de

384 1460 499 1486 terrast

430 1533 461 1556 2.
497 1524 559 1558 “Et
572 1524 691 1558 audivi
706 1535 819 1559 rocem
837 1535 855 1559 e
873 1526 976 1563 caelo,
995 1528 1155 1569 tanquam
1174 1535 1286 1559 vocem
1302 1535 1469 1569 aquarum
1485 1525 1698 1564 multarum,”
1709 1523 1870 1566 significat

556 1569 832 1612 glorificationem
855 1570 1002 1601 Domini
1022 1581 1063 1601 ex
1078 1570 1221 1601 Divinis
1243 1570 1331 1601 veris
1349 1581 1433 1612 quae
1453 1570 1495 1600 ab
1517 1570 1590 1610 Ipso
1615 1569 1666 1612 [n.
1683 1567 1788 1611 854];
1814 1568 1873 1602 ὀἱ

566 1616 725 1656 tanquam
753 1623 866 1646 vocem
891 1613 1034 1647 tonitrui
1053 1613 1194 1657 magnif
1212 1613 1372 1655 significat
1389 1613 1665 1656 glorificationem
1687 1612 1834 1644 Domini
1853 1622 1871 1644 e

563 1668 664 1699 regno
680 1659 808 1689 caelesti
822 1658 931 1699 lpsim
950 1658 999 1700 [n.
1015 1657 1055 1699 85
1060 1657 1120 1700 5];
1148 1660 1206 1691 “et
1222 1666 1335 1691 vocem
1358 1656 1476 1690 audivi
1496 1656 1769 1690 eltharaedorum
1789 1657 1869 1700 pul-

562 1701 712 1734 santitlm
727 1700 761 1734 Ῐη
777 1701 918 1735 citharis
934 1701 1037 1740 suis,”
1049 1701 1210 1743 significat
1220 1701 1494 1744 glorificationem
1507 1701 1652 1733 Domini
1664 1711 1682 1733 e
1696 1711 1796 1743 regno
1805 1699 1868 1742 spi-

563 1746 686 1776 rituali
699 1745 808 1787 Ipsius
827 1746 876 1788 [n.
894 1745 990 1788 856].

431 1813 461 1846 3.
495 1804 558 1838 “ft
571 1805 739 1839 canebant
754 1807 913 1848 tanquam
930 1805 1097 1839 canticum
1114 1806 1265 1842 norum‚''
1281 1805 1441 1847 significat
1464 1805 1504 1837 de
1517 1805 1690 1846 agnitione
1706 1808 1738 1836 et
1750 1803 1870 1846 confes-

562 1850 655 1880 sione
669 1850 816 1881 Domini
833 1850 884 1892 [n.
903 1849 982 1892 857]
997 1861 1006 1888 ;
1029 1855 1164 1883 “coram
1181 1850 1309 1886 throno.
1327 1852 1363 1883 et
1377 1859 1491 1882 coram
1508 1851 1654 1892 quatuor
1668 1847 1870 1882 animalibus

565 1895 602 1926 et
614 1892 838 1930 senioribus‚''
854 1893 1014 1935 significat
1038 1895 1131 1935 apud
1142 1904 1251 1925 omnes
1274 1894 1310 1925 in
1330 1894 1485 1925 universo
1508 1893 1592 1924 caelo
1618 1893 1668 1936 [n.
1686 1891 1789 1934 858];
1815 1893 1872 1925 ’Ὄί

564 1946 663 1970 nemo
683 1940 823 1979 poterat
844 1937 978 1970 discere
1001 1937 1168 1970 canticum
1192 1937 1263 1971 nisi
1285 1947 1385 1981 quam
1409 1936 1460 1969 ῘΙΙῘ
1484 1939 1618 1970 centum
1644 1934 1870 1979 quadraginta

563 1983 711 2024 quatuor
727 1981 860 2018 millia,''
876 1981 1034 2022 significat
1058 1983 1147 2023 quod
1159 1982 1287 2024 agnitio
1303 1986 1333 2012 et
1347 1982 1499 2023 confessio
1513 1981 1660 2012 Domini
1671 1981 1776 2012 solum
1791 1980 1873 2023 (lari

554 2026 706 2066 potuerit
718 2027 812 2067 apud
825 2026 896 2056 illos
912 2026 973 2067 qui
994 2026 1031 2056 in
1043 2026 1118 2067 fide
1132 2036 1172 2056 ex
1195 2026 1367 2063 charitate,
1383 2036 1439 2056 seu
1462 2026 1499 2056 in
1515 2024 1605 2056 veris
1626 2035 1668 2055 ex
1690 2024 1770 2056 bono
1790 2027 1872 2055 sunt

565 2069 616 2111 [n.
645 2068 727 2111 859]
742 2081 751 2107 ;
792 2069 917 2111 “empti
945 2078 964 2102 e
995 2069 1116 2106 terra,''
1147 2069 1306 2111 significat
1336 2069 1398 2111 qui
1425 2068 1586 2100 instruat
1613 2071 1804 2110 receperunt
1831 2067 1870 2099 in

563 2114 689 2144 mundo
707 2113 758 2156 [n.
776 2112 872 2155 860}
1536 2120 1538 2124 ·

465 2201 598 2254 854·
624 2211 728 2249 [Vers.
745 2212 788 2250 2.]
815 2201 893 2241 “ft
906 2201 1039 2241 audivi
1051 2214 1184 2241 vocem
1200 2214 1223 2241 ε
1240 2201 1370 2248 caelo,
1385 2204 1574 2254 tanquam
1593 2212 1726 2240 vocem
1742 2212 1871 2252 aqua-

386 2273 475 2299 rum
498 2260 946 2312 multarum.”—Quod
969 2260 1192 2313 significet
1213 2260 1582 2313 glorificationem
1606 2258 1793 2299 Domini
1812 2272 1870 2299 ex
1928 2303 1930 2305 ,

385 2321 565 2361 Divinis
591 2322 708 2361 veris
734 2336 844 2374 quae
869 2322 922 2361 ab
948 2322 1066 2374 Ipso,
1095 2328 1277 2362 constat
1310 2336 1368 2362 ex
1398 2320 1725 2374 significatione
1750 2323 1867 2361 “vo-

387 2385 450 2424 cis
481 2398 505 2424 e
541 2383 707 2431 caelo,”
739 2384 857 2437 quod
896 2385 953 2425 sit
985 2384 1255 2437 glorificatio
1288 2384 1495 2434 Domini;
1538 2397 1642 2423 nam
1677 2387 1806 2423 “vox
1842 2395 1868 2424 e

387 2446 545 2486 caelo’'
572 2446 761 2488 involvit
788 2446 864 2486 illa
890 2461 1002 2500 quae
1029 2447 1132 2487 inde
1160 2445 1279 2487 dieta
1305 2452 1423 2494 sunt,
1452 2452 1498 2486 et
1530 2459 1645 2486 nunc
1673 2458 1867 2498 sequun-

387 2515 472 2557 tur,
501 2515 547 2549 et
577 2523 689 2562 quae
721 2510 936 2562 imprimis
964 2510 1255 2550 continentur
1281 2510 1324 2549 in
1354 2510 1572 2549 “cantico
1604 2507 1763 2556 novo‚”
1789 2521 1868 2561 per

386 2572 504 2624 quod
528 2571 806 2624 significatur
827 2573 1000 2624 agnitio
1023 2578 1068 2612 et
1094 2572 1316 2612 confessio
1341 2571 1547 2612 Domini:
1582 2577 1628 2611 et
1650 2584 1709 2611 ex
1728 2570 1868 2623 signi·

386 2634 595 2675 ficatione
616 2638 864 2687 “aquarum
888 2634 1170 2682 multarum‚'‘
1188 2634 1306 2687 quod
1331 2635 1420 2674 sint
1442 2634 1605 2674 Divina
1627 2646 1732 2674 vera
1754 2645 1868 2686 quae

386 2711 412 2737 a
454 2697 662 2737 Domino.
738 2696 871 2749 Quod
913 2711 991 2750 per
1035 2696 1240 2750 “aquas”
1282 2698 1325 2736 in
1366 2696 1521 2736 Verbo
1561 2695 1870 2748 significentur

390 2758 556 2798 Divina
586 2772 706 2805 vera,
737 2759 943 2798 videatur
978 2771 1113 2810 supra
1148 2759 1386 2809 (n.71,483,
1406 2758 1530 2809 518);
1571 2763 1618 2797 et
1653 2757 1755 2810 quia
1791 2755 1869 2796 illa

388 2833 467 2871 per
491 2823 515 2839 “
532 2819 702 2872 aquas”
724 2819 1046 2872 significantur,
1071 2820 1171 2860 ideo
1198 2819 1403 2872 loquelae
1430 2833 1453 2859 e
1480 2818 1607 2859 caelo
1629 2818 1869 2859 audiuntur

389 2881 656 2934 quandoque
697 2882 811 2922 sicut
854 2895 990 2922 sonus
1031 2894 1244 2934 aquarum
1286 2881 1532 2929 fluentium,
1574 2879 1780 2920 similiter
1818 2886 1868 2921 ut

386 2943 540 2983 audita
558 2950 627 2984 est
642 2958 733 2984 vox
758 2940 856 2984 Filii
879 2944 1072 2984 hominis
1095 2945 1138 2984 in
1157 2944 1305 2984 medio
1320 2943 1691 2984 candelabrorum
1709 2942 1867 2983 ambu-

388 3005 539 3055 lantis,
