2008 3458
653 361 760 394 CAP.
785 361 900 404 ΚΝ,
925 363 1062 397 VERS.
1086 366 1261 398 20.-—N.
1284 368 1380 411 923.
1652 369 1764 412 2479

266 473 546 532 significatur
562 474 847 527 inte11e6³ms;
881 483 926 518 et
950 478 1067 531 apud
1089 478 1190 520 illos
1209 480 1366 534 quibus
1389 494 1479 522 non
1503 479 1762 523 intelleSms

116 540 145 548 ⁴*
203 581 205 583 ,
263 542 352 590 est,
395 552 475 593 per
516 539 726 593 “equos'’
766 540 1075 593 significantur
1115 543 1483 584 ratiocinationes
1528 558 1586 585 ex
1628 544 1760 585 falsis.

267 601 380 644 Inde
402 608 531 656 patet
552 602 658 657 quid
681 603 958 656 significatur
983 618 1062 658 per
1086 609 1110 625 “
1125 605 1294 647 frenum
1308 606 1326 622 ”
1349 607 1466 660 apud
1485 606 1687 656 Esaiam,

298 720 301 721 ⁷
333 691 501 724 “Ponam
524 691 670 724 hamum
695 701 814 724 meum
833 692 868 724 in
890 703 1016 724 nasum
1038 701 1147 732 tuum,
1168 701 1203 726 et
1223 694 1363 727 frenum
1385 706 1503 728 meum
1524 696 1559 727 in
1580 696 1673 728 labia
1692 703 1762 734 tua,

441 741 478 768 et
493 736 659 768 reducam
677 741 711 768 te
728 746 791 777 per
807 737 902 768 viam
921 747 983 777 per
999 747 1104 779 quam
1123 739 1252 770 venisti
1265 738 1283 750 ’'
1300 740 1443 779 (xxxvii.
1462 741 1536 781 29):

264 808 379 854 haec
410 811 467 854 de
492 808 599 866 rege
631 811 865 862 Aschuris‚
895 826 974 866 per
1005 827 1139 867 quem
1170 814 1447 868 significatur
1477 816 1762 857 ratiocinatio

38 900 43 912 2
69 883 101 918 ’ζ
211 872 216 919 f
265 887 326 917 ex
350 872 498 927 falsis;
532 888 636 916 nam
662 889 742 928 per
765 875 1094 917 “Aschurem’'
1116 877 1159 918 in
1186 877 1306 918 bono
1331 892 1463 919 sensu
1486 878 1762 932 significatur

207 959 235 969 ⁴-
265 938 515 990 rationale;
553 953 635 980 rex
667 939 742 980 ille
774 940 876 993 quia
907 946 1014 980 tunc
1047 940 1286 982 obsidebat
1319 941 1683 994 Hierosolymam
1715 949 1761 983 et

259 1000 614 1074 >blasphemabat
637 1002 800 1051 Deum,
820 1003 860 1043 ei
882 1001 1052 1043 dictum
1075 1010 1144 1044 est
1167 1004 1316 1065 quod‘
1324 1009 1586 1076 ‘poneretur
1603 1005 1761 1046 hamus

154 1063 158 1066 ’
210 1091 213 1095 -
265 1058 311 1107 in
337 1077 495 1106 nasum
521 1064 641 1119 ejuS,'
645 1065 758 1118 ’per
783 1055 903 1119 quod
935 1055 1224 1119 significatur
1237 1068 1355 1120 quod
1389 1069 1427 1108 ei
1459 1069 1541 1108 erit
1572 1068 1760 1120 stupidi-

266 1133 339 1173 tas
369 1134 417 1170 et
457 1128 655 1178 fatuitas,
689 1142 795 1169 nam
847 1129 1022 1169 ‘nasus'
1026 1129 1289 1182 'significat
1332 1132 1681 1183 perceptionem,
1715 1138 1762 1172 et

268 1190 467 1234 “hamus
481 1191 500 1207 ”
526 1190 858 1233 extractionem
885 1191 992 1245 ejus,
1021 1193 1197 1246 proprie
1224 1193 1555 1234 immersionem
1581 1194 1625 1234 in
1657 1203 1760 1234 sen·-

265 1253 390 1300 suale
412 1268 692 1309 corporeum,
709 1255 830 1310 quod
853 1251 1113 1308 separatum
1136 1270 1161 1296 a
1183 1256 1390 1297 rationali
1413 1263 1482 1297 est
1505 1256 1732 1309 stupidum
1750 1269 1760 1307 ;

266 1324 364 1360 tum
391 1315 562 1360 dietum
587 1325 657 1359 est
680 1318 800 1373 quod
818 1318 1029 1372 “frenum
1056 1326 1298 1372 poneretur
1320 1320 1363 1360 in
1391 1319 1508 1360 labia
1533 1319 1664 1372 ejus,”
1684 1333 1762 1372 per

255 1378 390 1437 ‘quod
415 1380 692 1436 significatur
717 1382 890 1422 insania
921 1382 1070 1435 quoad
1102 1381 1383 1424 intellectum
1409 1384 1514 1431 veri,
1543 1396 1646 1423 nam
1666 1383 1761 1422 “la-

265 1444 370 1487 bia”
400 1443 658 1499 significant
690 1445 1020 1498 cogitationem
1058 1459 1117 1486 ex
1155 1444 1402 1495 intellectu,
1436 1460 1487 1487 ac
1522 1446 1762 1487 “frenum’‘

212 1511 214 1513 ’
265 1507 585 1551 Γεῐτειξὶίοῐιεῐῐι
603 1508 696 1562 ejus
713 1523 722 1560 ;
753 1512 779 1529 “
793 1509 1006 1550 reducere
1028 1508 1152 1550 illum
1170 1510 1213 1550 in
1226 1510 1343 1550 viam
1361 1523 1582 1564 perquam
1601 1510 1762 1558 venit,’‘

264 1571 492 1631 significat
513 1573 558 1614 in
580 1572 704 1622 falsa,
730 1586 808 1626 per
830 1586 945 1627 quae
968 1573 1214 1625 periturus;
1247 1586 1382 1626 quare
1405 1574 1631 1614 exercitus
1654 1573 1760 1626 ejus,

217 1646 223 1649 ·
265 1649 346 1691 per
375 1647 511 1691 quem
541 1636 654 1678 salsa
690 1635 1011 1690 significantur,
1046 1637 1220 1690 ingenti
1257 1636 1386 1677 clade
1418 1637 1561 1689 periit.
1621 1636 1761 1690 Apud

265 1699 476 1750 eundem,

333 1787 504 1822 “labia''
519 1787 679 1832 Jehovae
699 1789 837 1831 “plena
860 1795 943 1821 sunt
968 1789 1240 1830 indignatione„
1257 1789 1393 1830 .lingua
1418 1789 1535 1830 Ipsius
1559 1790 1648 1821 sicut
1669 1789 1762 1830 ignis

441 1833 645 1872 comedens,
655 1840 691 1865 et
707 1833 852 1874 spiritus
868 1833 985 1874 Ipsius
1000 1835 1089 1865 sicut
1103 1834 1234 1865 flumen
1249 1834 1437 1871 inundans,
1449 1843 1559 1874 usque
1576 1834 1618 1865 ad
1633 1834 1762 1865 collum

441 1876 651 1916 dimidiabit,
669 1877 714 1909 ad
733 1878 960 1909 cribrandum
979 1883 1106 1918 gentes
1124 1878 1238 1909 cribro
1256 1878 1435 1916 vanitatis,
1449 1883 1483 1908 et
1503 1877 1642 1908 frenum
1661 1878 1763 1909 sedu-

441 1930 527 1954 cens
544 1931 651 1962 super
664 1922 818 1954 maxillis
835 1922 1048 1962 populorum
1060 1921 1078 1933 ’'
1095 1922 1190 1960 (xxx.
1208 1929 1259 1960 27,
1278 1922 1351 1961 28):

240 2039 241 2042 ,
266 2010 347 2053 per
373 1996 569 2046 “labia‚”
597 1997 835 2051 “linguam
849 1997 867 2012 ”
894 2004 941 2039 et
966 1997 1465 2051 “spiritum'’Jehovae,
1486 1997 1763 2051 significatur

266 2059 482 2104 Divinum
504 2059 691 2110 Verum,
715 2060 835 2114 quod
862 2068 932 2102 est
955 2060 1173 2109 Verbum,
1198 2061 1255 2102 ab
1278 2061 1444 2102 ultimis
1467 2060 1559 2114 ejus
1581 2061 1637 2101 ad
1659 2061 1762 2102 inti-

267 2135 369 2175 ma3
415 2122 526 2165 illud
558 2130 628 2165 est
665 2124 786 2178 quod
823 2124 985 2166 dicitur
1017 2139 1115 2166 esse
1150 2124 1371 2177 “plenum
1412 2123 1764 2177 indignatione,’'

269 2187 425 2229 “sicut
455 2187 573 2241 ignis
604 2188 889 2237 comedens,'’
914 2195 960 2229 et
990 2189 1146 2230 “sicut
1178 2189 1343 2229 flumen
1374 2187 1634 2236 inundans,’'
1661 2201 1761 2228 cum

222 2300 226 2301 ⁷
267 2250 551 2302 adulteratur
590 2258 636 2292 et
677 2250 950 2301 falsificatur,
993 2266 1053 2292 ex
1095 2265 1228 2293 causa
1265 2252 1367 2305 quia
1406 2251 1676 2292 adulteratio
1716 2259 1762 2292 et

266 2313 520 2356 falsificatio
547 2314 640 2368 ejus
666 2314 836 2356 claudit
863 2314 1039 2356 caelum
1071 2315 1256 2364 homini,
1284 2329 1335 2356 ac
1368 2314 1577 2356 devastat
1610 2314 1760 2363 illum;

267 2390 329 2419 ex
354 2379 621 2432 apparentia
647 2378 767 2432 quod
793 2377 970 2419 caelum
997 2378 1080 2420 hoc
1107 2378 1255 2427 saciat,
1283 2392 1360 2419 seu
1383 2378 1501 2431 quod
1527 2377 1644 2418 idem
1677 2384 1760 2425 est,

268 2436 482 2482 Divinum
505 2440 678 2482 Verum
701 2455 759 2482 ex
778 2455 868 2495 quo
893 2441 1083 2489 caelum,
1107 2441 1268 2482 dicitur
1288 2441 1408 2494 quod
1431 2441 1470 2481 ei
1495 2441 1760 2493 indignatio,

268 2503 387 2557 ignis
408 2504 667 2553 comedens,
687 2511 733 2545 et
758 2504 922 2545 flumen
945 2504 1168 2545 inundans
1190 2504 1274 2544 sit:
1310 2507 1486 2556 “usque
1513 2503 1569 2543 ad
1596 2502 1762 2544 collum

266 2566 562 2616 dimidiabit,”
587 2567 812 2622 significat
839 2568 1204 2609 devastationem
1231 2566 1322 2619 ejus
1354 2580 1380 2606 a
1405 2566 1525 2606 falsis
1551 2580 1687 2619 usque
1715 2574 1763 2607 ut

267 2642 360 2672 non
385 2630 682 2685 intelligatur,
703 2644 807 2671 nam
831 2644 909 2683 per
930 2630 1136 2671 “collum
1149 2629 1168 2644 ’¹
1185 2628 1463 2683 significatur
1489 2627 1761 2681 conjunfflo,

269 2706 385 2748 quae
417 2694 533 2747 perit
565 2707 666 2735 cum
699 2694 895 2750 aufertur
926 2693 970 2734 id
1002 2693 1121 2746 quod
1154 2693 1264 2733 infra
1300 2698 1399 2733 est:
1436 2691 1531 2732 “ad
1565 2691 1763 2732 cribran-

259 2756 376 2798 ‘dum
416 2763 580 2811 gentes
627 2757 773 2798 cribro
813 2755 1069 2804 vanitatis,”
1110 2754 1334 2809 significat
1379 2754 1761 2795 adulterationem

268 2819 411 2862 Verbi
436 2833 515 2874 per
541 2820 760 2875 figmenta
785 2821 842 2861 ab
868 2819 953 2861 illis
981 2820 1054 2873 qui
1080 2819 1123 2859 in
1150 2818 1278 2859 malis
1309 2825 1442 2859 sunt:
1479 2821 1565 2858 “et
1591 2817 1763 2858 frenum

269 2883 491 2925 seducens
532 2897 665 2937 super
705 2883 901 2924 maxillis
943 2881 1251 2935 populorum,”
1292 2880 1516 2934 significat
1557 2879 1762 2921 falsifica-

269 2946 441 3003 tionem
467 2947 559 2988 veri
590 2948 634 2988 in
661 2946 818 2987 Verbo
849 2946 906 2986 ab
937 2945 1022 2986 illis
1054 2945 1127 2998 qui
1159 2945 1202 2985 in
1234 2943 1356 2985 salsis
1388 2950 1518 2994 sunt;
1554 2943 1763 2984 “frenum

269 3009 520 3052 seducens”
537 3016 606 3052 est
629 3011 806 3064 proprie
824 3007 1068 3050 abstractio
1086 3007 1142 3049 ab
1160 3005 1395 3048 intellectu
1413 3007 1503 3048 veri
1521 3020 1533 3057 ;
1561 3010 1585 3026 “
1599 3005 1764 3046 maxil-
