2054 3464
387 383 499 426 2014
801 383 1130 417 APOCALYPSIS
1161 385 1456 419 EXPLICATA.

383 502 685 546 removentur,
715 502 894 537 tantum
925 496 1062 538 homo
1093 497 1136 538 in
1168 499 1420 551 potentiam
1451 498 1703 552 angelicam
1731 499 1868 550 venit,

384 562 431 597 et
449 570 628 610 quoque
651 558 694 597 in
717 558 1092 610 intelligentiam,
1112 564 1158 599 et
1180 559 1229 600 fit
1247 559 1400 600 “filius
1422 560 1590 613 regni.”
1648 571 1713 610 (De
1729 570 1873 601 Potentia

383 620 593 658 Angelorum,
610 621 755 650 videatur
774 621 804 649 in
825 631 920 658 opere
942 622 991 650 De
1010 622 1099 651 Caelo
1114 626 1144 651 et
1158 623 1293 661 Inferna,
1309 632 1340 653 n.
1357 625 1515 661 228—233;
1540 628 1571 653 et
1591 624 1641 653 De
1662 624 1874 662 Intelligentia.

384 677 415 701 et
434 673 596 710 Sapientia
614 674 752 708 illorum,
773 683 803 703 n.
821 675 986 712 265—275.)

471 728 567 782 (vi.)
615 730 742 780 Quod
763 745 870 772 vera
898 731 1123 772 naturalis
1148 732 1338 773 hominis
1364 733 1482 773 nz’ltz'l
1495 733 1719 786 potentiae
1739 733 1870 775 habe-

384 798 463 832 ant
501 793 665 845 absque
703 793 777 833 illo
812 793 994 847 influxu,
1029 795 1228 848 sequitur
1263 802 1329 835 ut=
1350 809 1630 849 consequens
1666 810 1725 837 ex
1762 808 1872 837 mox

385 853 539 895 diffis:
573 870 679 895 vera
711 856 927 896 naturalis
959 857 1151 896 hominis
1183 857 1351 910 absque
1383 858 1552 898 influxu
1584 872 1663 911 per
1692 859 1871 912 spiritur

385 916 502 957 alem
545 918 787 966 hominem,
822 918 929 958 nihil
971 918 1151 959 Domini
1190 919 1234 959 in
1266 933 1313 959 se
1345 920 1528 968 habent,
1562 921 1665 961 inde
1696 934 1873 974 quoque

386 979 493 1019 nihil
534 981 679 1030 vitae;
729 987 775 1021 et
815 995 920 1021 vera
960 981 1128 1034 absque
1168 982 1262 1022 vita
1303 995 1391 1022 non
1433 989 1537 1023 sunt
1577 997 1696 1032 vera,
1735 984 1872 1024 immo

385 1042 570 1083 interius
597 1042 801 1095 spectata
827 1050 930 1084 sunt
957 1043 1093 1094 salsa;
1127 1057 1178 1084 ac
1210 1043 1330 1091 salsis
1357 1058 1535 1097 prorsus
1568 1045 1677 1085 nihil
1709 1052 1871 1098 poten-

386 1105 475 1145 tiae
508 1112 591 1154 est,
620 1107 721 1159 quia
753 1107 961 1159 opposita
991 1113 1094 1146 sunt
1126 1107 1254 1155 veris,
1289 1107 1446 1160 quibus
1478 1109 1622 1148 omnis
1653 1109 1872 1160 potentia.

388 1167 515 1208 Haec
557 1182 672 1208 nunc
714 1168 852 1208 allata
892 1174 1009 1216 sunt,
1051 1174 1099 1208 ut
1139 1169 1304 1210 sciatur
1344 1169 1448 1222 quid
1487 1169 1754 1222 intelligitur
1794 1183 1874 1223 per

387 1231 639 1282 potentiam
661 1231 752 1271 veri
779 1231 993 1271 naturalis
1019 1245 1077 1271 ex
1105 1231 1335 1284 spirituali,
1360 1245 1472 1285 quae
1496 1231 1773 1285 significatur
1795 1245 1873 1286 per

390 1293 603 1346 “virgam
641 1293 866 1341 ferream,'’
893 1307 979 1346 qua
1017 1292 1130 1333 filius
1168 1293 1391 1334 masculus
1428 1308 1487 1334 ex
1525 1294 1708 1336 muliere
1741 1301 1873 1336 natus

391 1358 586 1396 “omnes
612 1362 774 1408 gentes
802 1362 1008 1408 pasturus
1035 1356 1142 1396 est.”

466 1426 667 1479 727[a].
708 1426 842 1479 Quod
864 1426 1061 1479 “virga’'
1083 1432 1130 1467 et
1151 1426 1410 1467 “baculus’'
1427 1427 1684 1479 significent
1706 1433 1873 1481 poten-

375 1487 510 1535 tiam,
536 1495 580 1527 et
603 1488 782 1540 quidem
806 1489 1057 1540 potentiam
1082 1487 1231 1528 Divini
1254 1488 1375 1536 Veri,
1401 1494 1471 1529 est
1493 1489 1730 1541 praecipue
1751 1489 1871 1538 inde,

388 1550 491 1603 quia
513 1552 716 1590 termites
739 1557 815 1590 aut
842 1551 951 1590 rami
978 1564 1036 1590 ex
1063 1550 1293 1591 arboribus
1319 1557 1461 1600 erant,
1486 1557 1532 1592 et
1558 1551 1622 1591 illi
1648 1550 1873 1604 significa-

388 1613 498 1654 bant
536 1614 818 1666 cognitiones
855 1614 945 1653 veri
982 1619 1027 1653 et
1068 1613 1188 1661 boni,
1227 1627 1340 1666 quae
1378 1620 1482 1654 sunt
1518 1627 1624 1654 vera
1659 1613 1874 1655 naturalis

388 1676 606 1726 hominis;
640 1683 686 1716 et
713 1677 812 1728 quia
844 1677 980 1716 etiam
1013 1675 1324 1716 suffulciebant
1356 1689 1528 1729 corpus,
1557 1676 1874 1729 significabant

389 1739 667 1791 potentiam:
702 1745 747 1779 et
774 1738 918 1778 adhuc
952 1739 1094 1791 magis
1123 1739 1286 1791 “virga
1316 1738 1494 1787 ferrea,”
1520 1739 1621 1792 quia
1647 1738 1875 1780 “ferrum’'

388 1801 590 1841 similiter
621 1800 842 1854 significat
874 1814 1027 1841 verum
1059 1801 1274 1841 naturalis
1306 1801 1511 1850 hominis,
1545 1808 1591 1842 et
1623 1816 1682 1842 ex
1715 1802 1874 1844 duritie

389 1864 656 1916 potentiam,
682 1865 750 1904 cui
774 1877 862 1904 non
885 1864 1031 1904 resisti
1058 1870 1222 1916 potest.
1285 1862 1418 1916 Quod
1445 1865 1634 1916 “virgae
1646 1864 1664 1879 '⁵
1686 1870 1731 1905 et
1757 1865 1872 1905 “ba—

390 1926 506 1966 culi’'
539 1927 641 1966 inde
677 1927 858 1966 trahant
893 1926 1269 1979 significationem
1303 1927 1534 1979 potentiae
1569 1927 1717 1967 Divini
1750 1926 1871 1976 Veri,

378 1995 458 2030 ,est
477 2003 534 2029 ex
554 1989 977 2041 correspondentia;
1005 2003 1063 2029 ex
1083 2003 1136 2029 eo
1155 1995 1223 2029 est
1242 2002 1345 2028 usus
1366 1989 1626 2029 baculorum
1645 1990 1687 2029 in
1706 1989 1874 2031 mundo

390 2051 620 2103 spirituali,
667 2050 759 2104 (ubi
806 2052 968 2099 omnia,
1013 2065 1126 2104 quae
1171 2057 1405 2104 apparent,
1449 2051 1874 2104 correspondentiae

390 2113 531 2167 sunt,)
559 2115 967 2166 repraesentativus
993 2113 1170 2154 illorum
1196 2114 1454 2166 potentiae;
1486 2114 1689 2155 similiter
1713 2115 1758 2154 in
1785 2114 1874 2155 Ec-

390 2177 526 2218 clesia
546 2177 744 2229 Judaica,
769 2190 895 2229 quae,
920 2177 1034 2217 sicut
1057 2176 1287 2229 Antiquae
1313 2176 1559 2225 Ecclesiae,
1583 2177 1663 2217 fuit
1685 2177 1876 2218 ecclesia

390 2241 801 2293 repraesentativa;
835 2240 937 2280 inde
969 2246 1053 2288 est,
1082 2240 1200 2293 quod
1233 2239 1446 2279 miracula
1477 2246 1523 2280 et
1555 2240 1683 2292 signa
1708 2240 1752 2280 in
1779 2239 1874 2281 Ae-

390 2310 535 2356 gypto
563 2309 609 2343 et
636 2303 738 2342 dein
770 2303 813 2342 in
840 2302 1034 2351 deserto,
1063 2315 1089 2343 a
1121 2302 1248 2343 Mose
1281 2315 1358 2354 per
1384 2302 1700 2343 extensionem
1728 2302 1875 2344 baculi

390 2365 507 2407 facta
528 2366 642 2406 sint:
679 2372 728 2406 ut

465 2461 568 2502 Quod
583 2471 694 2501 aquae
709 2470 896 2501 percussae
910 2460 1035 2492 baculo
1049 2471 1172 2492 versae
1187 2461 1259 2492 sint
1272 2461 1307 2492 in
1323 2461 1533 2500 sanguinem
1548 2459 1669 2500 (Exod.
1683 2460 1742 2492 vii.
1758 2459 1854 2500 1-21)
1867 2470 1875 2498 ;

466 2505 571 2546 Quod
590 2514 632 2535 ex
650 2504 853 2535 fluminibus
872 2510 906 2534 et
925 2504 1071 2543 stagnis,
1089 2513 1195 2544 super
1212 2514 1300 2544 quae
1320 2510 1488 2535 extensus
1509 2510 1563 2536 est
1582 2504 1736 2542 baculus,
1754 2513 1876 2535 ascen-

565 2548 680 2578 derint
698 2557 804 2578 ranae
822 2546 944 2586 (Exod.
963 2548 1034 2578 viii.
1055 2556 1081 2584 1,
1099 2547 1185 2587 seq.)
1201 2557 1208 2583 ;

466 2591 571 2632 Quod
588 2601 631 2621 ex
648 2591 792 2630 pulvere
810 2600 978 2630 percusso
996 2591 1120 2621 baculo
1134 2589 1218 2621 facti
1232 2590 1304 2621 sint
1321 2590 1471 2630 pediculi
1485 2590 1607 2630 (Exod.
1619 2590 1688 2622 viii.
1705 2598 1754 2628 12,
1768 2589 1875 2631 seq.);

465 2634 569 2676 Quod
587 2641 735 2665 extenso
753 2634 878 2664 baculo
896 2634 939 2665 ad
957 2634 1092 2664 caelum
1110 2632 1204 2665 fad‘ta
1223 2634 1295 2665 sint
1315 2634 1471 2664 tonitrua
1483 2640 1518 2665 et
1532 2634 1669 2674 grando
1688 2632 1811 2674 (Exod.
1829 2634 1875 2666 ix.

567 2686 617 2716 23,
635 2678 742 2717 seq-):

466 2721 570 2762 Quod
589 2721 781 2760 prodierint
798 2720 953 2751 locustae
971 2720 1095 2759 (Exod.
1115 2730 1147 2751 x.
1167 2728 1216 2758 12,
1235 2719 1341 2760 seq.);

466 2765 570 2806 Quod
600 2764 700 2794 Mare
730 2764 835 2803 Suph,
862 2770 1009 2794 extenso
1037 2764 1163 2795 baculo
1187 2773 1293 2804 super
1317 2763 1411 2801 illud,
1436 2763 1588 2795 divisum
1613 2763 1668 2802 sit,
1693 2769 1729 2794 et
1752 2769 1877 2804 postea

566 2817 747 2838 reversum
765 2808 887 2845 (Exod.
906 2807 973 2838 xiv.
995 2808 1044 2845 16,
1063 2815 1113 2845 21,
1132 2806 1206 2846 26);
1476 2808 1477 2811 ’

467 2851 570 2892 Quod
589 2861 631 2881 ex
649 2857 748 2890 petra
765 2851 799 2880 in
819 2850 982 2881 Chorebo
1003 2851 1128 2881 baculo
1149 2860 1315 2891 percussa
1332 2850 1506 2881 exiverint
1522 2860 1633 2891 aquae
1653 2849 1775 2890 (Exod.
1793 2850 1874 2881 xvii.

570 2902 596 2932 5,
616 2904 701 2934 seq.;
726 2895 836 2924 qum.
855 2904 910 2924 xx.
931 2894 1047 2932 7—13);

466 2938 570 2979 Quod
602 2937 757 2978 Joschua
789 2937 1025 2976 praevaluerit
1057 2942 1181 2968 contra
1211 2937 1424 2968 Amalekum
1460 2946 1539 2968 cum
1576 2936 1699 2968 Moses
1734 2936 1876 2968 sustulit

566 2990 709 3011 manum
729 2991 806 3011 curn
826 2980 961 3017 baculo,
975 2987 1009 3011 et
1023 2981 1116 3021 quod
1134 2981 1368 3021 praevaluerit
1383 2980 1533 3012 Amalek
1547 2990 1626 3011 cum
1642 2980 1762 3011 Moses
1775 2979 1876 3011 dimi-

565 3025 611 3056 sit
628 3034 705 3055 eam
724 3024 845 3064 (Exod.
863 3024 943 3055 xvii.
962 3026 1081 3064 9—12);
