2098 3476
434 387 542 429 1930
841 385 1171 419 APOCALYPSIS
1203 387 1501 419 EXPLICATA.

428 504 476 539 ut
505 497 608 538 Sole
632 503 749 547 sunt,
775 503 842 538 est
866 498 980 539 sicut
1007 498 1085 538 lux
1113 498 1223 539 diei:
1256 499 1398 552 qualis
1421 498 1669 540 differentia
1695 504 1778 548 est,
1804 503 1911 542 con-

428 567 548 600 stare
575 566 726 613 potest
753 574 811 600 ex
840 560 1088 601 differentia
1115 560 1330 600 luminum
1357 561 1463 601 solis
1490 562 1682 601 interdiu
1708 568 1753 602 et
1781 561 1913 604 lunae

429 621 577 663 noctu.
639 622 762 663 Talis
785 624 921 663 etiam
949 629 1016 663 est
1044 621 1327 664 [¹1differentia
1349 630 1397 664 ut
1424 623 1484 663 illi
1512 625 1584 677 qui
1610 624 1692 664 sub
1718 624 1914 666 Domino

429 691 477 724 ut
511 685 639 725 Luna
670 692 773 725 sunt
800 684 907 724 nihil
933 684 1084 725 videre
1111 685 1284 737 possint
1311 686 1354 725 in
1387 685 1485 726 luce
1517 685 1694 726 illorum
1726 687 1800 740 qui
1832 687 1915 727 sub

429 746 626 787 Domino
658 754 705 787 ut
739 746 843 787 Sole
876 754 994 794 sunt,
1029 761 1086 787 ex
1120 761 1253 787 causa
1285 748 1386 800 quia
1422 748 1539 801 apud
1577 748 1679 789 illos
1716 761 1804 789 non
1843 756 1912 790 est

426 809 505 850 lux
543 812 750 862 genuina,
785 809 863 849 sed
902 809 979 849 lux
1017 809 1197 858 reflexa,
1232 823 1344 862 quae
1377 816 1530 862 potest
1561 811 1756 863 recipere
1788 810 1911 861 falsa,

428 872 563 912 modo
595 873 637 912 in
670 872 755 912 illis
787 878 1002 925 appareat
1035 871 1216 920 bonum,
1251 885 1391 925 aeque
1428 886 1478 913 ac
1511 887 1627 914 vera.
1689 872 1912 926 Quoniam

427 934 490 975 illi
513 936 585 988 qui
607 935 649 974 in
673 934 808 974 caelis
831 935 912 974 sub
936 934 1133 975 Domino
1156 941 1204 975 ut
1228 934 1356 974 Luna
1379 942 1482 975 sunt
1506 949 1662 976 omnes
1685 936 1913 978 naturales

425 1003 471 1038 et
505 997 733 1037 sensuales
765 1004 882 1044 sunt,
918 1003 962 1036 et
997 1010 1085 1037 non
1119 1010 1357 1037 commune
1389 998 1558 1038 habent
1590 1011 1690 1039 cum
1722 998 1808 1039 illis
1839 1000 1912 1053 qui

425 1055 468 1100 in
496 1061 630 1101 caelis
662 1060 743 1100 sub
771 1060 967 1100 Domino
995 1066 1042 1099 ut
1076 1059 1180 1100 Sole
1207 1067 1324 1108 sunt,
1354 1067 1399 1101 et
1426 1074 1602 1114 quoque
1629 1061 1690 1102 illi
1721 1063 1765 1102 in
1791 1061 1912 1103 salsis

424 1130 527 1163 sunt
569 1124 611 1162 in
654 1123 812 1176 quibus
853 1129 1007 1162 tamen
1044 1122 1225 1171 bonum,
1264 1123 1367 1163 inde
1404 1124 1498 1163 visa
1538 1131 1607 1164 est
1647 1124 1790 1166 “luna
1829 1125 1912 1166 sub

423 1186 611 1239 pedibus
647 1185 880 1233 mulieris‚’'
917 1191 962 1225 et
1006 1198 1083 1237 per
1123 1185 1166 1225 id
1203 1186 1470 1238 intelligitur
1506 1186 1615 1227 fides
1656 1188 1773 1240 apud
1810 1187 1911 1229 illos

425 1250 499 1302 qui
522 1248 746 1289 naturales
773 1254 890 1288 sunt.
954 1247 1079 1288 Haec
1107 1248 1163 1288 de
1195 1247 1281 1288 fide
1314 1249 1431 1301 apud
1463 1249 1563 1290 illos
1594 1251 1668 1303 qui
1699 1250 1781 1291 sub
1813 1250 1907 1291 Do-

424 1312 545 1352 mino
568 1318 615 1351 ut
639 1311 766 1351 Luna
788 1312 830 1350 in
856 1310 982 1351 caelo
1005 1317 1136 1361 sunt;
1170 1311 1322 1363 paucis
1345 1312 1480 1351 etiam
1504 1312 1678 1353 dicetur
1699 1312 1755 1354 de
1777 1313 1909 1355 affec-

423 1375 547 1414 tione
574 1374 762 1422 illorum,
791 1388 849 1414 ex
882 1387 968 1426 qua
995 1372 1105 1413 fides
1131 1375 1269 1413 vitam
1297 1374 1445 1415 trahit.
1507 1374 1702 1416 Affectio
1733 1375 1909 1418 illorum

425 1437 594 1477 sciendi
620 1450 771 1477 verum
805 1443 849 1476 et
882 1436 1072 1476 faciendi
1098 1436 1265 1476 bonum
1297 1443 1366 1477 est
1398 1438 1512 1477 sicut
1544 1438 1640 1490 ipsi,
1667 1439 1907 1490 naturalis;

422 1499 605 1539 trahens
642 1500 702 1539 sic
741 1499 839 1552 plus
881 1505 957 1539 aut
995 1499 1139 1538 minus
1180 1513 1238 1539 ex
1276 1499 1418 1552 gloria
1454 1500 1728 1549 eruditionis,
1766 1508 1812 1542 et
1848 1515 1907 1542 ex

420 1560 537 1601 fama
559 1560 792 1614 spectante
815 1561 1008 1601 honores
1034 1568 1079 1601 et
1103 1561 1225 1602 lucra
1247 1568 1295 1602 ut
1318 1563 1528 1614 praemia,
1552 1562 1681 1603 aliter
1702 1576 1752 1604 ac
1775 1563 1907 1605 affec·

420 1625 485 1664 tio
510 1623 748 1676 spiritualis
781 1624 948 1664 sciendi
975 1637 1128 1664 verum
1160 1630 1206 1665 et
1233 1624 1423 1665 faciendi
1454 1625 1636 1674 bonum,
1664 1625 1807 1679 qualis
1837 1633 1907 1668 est

420 1687 537 1739 apud
570 1687 670 1727 illos
707 1688 779 1740 qui
817 1687 899 1726 sub
931 1686 1130 1727 Domino
1161 1693 1210 1727 ut
1243 1686 1348 1728 Sole
1380 1689 1424 1728 in
1461 1688 1588 1729 caelo
1624 1695 1767 1740 sunt;.
1797 1689 1906 1731 haec

422 1748 597 1790 affeffio
623 1749 741 1802 apud
767 1749 848 1789 hos
875 1756 1083 1801 separata
1109 1755 1178 1790 est
1206 1749 1262 1790 ab
1285 1749 1519 1792 affeffione
1542 1751 1746 1800 naturali,
1770 1752 1833 1792 ita
1857 1760 1906 1794 ut

422 1812 532 1852 haec
566 1813 622 1852 sit
655 1813 736 1852 sub
769 1812 983 1864 pedibus;
1021 1812 1125 1852 inde
1157 1826 1333 1866 quoque
1365 1820 1448 1862 est,
1476 1814 1595 1867 quod
1623 1814 1804 1863 “luna,”
1829 1827 1908 1868 per

421 1888 553 1928 quam
586 1889 675 1915 non
708 1875 851 1915 solum
878 1873 987 1914 fides
1019 1875 1098 1915 sed
1130 1876 1267 1915 etiam
1293 1874 1468 1921 affectio
1499 1876 1590 1929 ejus
1615 1876 1903 1930 significatur,

419 1936 490 1976 hic
522 1937 617 1976 Visa
647 1937 705 1976 Sit
735 1940 763 1956 “
776 1936 858 1976 sub
889 1935 1120 1988 pedibus„
1178 1947 1255 1984 (Sed
1268 1947 1391 1985 plenior
1405 1948 1477 1977 idea
1491 1949 1532 1977 de
1549 1948 1598 1977 his
1612 1948 1788 1986 comparari
1802 1953 1906 1986 potest

418 2005 456 2024 ex
478 1996 535 2024 illis
550 2005 631 2033 quae
652 1997 684 2025 in
706 2005 801 2033 opere
824 1998 874 2025 De
893 1997 984 2026 Caelo
998 2002 1027 2025 et
1043 1997 1169 2035 Inferno
1184 1997 1267 2026 dicta
1289 2003 1319 2026 et
1340 2003 1466 2027 ostensa
1486 2003 1574 2027 sunt:
1597 2003 1632 2027 ut
1653 1998 1750 2035 Quod
1771 1998 1904 2028 Caelum

418 2043 597 2071 distinctum
615 2043 653 2071 sit
668 2044 699 2071 in
715 2044 779 2071 duo
797 2044 918 2080 Regna,
935 2054 965 2074 n.
983 2046 1100 2078 20-28;
1125 2044 1175 2072 De
1190 2044 1264 2073 Sole
1279 2049 1310 2073 et
1325 2045 1365 2073 de
1382 2045 1475 2073 Luna
1489 2045 1520 2073 in
1536 2045 1644 2079 Caelo,
1661 2050 1692 2074 et
1706 2045 1756 2074 De
1773 2045 1860 2075 Luce
1873 2050 1905 2075 et

418 2090 532 2119 Calore
554 2090 584 2117 in
607 2089 720 2123 Caelis,
737 2099 767 2118 n.
787 2091 939 2126 116-140;
969 2091 1017 2119 De
1034 2090 1322 2127 Correspondentia
1337 2091 1425 2121 Caeli
1440 2100 1512 2120 cum
1528 2091 1675 2120 omnibus
1698 2091 1856 2127 Hominis,
1871 2101 1903 2125 n.

418 2137 573 2175 [²187-102
585 2149 590 2173 ;
612 2144 642 2167 et
655 2139 687 2167 in
702 2140 856 2168 Doctrina
867 2141 975 2169 Novae
985 2141 1218 2177 Hierosolymae
1230 2141 1270 2169 de
1282 2141 1342 2169 illis
1354 2141 1408 2178 qui
1421 2141 1452 2169 in
1463 2141 1546 2169 falsis
1555 2145 1629 2170 sunt
1639 2150 1678 2170 ex
1687 2141 1785 2176 bono,
1795 2150 1826 2171 n.
1837 2142 1901 2181 21.)
1942 2158 1945 2159 ν

419 2188 551 2242 Quod
581 2189 685 2229 “sol
699 2189 717 2204 ”
739 2190 961 2242 significet
990 2191 1233 2231 Dominum
1260 2191 1406 2245 quoad
1434 2191 1644 2232 Divinum
1667 2191 1900 2241 Amorem,

417 2259 463 2292 et
489 2252 592 2292 inde
619 2251 837 2292 Amorem
869 2254 912 2293 in
940 2254 1182 2294 Dominum
1215 2267 1241 2293 a
1273 2254 1482 2303 Domino,
1511 2260 1556 2295 et
1582 2254 1701 2308 quod
1730 2254 1902 2295 “luna‘’

417 2325 572 2352 verum
598 2311 714 2359 fidei,
734 2313 944 2353 videatur
970 2328 1104 2367 supra
1130 2325 1316 2365 (n.401):
1349 2328 1400 2355 ac
1424 2321 1662 2368 praeterea
1683 2315 1740 2356 de
1761 2315 1901 2356 caelis

416 2373 489 2425 qui
505 2373 585 2412 sub
602 2373 796 2414 Domino
812 2381 859 2414 ut
876 2374 994 2423 Sole,
1012 2382 1057 2416 et
1076 2376 1131 2415 de
1148 2375 1282 2416 caelis
1297 2376 1368 2429 qui
1387 2376 1468 2416 sub
1483 2376 1678 2417 Domino
1693 2383 1740 2417 ut
1756 2376 1897 2425 Luna;

416 2434 554 2473 etiam
589 2447 723 2486 supra
758 2445 965 2485 (n.411[e],
986 2446 1134 2486 422[a]‚
1159 2446 1268 2488 527).
1328 2435 1502 2489 Quibus
1537 2437 1795 2477 addendum
1827 2443 1899 2478 est

415 2494 535 2547 quod
550 2494 612 2534 illi
628 2495 738 2535 caeli
753 2497 825 2548 qui
844 2497 925 2536 sub
942 2497 1137 2537 Domino
1153 2504 1200 2538 ut
1220 2497 1347 2540 Luna
1361 2505 1478 2546 sunt,
1496 2499 1584 2538 sint
1599 2511 1774 2551 quoque
1791 2505 1896 2546 tres,

416 2558 676 2609 superiores,
712 2558 843 2597 medii
877 2566 920 2599 et
955 2559 1194 2608 inferiores,
1223 2574 1300 2600 seu
1333 2560 1451 2613 quod
1483 2560 1615 2608 idem,
1649 2561 1895 2608 interiores,

415 2620 547 2660 medii
571 2626 615 2660 et
634 2621 879 2661 exteriores
898 2635 905 2670 ;
935 2622 1012 2662 sed
1036 2636 1173 2675 usque
1191 2636 1347 2663 omnes
1369 2624 1411 2663 in
1434 2623 1501 2663 his
1518 2623 1654 2663 caelis
1671 2622 1898 2664 naturales

415 2689 531 2722 sunt.
574 2681 718 2722 Causa
732 2684 850 2735 quod
866 2685 1111 2734 interiores,
1127 2686 1260 2726 medii
1274 2692 1319 2726 et
1334 2686 1582 2726 exteriores
1595 2686 1698 2734 sint,
1711 2691 1781 2726 est
1795 2685 1898 2738 quia

414 2745 616 2784 naturale
640 2745 928 2798 distinguitur
950 2748 992 2786 in
1020 2754 1111 2788 tres
1134 2748 1313 2801 gradus,
1338 2748 1540 2789 similiter
1565 2761 1615 2788 ac
1638 2747 1894 2800 spirituale;

413 2807 612 2847 exterius
646 2807 846 2848 naturale
885 2811 1186 2851 communicat
1224 2822 1324 2851 curn
1362 2810 1542 2859 mundo,
1575 2810 1758 2851 interius
1794 2823 1894 2851 cum

413 2869 554 2917 caelo,
588 2883 638 2909 ac
672 2870 865 2909 medium
900 2871 1156 2925 conjungit;
1200 2873 1278 2913 sed
1311 2887 1449 2926 usque
1480 2872 1542 2913 illi
1573 2873 1646 2926 qui
1682 2873 1724 2912 in
1758 2873 1894 2914 caelis

413 2932 494 2971 sub
522 2931 715 2971 Domino
744 2939 794 2972 ut
828 2933 954 2989 Luna
986 2942 1103 2982 sunt,
1132 2949 1221 2975 non
1254 2941 1440 2988 possunt
1472 2935 1636 2975 intrare
1668 2935 1711 2974 in
1743 2935 1894 2976 caelos

413 2995 485 3048 qui
521 2994 603 3034 sub
635 2994 830 3034 Domino
862 3003 909 3035 ut
947 2995 1050 3036 Sole
1089 3006 1204 3046 sunt,
1239 2999 1340 3051 quia
1370 2999 1489 3038 visus
1525 3010 1678 3048 eor-um
1710 2998 1894 3039 interior
