2054 3464
409 359 432 390 2
443 359 518 403 192
822 359 1151 393 APOCALYPSIS
1181 361 1475 393 EXPLICATA.

409 469 518 510 data
543 476 647 511 sunt
674 470 894 512 Talenta:
929 471 985 512 de
1013 472 1122 513 Ficu
1147 472 1190 513 in
1216 473 1375 519 Vinea.
1404 487 1517 527 quae
1549 472 1886 516 exscinderetur
1992 451 2021 485 7·

408 533 442 572 si
484 546 573 573 non
615 532 801 574 frufflmm
842 534 999 576 ferret:
1046 535 1102 576 de
1133 535 1386 577 Vulnerato
1427 550 1452 576 a
1494 536 1778 585 Latronibus,
1815 535 1886 578 cui

409 594 631 636 Samarita
653 597 1001 637 misericordiam
1024 597 1143 646 fecit,
1163 598 1218 639 de
1240 612 1328 651 quo
1347 598 1567 638 Dominus
1589 598 1886 651 interrogavit

410 657 715 710 legisperitum
739 659 834 712 quis
861 659 1037 700 illorum
1064 661 1196 700 trium
1229 667 1348 701 esset
1378 661 1620 714 proximus,
1649 660 1722 714 qui
1752 659 1889 711 dixit,

410 720 534 774 “Qui
550 722 904 762 »misericordiam
928 722 1194 775 praestitit,'’
1216 724 1285 764 cui
1305 723 1432 776 Jesus
1454 723 1585 770 dixit,
1613 726 1639 743 “
1654 722 1746 763 Abi
1768 729 1817 763 tu
1838 727 1886 764 et

407 783 474 823 sac
499 783 701 824 similiter
717 783 750 823 :‘’
774 784 828 824 de
851 784 1007 825 decern
1028 784 1301 838 Virginibus,
1325 798 1509 839 quarum
1528 785 1720 838 quinque
1745 784 1886 826 habe-

406 846 516 886 bant
549 845 697 886 oleum
735 847 779 886 in
822 846 1115 899 lampadibus,
1148 853 1194 888 et
1226 848 1417 900 quinque
1461 861 1577 897 n0n;
1613 846 1798 888 “oleum
1841 847 1887 888 in

409 908 719 961 lampadibus”
745 908 968 961 significat
995 909 1263 950 charitatem
1290 910 1333 949 in
1356 909 1468 950 fide:
1502 915 1680 962 praeter
1701 909 1745 950 in
1771 905 1887 950 aliis.⁴

411 969 660 1010 Duodecim
684 971 820 1011 etiam
838 970 1040 1024 discipuli
1064 970 1244 1011 Domini
1262 977 1714 1024 repraesentaverunt
1737 970 1886 1012 eccle-

407 1033 515 1072 siam
544 1033 691 1085 quoad
723 1033 872 1073 omnia
903 1032 1003 1073 fidei
1030 1039 1075 1074 et
1102 1033 1334 1074 charitatis
1366 1033 1409 1073 in
1443 1033 1713 1086 complexu:
1747 1039 1794 1075 et
1825 1047 1885 1074 ex

406 1095 492 1135 illis
519 1096 688 1143 Petrus,
711 1095 905 1148 Jacobus
932 1102 977 1136 et
999 1095 1228 1148 Johannes
1255 1102 1706 1149 repraesentaverunt
1733 1094 1883 1145 fidem,

408 1157 693 1206 charitatem,
727 1163 773 1197 et
804 1158 923 1197 bona
955 1171 1104 1210 opera,
1138 1158 1182 1198 in
1214 1171 1293 1198 suo
1325 1158 1506 1207 ordine;
1530 1158 1702 1198 'Petrus
1732 1157 1883 1206 fidem,

405 1219 599 1272 Jacobus
631 1219 915 1268 charitatem,
949 1226 995 1260 et
1026 1220 1256 1272 Johannes
1288 1220 1408 1259 bona
1439 1233 1598 1272 opera:
1632 1220 1734 1261 inde
1765 1219 1886 1274 quod

406 1280 623 1320 Dominus
646 1281 811 1322 dixerit
834 1281 890 1321 ad
915 1282 1109 1331 Petrum,
1134 1295 1234 1322 cum
1259 1282 1413 1322 Petrus
1435 1282 1607 1322 videret
1628 1281 1884 1334 Johannem

408 1336 531 1396 sequi
558 1343 814 1392 Dominum,

471 1432 590 1473 “Quid
610 1432 653 1463 ad
678 1432 743 1470 te‚’'
763 1433 889 1465 Petre?
934 1432 1015 1463 “Tu
1041 1443 1187 1473 sequere
1208 1432 1300 1470 Me,’'
1316 1433 1508 1474 Johannes‚
1527 1432 1666 1472 (Petrus
1686 1433 1780 1464 enim
1800 1432 1888 1465 dixit

577 1476 620 1507 de
636 1475 809 1517 Johanne,
826 1476 947 1517 “Quid
963 1476 1018 1507 hic
1030 1475 1077 1515 ?”)
1094 1476 1191 1518 (Joh.
1210 1477 1276 1508 xxi.
1296 1485 1345 1515 21,
1364 1477 1428 1515 22‚)

405 1561 703 1615 significabat,
732 1562 850 1616 quod
883 1569 1176 1616 sequerentur
1208 1563 1463 1611 Dominum,
1498 1564 1571 1617 qui
1601 1563 1721 1618 bona
1751 1577 1888 1618 opera

405 1625 585 1665 faciunt.
636 1623 750 1677 Quia
761 1625 990 1677 Johannes
1005 1625 1242 1666 ecclesiam
1258 1626 1404 1679 quoad
1423 1626 1542 1666 bona
1557 1640 1692 1679 opera
1706 1635 1885 1680 reprae-

406 1688 617 1735 sentavit,
638 1688 738 1727 ideo
757 1687 831 1728 ille
849 1688 1056 1728 accubuit
1074 1688 1130 1728 ad
1154 1686 1309 1740 peetus
1333 1688 1526 1728 Domini.
1584 1687 1716 1741 Quod
1740 1688 1886 1730 eccle·

407 1750 470 1790 sia
493 1750 550 1790 sit
574 1750 690 1802 apud
716 1749 818 1790 illos
844 1750 918 1802 qui
943 1750 1063 1790 bona
1089 1763 1224 1803 opera
1245 1750 1427 1799 faciunt,
1452 1751 1589 1791 etiam
1612 1749 1888 1804 significatur

408 1826 486 1865 per
510 1812 647 1852 verba
674 1811 856 1851 Domini
882 1826 906 1852 e
932 1825 1062 1852 cruce
1088 1812 1144 1852 ad
1169 1812 1437 1865 Johannem,

468 1899 572 1941 Jesus
587 1900 675 1931 vidit
692 1905 840 1931 matrem
853 1909 964 1937 suam,
976 1906 1010 1931 et
1023 1900 1110 1931 dixit
1126 1900 1172 1931 ad
1187 1900 1397 1940 discipulum
1412 1911 1514 1941 quem
1532 1902 1682 1939 amabat,
1696 1901 1754 1942 qui
1770 1901 1888 1933 adsta-

578 1944 656 1980 bat;
682 1949 717 1974 et
734 1943 821 1974 dixit
838 1943 941 1974 matri
959 1953 1053 1981 suae,
1067 1942 1227 1974 “Mulier
1243 1953 1323 1974 ecce
1341 1943 1430 1975 filius
1444 1951 1523 1975 tuus
1538 1954 1545 1981 ;
1570 1950 1604 1975 et
1617 1944 1704 1976 dixit
1715 1945 1887 1985 discipulo

578 1986 636 2022 illi,
659 1986 747 2017 Ecce
766 1992 877 2017 mater
895 1993 975 2022 tua:
1000 1993 1034 2018 et
1051 1996 1094 2017 ex
1112 1986 1171 2017 illa
1187 1987 1274 2018 hora
1290 1988 1424 2027 accepit
1441 1987 1537 2018 illam
1555 1987 1745 2028 discipulus
1765 1988 1824 2019 ille
1840 1987 1886 2019 ad

577 2029 643 2061 se'’
660 2030 757 2070 (Joh.
775 2030 843 2061 xix.
863 2030 912 2067 26,
933 2029 986 2069 27)
1002 2039 1009 2067 ;

404 2131 482 2170 per
507 2130 619 2170 quae
646 2116 983 2169 significabatur
1011 2117 1130 2170 quod
1156 2116 1347 2158 ecclesia
1372 2118 1455 2158 erit
1479 2117 1550 2158 ubi
1577 2117 1695 2158 bona
1718 2131 1882 2171 opera;

404 2193 481 2232 per
509 2179 779 2219 “mulierem
796 2178 814 2194 ”
848 2180 980 2226 enim,
1014 2178 1218 2219 similiter
1249 2193 1327 2231 per
1355 2179 1626 2227 “matrem‚''
1652 2181 1696 2220 in
1729 2179 1884 2221 Verbo

404 2240 679 2294 significatur
723 2241 930 2281 ecclesia.
995 2241 1121 2282 Haec
1163 2255 1186 2282 e
1232 2241 1364 2282 Novo
1406 2242 1732 2283 Testamento:
1779 2248 1885 2284 sunt

403 2304 548 2344 adhuc
575 2303 702 2357 plura
728 2304 771 2344 in
799 2304 970 2352 Veteri,
994 2303 1066 2343 ubi

470 2392 730 2423 Benedicuntur
748 2401 872 2422 omnes
890 2392 947 2432 qui
967 2397 1106 2429 statuta,
1123 2391 1254 2432 judicia
1272 2398 1306 2423 et
1326 2398 1512 2432 praecepta
1527 2393 1729 2424 custodiunt
1745 2398 1780 2424 et
1800 2393 1885 2424 faci-

575 2441 648 2471 unt,
662 2441 696 2466 et
714 2435 969 2465 maledicuntur
980 2435 1037 2475 qui
1054 2435 1114 2465 illa
1130 2445 1201 2465 non
1219 2435 1352 2466 faciunt
1369 2435 1419 2473 (ut
1435 2435 1541 2466 Levit.
1556 2435 1650 2467 xviii.
1667 2443 1682 2474 5
1699 2445 1706 2473 ;
1729 2445 1803 2476 cap.
1814 2436 1884 2469 xix.

576 2486 616 2517 37
631 2488 638 2515 ;
662 2485 736 2518 cap‘.
750 2488 805 2509 xx.
821 2478 838 2508 8
853 2487 860 2514 ;
885 2487 958 2517 cap.
972 2478 1053 2508 xxii.
1069 2486 1194 2516 31-33;
1223 2488 1296 2517 cap.
1310 2479 1401 2509 xxvi.
1419 2476 1480 2519 [3,]
1498 2487 1528 2516 4,
1543 2487 1591 2516 14,
1608 2486 1645 2517 15
1660 2490 1667 2510 :
1699 2479 1810 2511 Num.
1827 2489 1884 2512 xv,

576 2530 626 2561 39,
643 2530 703 2559 40:
730 2522 849 2552 Deutr.
864 2531 894 2552 v.
912 2531 941 2560 9,
959 2529 1017 2558 10;
1042 2531 1115 2560 cap.
1129 2521 1173 2552 vi.
1189 2529 1227 2559 25
1243 2530 1250 2559 ;
1275 2531 1348 2561 cap.
1366 2531 1421 2552 xv.
1435 2520 1488 2559 [115
1504 2531 1510 2559 3
1535 2531 1608 2562 cap.
1626 2521 1708 2554 xvii.
1725 2530 1785 2563 19;
1809 2531 1884 2563 cap.

574 2565 678 2596 xxvii.
694 2564 754 2596 26:
788 2570 822 2595 et
838 2564 873 2594 in
893 2564 987 2595 mille
1004 2564 1081 2595 aliis
1099 2563 1207 2604 locis).

404 2654 584 2693 Praeter
600 2651 676 2692 illa
698 2651 798 2691 loca
816 2651 859 2690 in
877 2650 1031 2691 Verbo
1053 2651 1125 2691 ubi
1146 2654 1171 2671 “
1185 2649 1333 2691 fa&a'’
1352 2658 1397 2692 et
1425 2654 1450 2671 “
1464 2651 1608 2693 facere
1622 2651 1641 2667 ’²
1658 2652 1880 2702 dicuntur,

405 2715 542 2756 etiam
574 2712 678 2754 sunt
710 2713 915 2766 perplura
946 2713 1019 2753 ubi
1055 2713 1246 2753 “amor”
1271 2719 1317 2753 et
1351 2717 1539 2754 “amare
1555 2713 1573 2728 '’
1606 2714 1794 2765 dicitur;
1832 2721 1879 2756 et

403 2791 480 2830 per
500 2775 719 2816 “amare”
738 2774 1005 2827 intelligitur
1030 2774 1174 2815 simile
1200 2775 1318 2828 quod
1345 2789 1422 2828 per
1444 2775 1665 2823 “facere,''
1682 2789 1786 2816 nam
1807 2777 1881 2830 qui

403 2844 525 2879 amat
548 2839 583 2878 is
605 2838 709 2878 facit
729 2851 737 2887 ;
766 2850 917 2877 amare
941 2838 1059 2877 enim
1081 2843 1152 2877 est
1169 2837 1299 2885 velle,
1319 2850 1421 2877 nam
1441 2839 1624 2891 quisque
1641 2838 1738 2878 vult
1760 2838 1880 2891 quod

403 2901 586 2940 interius
608 2906 758 2949 amat;
792 2905 837 2939 et
860 2899 978 2942 velle
1001 2905 1070 2939 est
1096 2899 1254 2947 facere,
1279 2900 1462 2952 quisque
1488 2901 1606 2940 enim
1631 2899 1736 2940 facit
1759 2899 1884 2953 quod

405 2962 515 3012 vult,
554 2962 733 3015 quando
773 2968 953 3015 potest;
998 2960 1163 3002 faustum
1204 2962 1340 3002 etiam
1386 2975 1474 3002 non
1520 2968 1588 3002 cst
1629 2963 1711 3002 nisi
1747 2973 1879 3015 quam
