2098 3476
611 380 718 413 CAP.
742 380 844 421 ΧΠ,
869 381 1007 414 VERs.
1033 382 1177 425 3.—N.
1201 373 1370 428 714[a].
1628 387 1735 430 1949

233 491 421 542 habent,
445 506 559 547 quae
586 493 937 534 communicatio
963 493 1049 534 illis
1075 500 1145 535 est
1178 509 1237 535 ex
1265 493 1459 536 lectione
1488 495 1642 546 Verbi,
1672 511 1731 537 ex

234 556 572 612 praedicatione
605 556 723 605 inde,
753 563 798 597 et
831 570 891 596 ex
923 557 1046 598 cultu
1078 564 1274 598 externo
1306 559 1552 599 secundum
1585 559 1733 600 eccle-

235 619 327 661 siae
357 632 464 660 suae
490 625 679 666 statuta,
709 619 789 659 sed
823 633 962 673 usque
994 633 1085 661 non
1118 621 1162 660 in
1189 620 1338 674 aliqua
1365 622 1460 662 vita
1486 622 1733 663 secundum

233 687 479 736 praecepta
505 681 689 723 Domini
715 689 846 732 sunt;
880 683 984 723 inde
1012 690 1080 724 est
1108 684 1228 737 quod
1255 684 1371 724 tales
1399 685 1581 738 quidem
1608 699 1733 726 com-

232 745 601 794 municationem,
622 745 700 785 sed
725 758 815 786 non
834 746 1059 786 internam
1078 760 1179 787 cum
1203 746 1332 787 caelo
1350 747 1550 787 habeant
1571 760 1579 787 :
1614 747 1733 787 unde

231 814 303 849 est
325 807 445 862 quod
467 807 531 848 illi
554 808 761 850 dicantur
786 808 1031 849 “diabolus
1057 815 1103 850 et
1127 810 1350 859 satanas,”
1372 810 1416 850 in
1440 810 1733 863 sequentibus

231 871 369 912 etiam
395 870 583 912 dicetur.

175 990 178 992 ‚
308 938 518 994 714[a].
556 939 636 980 “ft
665 953 768 981 ecoe
797 940 926 980 draco
954 953 1127 994 magnus
1156 940 1518 993 rufus.''——Quod
1555 941 1730 994 signifi-

229 1007 306 1043 cet
335 1015 484 1042 omnes
519 1002 600 1055 qui
631 1016 747 1042 mere
776 1002 1006 1043 naturales
1037 1008 1079 1042 et
1108 1002 1334 1043 sensuales
1366 1009 1471 1043 sunt
1499 1017 1555 1043 ex
1585 1017 1735 1043 amore

229 1064 315 1114 sui,
347 1071 390 1106 et
419 1079 556 1118 usque
585 1065 729 1106 sciunt
752 1065 893 1118 plura
923 1072 1002 1106 aut
1026 1065 1243 1118 pauciora
1273 1080 1329 1106 ex
1370 1066 1521 1114 Verbo,
1549 1080 1605 1106 ex
1634 1066 1752 1106 doc->

229 1128 353 1170 trina
377 1128 491 1178 inde,
515 1135 595 1170 aut
617 1143 674 1169 ex
690 1129 1036 1182 praedicatione,
1061 1143 1113 1170 ac
1132 1135 1298 1182 putant
1316 1136 1402 1182 per
1426 1130 1568 1170 solam
1593 1129 1730 1170 scien-

229 1191 341 1233 tiam
371 1191 537 1245 absque
566 1192 662 1233 vita
692 1192 884 1240 salvari,
920 1199 1103 1234 constat
1135 1207 1194 1233 ex
1228 1192 1559 1245 significatione
1592 1193 1731 1233 “dra-

228 1254 396 1306 conis‚”
413 1256 534 1313 quod
557 1256 615 1297 sit
639 1269 760 1297 mere
779 1255 997 1296 naturalis
1020 1263 1067 1297 et
1091 1256 1311 1296 sensualis
1333 1256 1485 1305 homo,
1507 1262 1553 1296 et
1576 1262 1731 1297 tamen

229 1319 274 1360 in
297 1319 488 1360 scientia
505 1332 652 1360 rerum
674 1319 718 1359 in
742 1333 789 1360 se
814 1318 1126 1372 spiritualium,
1147 1320 1240 1360 sive
1265 1319 1375 1360 haec
1400 1320 1457 1360 sit
1480 1333 1539 1360 ex
1559 1319 1730 1369 Verbo,

227 1381 325 1422 sive
349 1394 427 1422 sex
467 1381 828 1434 praedicatione,
870 1382 965 1422 sive
1009 1395 1068 1421 ex
1113 1381 1337 1434 religione
1379 1392 1434 1430 (de
1457 1401 1522 1429 qua
1544 1393 1730 1432 sequitur);

228 1449 278 1484 et
307 1456 368 1484 ex
399 1441 729 1496 significatione
761 1443 952 1496 “magni
983 1442 1102 1492 rufi,'‘
1128 1443 1249 1496 quod
1282 1443 1339 1483 sit
1372 1457 1469 1483 esse
1502 1444 1545 1483 in
1578 1456 1732 1484 amore

228 1506 295 1547 sui
320 1512 368 1548 et
399 1506 443 1546 in
469 1505 562 1559 ejus
589 1506 732 1555 malis,
760 1506 1049 1560 “magnum'’
1071 1507 1191 1547 enim
1222 1507 1266 1546 in
1293 1505 1449 1547 Verbo
1482 1507 1645 1547 dicitur
1676 1506 1732 1547 de

227 1569 365 1619 bono,
398 1575 445 1611 et
482 1570 526 1610 in
558 1570 771 1623 opposito
803 1583 937 1610 sensu
968 1570 1025 1610 de
1062 1569 1197 1618 malo,
1232 1570 1347 1610 sicut
1383 1569 1613 1610 “multum
1626 1569 1644 1584 ''
1677 1569 1732 1610 de

227 1631 363 1681 veris,
381 1637 429 1672 et
459 1631 505 1672 in
536 1626 751 1685 opposito
768 1645 903 1672 sensu
935 1632 992 1672 de
1022 1631 1148 1672 falsis
1175 1643 1335 1680 (videatur
1353 1651 1460 1680 supra,
1477 1651 1507 1672 n.
1528 1631 1620 1683 336,
1639 1641 1731 1683 337,

225 1702 356 1744 424);
387 1697 435 1733 et
454 1691 647 1732 “rufus”
664 1691 830 1732 dicitur
851 1692 907 1732 de
930 1705 1086 1732 amore
1107 1693 1152 1732 in
1175 1698 1369 1746 utroque
1392 1706 1543 1740 sensu,
1564 1705 1730 1745 nempe

228 1753 284 1795 de
301 1766 456 1795 amore
478 1753 772 1807 caelesti‚·qui
795 1760 865 1794 est
884 1767 1011 1795 amor
1032 1755 1076 1794 in
1101 1754 1361 1802 Dominum,
1382 1761 1428 1795 et
1451 1755 1494 1794 in
1518 1755 1730 1807 opposito

227 1828 367 1856 sensu
387 1815 615 1856 devamore
633 1815 880 1863 diabolico,
900 1816 974 1869 qui
997 1821 1067 1856 est
1091 1828 1219 1856 amor
1241 1817 1308 1855 sui
1327 1826 1382 1863 (de
1395 1835 1460 1863 qua
1472 1835 1506 1855 re
1518 1827 1614 1855 etiam
1627 1827 1734 1855 videa-

226 1891 396 1925 tursupra.
409 1894 440 1916 n.
457 1874 554 1928 364)
573 1889 582 1926 ;
609 1889 669 1916 ex
688 1874 756 1915 his
775 1882 990 1916 constare
1008 1882 1165 1928 potest
1201 1876 1322 1929 quod
1342 1889 1423 1928 per
1441 1876 1731 1915 “draconem

226 1951 445 1992 magnum
481 1937 658 1978 rufum”
689 1937 1006 1990 intelligantur
1036 1951 1195 1978 omnes
1233 1938 1304 1991 qui
1342 1951 1463 1978 mere
1500 1937 1730 1978 naturales

227 2007 275 2043 et
305 2000 539 2043 sensuales
571 2007 675 2041 sunt
708 2015 767 2042 ex
801 2013 954 2041 amore
987 2001 1065 2048 sui,
1095 2007 1140 2041 et
1173 2014 1311 2054 usque
1345 2002 1492 2042 sciunt
1525 2000 1652 2054 plura
1683 2007 1730 2042 et

225 2065 439 2119 pauciora
469 2078 529 2106 ex
562 2063 732 2113 Verbo,
767 2063 839 2104 vel
872 2078 931 2105 ex
964 2062 1171 2104 doctrina
1201 2064 1320 2113 inde,
1355 2064 1427 2104 vel
1459 2078 1519 2105 ex
1553 2064 1730 2117 praedi-

166 2174 169 2175 7
226 2128 421 2178 catione,
437 2134 485 2169 et
503 2134 665 2182 putant
684 2141 763 2181 per
780 2127 925 2168 solam
943 2128 1178 2168 scientiam
1197 2127 1366 2181 absque
1384 2129 1477 2168 vita
1495 2128 1731 2168 charitatis

225 2191 416 2243 salvari;
448 2191 569 2245 quod
596 2191 731 2231 iidem
758 2197 921 2243 putent
948 2204 995 2231 se
1022 2205 1100 2244 per
1126 2190 1270 2231 solam
1294 2191 1534 2231 scientiam
1561 2191 1732 2244 absque

225 2254 322 2296 vita
346 2254 580 2296 charitatis
605 2253 783 2303 salvari,
808 2261 878 2295 est
905 2255 1007 2307 quia
1033 2267 1192 2294 omnes
1218 2253 1281 2294 illi
1307 2253 1419 2295 fiunt
1447 2267 1567 2294 mere
1595 2261 1728 2295 natu-

225 2316 343 2360 rales
376 2323 423 2359 et
459 2317 692 2358 sensuales
729 2318 802 2371 qui
839 2318 996 2358 vivunt
1035 2318 1211 2370 corpori
1248 2323 1294 2358 et
1332 2318 1515 2366 mundo,
1555 2323 1601 2358 et
1639 2331 1729 2359 non

226 2380 328 2423 Deo
353 2387 400 2423 et
425 2380 581 2431 caelo;
615 2393 719 2421 nam
746 2381 932 2434 quisque
955 2381 1203 2422 secundum
1227 2381 1368 2421 vitam
1391 2394 1518 2421 suam
1544 2381 1730 2422 interius

225 2445 456 2494 formatur,
484 2451 532 2486 et
563 2445 713 2485 vivere
741 2445 916 2497 corpori
948 2451 994 2485 et
1027 2444 1197 2485 mundo
1229 2451 1298 2485 est
1331 2445 1479 2484 vivere
1514 2443 1732 2484 naturalis

225 2515 274 2550 et
305 2507 538 2556 sensualis,
567 2514 614 2548 at
646 2508 797 2548 vivere
831 2507 931 2548 Deo
963 2514 1009 2548 et
1042 2508 1171 2548 caelo
1202 2514 1271 2548 est
1298 2508 1448 2548 vivere
1475 2507 1730 2560 spiritualis.

226 2571 546 2626 Unusquisque
572 2571 711 2612 homo
743 2586 768 2612 a
799 2571 1061 2625 parentibus
1088 2572 1287 2612 nascitur
1313 2571 1545 2619 sensualis,
1574 2584 1625 2612 ac
1654 2584 1733 2624 per

226 2636 367 2677 vitam
399 2636 443 2677 in
476 2635 646 2676 mundo
678 2635 727 2676 fit
759 2635 976 2676 naturalis
1003 2636 1188 2676 interius
1221 2641 1266 2676 et
1298 2636 1499 2684 interius,
1525 2635 1610 2675 hoc
1644 2641 1729 2682 est,

170 2723 172 2726 ·
225 2699 473 2748 rationalis,
507 2699 754 2740 secundum
791 2700 933 2740 vitam
970 2699 1189 2740 moralem
1227 2705 1272 2740 et
1310 2699 1502 2747 civilem,
1542 2705 1588 2739 et
1625 2698 1730 2738 inde

226 2769 539 2816 comparatum
562 2762 740 2813 lumen;
775 2769 823 2804 at
850 2769 1013 2816 postea
1039 2762 1088 2804 fit
1115 2762 1190 2803 ille
1216 2763 1354 2803 homo
1381 2761 1623 2815 spiritualis
1651 2774 1729 2813 per

225 2839 334 2868 vera
369 2840 428 2867 ex
461 2826 617 2867 Verbo
649 2834 726 2867 aut
758 2840 817 2867 ex
850 2824 1056 2867 doctrina
1093 2840 1152 2866 ex
1187 2825 1357 2874 Verbo,
1391 2839 1441 2866 ac
1481 2838 1558 2878 per
1589 2825 1730 2865 vitam

223 2889 473 2930 secundum
496 2889 597 2930 illa:
631 2889 735 2930 inde
758 2875 968 2930 consta're
993 2896 1145 2942 potest
1168 2889 1288 2942 quod
1313 2890 1386 2942 qui
1409 2890 1493 2929 scit
1517 2888 1593 2928 illa
1615 2901 1728 2940 quae

227 2951 445 3002 Verbum,
470 2959 546 2993 aut
573 2967 687 3006 quae
711 2951 930 3001 doctrina,
955 2960 1032 2994 aut
1060 2967 1173 3007 quae
1197 2953 1482 3005 praedicator
1509 2952 1658 2998 docet,
1683 2956 1730 2990 et

227 3028 318 3056 non
341 3016 450 3057 vivit
473 3016 719 3057 secundum
743 3016 831 3066 illa,
858 3023 1086 3070 utcunque
1109 3014 1270 3057 doetus
1296 3022 1340 3056 et
1369 3015 1567 3056 eruditus
1590 3026 1728 3067 appa-
