2054 3464
387 351 411 383 2
421 351 498 395 174
811 349 1141 382 APOCALYPSIS
1171 348 1469 382 EXPLICATA.

384 460 713 502 falsificationes
744 461 860 511 veri;
899 475 977 514 per
1010 460 1331 502 “aversiones‘'
1355 475 1466 514 quae
1497 458 1670 500 validae
1701 455 1860 507 factae,
1919 464 1923 475 '

386 523 690 575 significantur
720 523 1072 564 adulterationes
1102 523 1233 575 boni3
1266 524 1385 577 quod
1415 521 1744 563 falsificationes
1770 520 1862 561 veri

385 592 430 625 et
467 585 817 626 adulterationes
858 586 962 626 boni
992 599 1080 639 -per
1113 584 1584 638 “praevaricationes‘’
1615 590 1660 624 et
1699 586 1862 624 “aver-

386 647 564 687 siones'’
586 647 902 700 significentur,
927 654 1107 689 constat
1129 662 1188 688 ex
1205 662 1333 688 versu
1356 653 1586 701 sequente,
1605 646 1679 686 ubi
1704 644 1866 686 dicitur

388 710 507 762 quod
528 710 792 750 “moechati
814 711 916 758 sint,
937 717 981 750 et
1005 710 1186 750 domum
1208 711 1452 750 meretricis
1474 708 1703 749 turmatim
1724 707 1864 748 intra-

387 771 570 820 verint,''
610 785 688 823 per
733 785 844 824 quae
892 771 1222 812 falsificationes
1270 778 1316 813 et
1364 771 1716 812 adulterationes
1763 767 1866 810 illae

388 832 705 885 significantur.
765 832 902 886 Apud
928 833 1160 883 Habakuk,

453 927 590 968 “Cujus
608 928 703 959 leves
721 935 803 960 sunt
819 939 901 969 prae
917 927 1067 969 [¹]pardis
1084 929 1189 969 equi„
1205 929 1311 961 .acuti
1328 934 1410 960 sunt
1425 938 1509 969 prae
1526 927 1617 968 lupis
1633 936 1812 968 vesperae,
1827 931 1868 958 ut

563 971 762 1003 diffundant
781 982 819 1003 se
838 973 972 1013 equites
989 972 1065 1012 ejus
1077 972 1094 984 '’
1111 973 1146 1012 (i.
1160 973 1211 1010 8):

390 1058 499 1099 haec
540 1058 594 1099 de
632 1059 942 1100 devastatione
979 1059 1195 1100 ecclesiae
1236 1073 1314 1111 per
1343 1058 1718 1099 adulterationem
1747 1057 1865 1108 veri3

395 1124 547 1173 “gens
584 1120 823 1169 Chaldaea,
858 1122 912 1162 de
944 1135 1030 1175 qua
1068 1121 1178 1162 haec
1212 1122 1431 1169 dicuntur,
1464 1120 1586 1160 illam
1618 1118 1865 1173 significate

395 1183 552 1235 “cujus
585 1183 704 1224 leves
743 1190 845 1224 sunt
878 1197 981 1236 prae
1013 1184 1159 1236 pardis
1192 1182 1331 1236 equi‚”
1362 1181 1583 1235 significat
1614 1182 1866 1234 cupidinem

390 1245 631 1285 seducendi
648 1259 723 1298 per
738 1247 980 1294 ratiocinia,
997 1253 1042 1286 et
1059 1246 1162 1286 inde
1174 1246 1400 1286 solertiam
1416 1245 1656 1285 seducendi
1673 1258 1683 1294 ;
1706 1243 1868 1296 cupido

392 1313 437 1348 et
463 1307 643 1347 solertia
668 1307 842 1348 illorum
874 1307 1147 1360 significatur
1172 1321 1249 1360 per
1270 1307 1389 1360 quod
1414 1307 1573 1348 “leves
1585 1306 1604 1322 ’'
1625 1312 1671 1347 et
1697 1305 1866 1347 celeres

390 1369 493 1418 sint,
521 1370 752 1410 ratiocinia
791 1384 849 1410 ex
890 1369 1080 1410 naturali
1124 1370 1303 1410 homine
1348 1368 1653 1422 significantur
1692 1367 1751 1409 ibi
1789 1380 1869 1420 per

393 1434 568 1484 “equos
586 1431 619 1481 ;”
645 1438 691 1471 et
718 1432 818 1484 quia
840 1432 949 1472 haec
973 1445 1050 1484 per
1073 1435 1248 1485 “equos
1260 1431 1278 1446 ”
1301 1430 1618 1483 significantur,
1643 1436 1688 1471 et
1710 1429 1868 1471 similia

391 1505 468 1545 per
496 1494 733 1545 “pardos,''
758 1494 859 1534 ideo
895 1494 1053 1534 dicitur
1083 1493 1202 1547 quod
1231 1494 1368 1546 “equi
1399 1505 1551 1534 eorum
1583 1505 1686 1545 prae
1718 1491 1867 1545 pardis

390 1555 511 1595 leves
547 1556 635 1595 sint
653 1555 686 1606 ;'’
729 1557 885 1596 “acuti
925 1562 1028 1596 sunt
1064 1569 1170 1608 prae
1209 1555 1322 1608 lupis
1361 1554 1612 1607 vesperae,”
1645 1552 1868 1607 significat

392 1618 604 1657 astutiam
627 1617 805 1658 fallendi
824 1631 900 1670 per
917 1617 1137 1668 fallacias;
1163 1617 1363 1658 fallaciae
1381 1629 1588 1658 sensuum
1606 1616 1675 1657 hic
1698 1614 1866 1669 signifi·

391 1685 548 1719 cantur
570 1693 647 1732 per
666 1679 831 1732 “lupos
854 1679 1103 1733 vesperae,”
1120 1680 1222 1733 quia
1245 1679 1447 1720 fallaciae
1468 1685 1570 1719 sunt
1592 1692 1651 1719 ex
1674 1677 1867 1719 sensuali

390 1742 582 1790 homine,
600 1743 671 1795 qui
689 1743 731 1782 in
750 1742 945 1783 tenebris
963 1742 1072 1782 falsa
1090 1743 1202 1783 sicut
1219 1756 1323 1782 vera
1337 1742 1459 1782 videt
1476 1755 1486 1792 ;
1516 1745 1541 1762 “
1554 1747 1602 1782 ut
1616 1740 1866 1782 diffundant

391 1817 438 1844 se
464 1805 636 1857 equites
658 1804 749 1856 ejus
762 1805 779 1819 ”
797 1803 1018 1857 significat
1035 1810 1084 1845 ut
1106 1818 1210 1844 vera
1227 1803 1366 1844 Verbi
1388 1817 1467 1856 per
1486 1803 1868 1844 adulterationem*

393 1865 500 1906 fiant
532 1867 783 1917 haeretica;
816 1880 894 1919 per
918 1866 1159 1919 “equites’'
1185 1865 1488 1919 significantur
1517 1866 1738 1914 haereses,
1765 1865 1869 1918 quia

392 1941 469 1979 per
493 1932 669 1981 “equos
682 1929 700 1943 ’'
726 1929 1104 1977 ratiocinationes,
1138 1942 1216 1981 per
1246 1942 1354 1982 quas
1389 1927 1707 1969 confirmantur
1742 1927 1866 1968 salsa.

395 1990 532 2043 Apud
557 1990 794 2039 Danielem,

455 2079 575 2110 Tertia
598 2079 710 2110 bestia
733 2089 752 2110 e
776 2079 865 2110 mari
893 2079 1089 2110 ascendens
1120 2085 1196 2110 erat
1220 2079 1337 2110 “sicut
1360 2079 1502 2119 pardus,
1526 2078 1581 2110 cui
1605 2078 1681 2111 alae
1705 2083 1865 2120 quatuor,

563 2123 682 2163 quales
702 2122 836 2160 avibus,
857 2132 962 2162 super
982 2129 1081 2162 tergo
1101 2123 1195 2154 illius
1205 2121 1223 2134 ’'
1241 2122 1312 2162 (vii.
1335 2123 1388 2162 6):

393 2209 654 2249 describitur
679 2209 737 2248 ibi
764 2222 840 2261 per
868 2215 1057 2262 quatuor
1078 2209 1244 2250 bestias
1269 2222 1292 2249 e
1319 2209 1428 2248 mari
1453 2207 1750 2251 ascendentes
1770 2219 1869 2249 suc*-

394 2272 564 2312 cessiva
589 2271 841 2311 devastatio
867 2271 1108 2321 ecclesiae;
1141 2277 1186 2312 et
1211 2285 1289 2324 per
1314 2272 1493 2312 tertiam
1519 2271 1634 2311 hanc
1660 2270 1864 2319 bestiam,

394 2347 506 2386 quae
536 2334 685 2373 “sicut
722 2333 923 2385 pardu5‚’'
948 2333 1252 2385 significantur
1283 2333 1440 2373 similia
1474 2347 1586 2386 quae
1623 2346 1701 2386 per
1727 2337 1865 2385 “par-

393 2396 497 2436 dum
511 2394 529 2411 ''
551 2396 593 2435 in
629 2395 713 2435 hoc
752 2395 853 2435 loco
883 2395 923 2434 A
926 2395 1220 2447 pocalypseos,
1248 2409 1407 2448 nempe
1432 2396 1663 2436 ratiocinia
1698 2395 1866 2436 discor-

395 2458 561 2506 dantia,
595 2464 640 2498 et
678 2471 814 2510 usque
852 2458 1112 2509 apparentia
1144 2458 1258 2497 sicut
1292 2457 1590 2507 cohaereant;
1630 2458 1736 2499 “cui
1770 2456 1869 2498 alae

395 2526 596 2573 quatuor,
621 2519 774 2572 quales
801 2519 967 2567 avibus,
993 2532 1122 2571 super
1147 2525 1277 2571 tergo
1298 2518 1452 2567 illiu5‚'’
1477 2518 1698 2571 significat
1728 2533 1866 2573 appa-

393 2582 583 2622 rentiam
605 2579 858 2622 intellectus
880 2581 984 2621 boni
1007 2587 1052 2621 et
1070 2581 1162 2621 veri
1179 2594 1237 2621 ex
1255 2581 1553 2634 applicatione
1571 2595 1726 2622 sensus
1747 2581 1868 2623 litte-

394 2658 468 2685 rae
495 2643 646 2684 Verbi.
705 2643 842 2695 Apud
867 2642 1125 2692 Hosdzmw,

461 2734 479 2747 ¹⁴
492 2732 567 2773 Ego
585 2732 668 2763 novi
685 2738 718 2763 te
735 2733 769 2762 in
788 2732 937 2769 deserto,
956 2732 991 2762 in
1008 2737 1101 2762 terra
1116 2732 1310 2763 siccitatum
1325 2741 1332 2769 ;
1356 2741 1434 2763 cum
1451 2742 1619 2772 pascuum
1636 2741 1768 2771 eorum,
1785 2737 1867 2764 tunc

566 2776 709 2807 saturati
728 2781 830 2811 sunt;
855 2784 932 2805 cum
951 2775 1096 2806 saturati
1114 2781 1204 2812 sunt,
1216 2780 1298 2806 tunc
1311 2775 1440 2806 elatum
1455 2781 1508 2806 est
1524 2785 1584 2806 cor
1596 2776 1740 2813 eoruin;
1764 2785 1867 2816 prop-

548 2825 660 2853 terea
676 2818 775 2849 obliti
799 2824 881 2848 sunt
907 2817 988 2854 Mei,
1006 2818 1084 2848 ideo
1101 2816 1214 2848 factus
1238 2827 1315 2849 sum
1340 2818 1407 2849 illis
1431 2819 1520 2849 sicut
1545 2818 1609 2856 leo,
1627 2819 1715 2850 sicut
1738 2819 1867 2859 pardus

566 2871 671 2902 super
687 2861 745 2892 via
761 2861 957 2891 observabo
968 2860 985 2871 ’¹
1003 2861 1087 2900 (xiii.
1109 2861 1203 2900 5-7):

395 2949 534 3002 “Ego
570 2949 672 2989 novi
710 2955 754 2989 te
791 2949 833 2988 in
870 2936 1062 2997 deserto,
1096 2948 1139 2989 in
1176 2954 1293 2990 terra
1323 2947 1613 2997 siccitatum,’'
1643 2946 1864 3001 significat

2029 2340 2054 2363 .··

2020 2419 2054 2459 ,ἐς

2017 2563 2025 2567 -
2036 2574 2054 2602 vi

2013 2662 2017 2663 ⁷
2031 2649 2054 2682 723
