2008 3458
593 385 701 419 oAP.
725 385 848 426 xm„
871 383 1011 417 VERS.
1040 382 1210 428 13.—-N.
1233 374 1328 426 825.
1596 377 1705 423 23¹5

287 499 425 554 ⁴825·
462 498 546 540 “vt
560 501 606 539 et
621 497 754 552 {quem
775 496 910 538 faeiat
929 496 1185 538 descendere
1206 508 1229 536 e
1251 494 1369 536 eaelo
1391 493 1431 533 in
1455 496 1611 533 terram
1636 504 1706 532 00-

211 574 309 614 mm
321 560 777 614 homlnibus.”—Quod
799 559 1027 613 significet
1054 572 1247 600 amorem
1256 557 1385 610 falsi
1401 571 1459 597 ex
1477 555 1594 597 malo
1613 555 1707 596 ori-

213 625 380 666 undum
397 637 456 666 ex
461 624 600 678 fastu
609 623 830 676 propriae
850 621 1176 675 intelligentiae
1195 621 1312 662 sicut
1318 620 1448 672 foret
1462 633 1590 659 amor
1609 618 1710 658 veri

211 701 270 729 ex
287 686 396 728 bono
418 687 500 741 qui
517 685 576 728 “le
597 685 733 727 caelis
763 685 812 725 in
840 683 1035 733 ecclesia,
1059 689 1247 725 constat
1278 696 1339 723 ex
1370 681 1707 735 significatione

215 749 412 804 “ignis,''
433 749 555 804 quod
588 749 647 789 sit
678 761 807 788 amor
836 748 881 787 in
913 753 1106 800 utroque
1137 759 1287 795 sensu,
1316 758 1481 798 nempe
1512 757 1640 785 amor
1664 744 1708 784 in

213 811 478 862 Dominum,
505 818 553 853 et
583 825 713 852 amor
737 823 846 864 erga
877 810 1154 864 proximum,
1182 815 1229 850 et
1261 809 1304 849 in
1331 808 1546 862 opposito
1571 820 1709 847 sensu

213 886 344 916 amor
378 875 446 916 sui
479 881 527 916 et
548 887 678 915 amor
713 873 870 915 mundi
906 883 962 921 (de
980 892 1046 920 qua
1065 891 1172 921 supra,
1192 891 1224 912 n.
1249 881 1341 924 504,
1361 880 1485 923 539);
1523 875 1569 910 et
1603 870 1709 910 inde

75 963 92 976 —.
115 994 123 1005 ᾖ
153 944 157 945 ’
212 947 343 980 amor
357 937 467 979 boni
488 943 535 978 et
552 937 662 985 veri,
682 942 778 977 tum
801 949 930 976 amor
951 935 1060 975 mali
1082 941 1129 976 et
1150 934 1266 981 falsi,
1287 947 1392 975 nam
1415 934 1569 974 omnia
1587 933 1710 973 bona

212 1006 261 1043 et
281 999 387 1042 inde
406 1013 516 1041 vera
536 999 766 1054 profluunt
792 1012 852 1039 ex
874 1010 1030 1039 amore
1054 998 1099 1038 in
1125 997 1374 1038 Dominum
1396 1003 1443 1037 et
1469 1010 1529 1036 ex
1554 1009 1710 1036 amore

213 1077 324 1120 erga
353 1065 625 1119 proximum,
654 1070 700 1105 et
732 1064 927 1104 vicissim
958 1063 1110 1103 omnia
1141 1062 1261 1102 mala
1291 1068 1338 1102 et
1370 1061 1474 1102 inde
1506 1061 1617 1101 falsa
1648 1075 1707 1101 ex

195 1122 369 1170 ‘amore
399 1128 466 1169 sui
496 1134 543 1169 et
574 1141 726 1168 amore
759 1126 938 1167 mundi:
972 1125 1076 1166 inde
1108 1131 1192 1174 est,
1221 1125 1341 1178 quod
1374 1125 1447 1178 qui
1479 1125 1524 1164 in
1556 1137 1708 1164 amore

213 1191 281 1233 sui
305 1197 353 1233 et
378 1191 532 1232 mundi
558 1197 677 1238 sunt,
706 1190 748 1230 in
776 1202 929 1230 amore
956 1188 1155 1229 omnium
1184 1187 1404 1228 malorum
1431 1187 1534 1227 inde
1561 1187 1710 1227 oriun-

213 1253 390 1302 dorum,
425 1258 472 1293 et
505 1252 549 1292 in
575 1264 732 1292 amore
765 1250 982 1292 falsorum
1014 1263 1074 1290 ex
1100 1249 1190 1289 illis
1217 1248 1349 1289 malis
1376 1249 1467 1289 sint
1486 1262 1494 1299 ;
1526 1259 1581 1297 (de
1596 1259 1713 1296 quibus

212 1317 386 1352 amoribus,
398 1320 431 1346 et
441 1316 517 1346 inde
531 1315 674 1345 oriundis
689 1315 780 1344 malis
795 1319 826 1344 et
845 1314 939 1349 salsis,
954 1314 1101 1343 videatur
1115 1312 1148 1343 in
1163 1313 1321 1342 Doc‘trina
1337 1313 1447 1342 Novae
1466 1313 1712 1350 Hierosolymae,

212 1374 440 1415 n.-⁶5-12183:)
483 1378 544 1406 ex
583 1363 919 1418 significatione
958 1362 1110 1404 facere
1149 1362 1293 1410 illum,
1335 1375 1500 1415 nempe
1541 1362 1711 1415 ignem,

216 1431 532 1475 “descendere
557 1445 582 1472 e
608 1430 736 1471 caelo
753 1429 787 1481 ;”
823 1430 909 1471 hoc
936 1430 1111 1478 dicitur,
1139 1429 1242 1483 quia
1268 1428 1359 1469 tale
1391 1427 1441 1469 fit
1473 1429 1516 1469 in
1544 1428 1713 1468 mundo

214 1493 432 1552 spirituali
462 1494 520 1535 ab
549 1493 636 1534 illis
668 1493 741 1547 qui
776 1491 858 1547 [in]
892 1492 980 1533 fide
1012 1499 1222 1545 separata
1254 1498 1372 1540 sunt,
1398 1505 1476 1544 per
1506 1498 1627 1532 artes
1653 1491 1713 1532 ibi

216 1565 375 1601 notas:
407 1558 529 1612 quod
560 1558 619 1599 sit
651 1557 917 1610 apparentia
947 1556 1063 1597 sicut
1089 1569 1215 1597 amor
1240 1555 1337 1596 falsi
1363 1569 1423 1596 ex
1451 1555 1571 1596 malo
1597 1555 1713 1596 foret

215 1635 342 1664 amor
365 1622 459 1664 veri
488 1635 550 1663 ex
575 1621 711 1670 bono,
740 1626 809 1661 est
841 1634 900 1661 ex
927 1618 1268 1660 confirmatione
1295 1618 1398 1660 fidei
1424 1625 1660 1672 separatae
1687 1632 1713 1659 a

216 1686 311 1728 vita
334 1699 416 1740 per
437 1698 618 1726 sensum
651 1684 829 1725 litterae
855 1683 1023 1734 Verbi;
1057 1696 1162 1724 nam
1189 1683 1309 1736 quod
1336 1681 1627 1724 confirmatur
1652 1696 1712 1723 ex

217 1749 388 1799 Verbo,
421 1763 480 1791 ex
513 1747 641 1789 caelo
677 1746 994 1797 confirmatur;
1027 1752 1074 1787 at
1105 1746 1280 1794 salsum,
1315 1746 1422 1786 dum
1453 1760 1513 1787 ex
1541 1745 1711 1794 Verbo,

218 1825 310 1854 non
334 1825 394 1854 ex
420 1811 548 1853 caelo
575 1809 879 1859 confirmatur,
907 1809 987 1851 sed
1014 1809 1152 1850 modo
1177 1816 1365 1862 apparet
1392 1810 1507 1850 sicut
1533 1823 1556 1850 e
1584 1809 1712 1850 caelo

219 1874 535 1917 confirmatum
554 1887 562 1915 :
591 1880 636 1915 et
655 1888 714 1915 ex
733 1872 1061 1926 significatione
1078 1877 1103 1894 “
1116 1886 1268 1914 coram
1286 1872 1580 1921 hominibus,'’
1592 1873 1713 1927 quod

218 1939 277 1980 sit
302 1939 518 1992 imprimis
539 1951 692 1979 coram
723 1936 809 1977 illis
834 1937 906 1990 qui
938 1937 983 1977 in
1008 1936 1125 1977 fastu
1151 1937 1355 1989 propriae
1382 1936 1713 1989 intelligentiae

217 2008 338 2051 sunt,
357 2007 403 2044 et
425 2002 500 2056 qui
521 2001 698 2054 scriptis
719 2007 765 2042 et
789 1999 1199 2053 praedicationibus
1226 2000 1343 2053 apud
1366 2014 1414 2040 se
1436 2000 1714 2041 haereticum

217 2065 263 2106 id
299 2065 468 2119 dogma
500 2064 795 2115 confirmant;
839 2077 899 2104 ex
930 2062 1017 2104 illis
1049 2063 1278 2104 derivatur
1309 2063 1352 2104 id
1385 2063 1442 2104 ad
1472 2063 1713 2117 simplices,

217 2129 292 2183 qui
331 2141 423 2170 non
462 2128 507 2168 in
546 2127 664 2168 fastu
697 2127 901 2180 propriae
942 2125 1273 2179 intelligentiae
1310 2134 1429 2174 sunt,
1464 2133 1510 2167 at
1548 2127 1591 2167 hi
1624 2140 1715 2167 non

166 2193 170 2197 ’
220 2190 490 2234 confirmant
516 2190 624 2232 illud
650 2190 770 2244 apud
801 2203 863 2239 se,
892 2189 971 2231 sed
1002 2196 1240 2231 autumant
1266 2190 1386 2244 quod
1418 2191 1482 2230 ita
1514 2191 1585 2239 sit,
1614 2191 1716 2244 quia

220 2269 247 2296 a
270 2255 367 2296 viro
397 2254 659 2296 eruditionis
690 2261 736 2294 et
767 2253 871 2294 inde
902 2251 1184 2294 auctoritatis
1215 2252 1384 2294 dietum
1417 2259 1487 2294 est
1520 2260 1565 2294 et
1591 2267 1716 2294 asse-

220 2324 458 2368 veratum;
496 2331 650 2358 verum
682 2317 727 2358 hi
758 2316 903 2357 solum
935 2316 979 2358 id
1011 2317 1227 2358 memoria
1257 2323 1433 2365 tenent,
1467 2316 1530 2357 illi
1562 2323 1715 2358 autem

219 2380 494 2434 implantant
515 2380 626 2421 illud
648 2393 752 2421 suae
776 2381 910 2428 vitae,
934 2379 1150 2432 imprimis
1176 2379 1211 2420 si
1233 2380 1445 2420 vixerunt
1468 2380 1715 2420 secundum

219 2443 358 2495 illud;
392 2450 438 2485 et
469 2443 591 2497 quod
622 2443 919 2496 implantatur
943 2443 1078 2499 vitae,
1106 2442 1191 2483 hoc
1218 2443 1262 2483 in
1293 2449 1528 2483 aeternum
1560 2443 1716 2484 inhae-

219 2512 303 2556 ret,
337 2519 428 2549 non
459 2512 612 2547 autem
645 2506 764 2560 quod
797 2505 943 2546 solum
976 2506 1232 2547 memoriae.
1306 2505 1471 2546 Fastus
1512 2507 1716 2559 propriae

220 2569 552 2623 intelligentiae
584 2575 652 2610 est
685 2569 803 2621 apud
841 2582 998 2610 omnes
1030 2569 1104 2622 qui
1134 2568 1246 2609 salsa
1277 2568 1546 2610 confirmant
1578 2583 1717 2623 usque

220 2633 279 2674 ad
310 2631 665 2674 destruetionem
703 2632 853 2673 Divini
884 2631 1007 2681 Veri,
1041 2633 1085 2672 in
1118 2646 1207 2686 quo
1245 2638 1349 2672 sunt
1390 2632 1541 2685 angeli
1578 2633 1716 2674 caeli:

221 2702 327 2738 sunt
358 2696 478 2737 enim
510 2695 572 2736 illi
603 2696 647 2736 in
681 2709 735 2736 eo
767 2695 883 2736 fastu
909 2696 983 2749 qui
1009 2709 1056 2736 se
1089 2694 1234 2736 solum
1261 2693 1484 2748 spectant,
1514 2696 1597 2736 hoc
1631 2703 1716 2745 est,

221 2760 288 2801 sui
313 2759 492 2807 famam,
516 2759 559 2798 in
586 2759 765 2811 scriptis
791 2765 838 2799 et
864 2759 907 2799 in
930 2758 1367 2811 praedicationibus;
1402 2765 1505 2799 sunt
1531 2759 1648 2799 enim
1673 2760 1717 2800 in

221 2836 375 2864 amore
407 2823 487 2871 sui,
515 2828 561 2863 et
593 2822 739 2862 omnis
772 2822 845 2876 qui
876 2822 920 2862 in
951 2835 1103 2862 amore
1134 2822 1201 2862 sui
1232 2828 1316 2869 est,
1345 2822 1452 2862 dum
1484 2822 1637 2863 scribit
1669 2830 1716 2864 et

223 2886 470 2941 praedicat,
498 2886 542 2926 in
567 2884 684 2926 fastu
711 2891 795 2934 est,
823 2891 869 2926 et
895 2884 1036 2926 fastus
1061 2898 1120 2925 ex
1149 2885 1328 2937 proprio
1350 2885 1543 2926 hominis
1566 2886 1718 2927 omnia

224 2949 364 2991 trahit
385 2963 395 2999 ;
422 2948 525 2988 inde
543 2953 612 2988 est
631 2947 752 3001 quod
773 2947 949 2988 dicatur
969 2947 1110 2988 fastus
1129 2948 1333 3000 propriae
1356 2947 1686 3000 intelligentiae
1707 2961 1716 2998 ;

223 3025 350 3054 amor
371 3012 436 3053 sui
458 3010 624 3052 residet
646 3012 690 3051 in
709 3010 958 3060 voluntate,
982 3023 1034 3052 ac
1060 3010 1201 3051 fastus
1224 3010 1428 3063 propriae
1454 3009 1717 3063 intelligen-
