2008 3458
357 387 467 439 2278
769 394 1100 429 APOCALYPSIS
1131 397 1429 430 EXPLICATA.

359 506 477 559 apud
505 506 712 556 eundern,
1977 502 1987 530 7

422 582 441 595 “
452 581 666 613 Obtulerunt
693 581 923 623 paralyticum
952 592 1059 623 super
1085 581 1178 614 lefto
1204 583 1380 624 jacentem
1396 594 1402 622 ;
1432 585 1556 616 videns
1583 584 1703 626 Jesus.
1717 584 1837 619 ,fidem

528 634 660 662 eorum,
681 625 769 656 dixit
785 625 989 665 paralytico,
1008 625 1182 664 Confide,.
1198 628 1362 659 .remissa
1385 634 1482 659 sunt.
1497 633 1655 667 .peccata
1670 634 1731 660 tua
1742 637 1767 666 ;.
1778 652 1788 661 .
1800 652 1809 661 .
1821 651 1832 663 .
1973 638 1981 643 '

527 677 676 707 surgens
690 668 774 699 tolle
792 666 922 699 led’tum
941 674 1038 700 tuum
1055 675 1090 700 et
1106 670 1164 701 abi
1181 670 1216 701 in
1234 671 1377 702 domum
1396 677 1492 702 tuam
1503 670 1521 683 '’
1538 671 1596 711 (ix.
1610 678 1693 711 2—7;
1709 670 1795 710 Luc,
1803 680 1844 711 v„

529 711 664 751 19—25):

355 786 474 839 apud
500 786 708 835 eundern,

420 862 438 875 ‘⁴
450 860 528 892 Duo
546 861 638 892 caeci
656 861 849 892 clamantes
867 867 902 892 et
921 862 1088 900 dicentes,
1108 861 1278 894 Miserere
1295 863 1418 901 nostri,
1433 863 1480 894 fili
1496 862 1641 895 Davidis
1655 874 1679 895 :.
1693 887 1701 896 .
1713 887 1722 895 .
1736 863 1838 896 ‚dixit
1915 879 1935 903 >-

528 900 596 934 iilis
613 904 727 945 Jesus,
746 904 945 936 Creditisne
962 905 1055 945 quod
1073 906 1206 945 possim
1227 906 1293 937 hoc
1310 906 1447 939 facere?
1493 906 1623 938 Dicunt
1643 906 1703 945 illi,
1722 905 1838 939 Immo

529 947 703 984 Domine;
728 954 810 978 tunc
830 948 945 988 tetigit
965 948 1086 979 oculos
1108 948 1257 986 illorum,
1279 950 1410 987 dicens,
1430 949 1536 990 Juxta
1559 949 1662 980 fidem
1681 955 1837 982 vestram
1859 979 1862 988 ,

527 990 586 1021 fiet
602 991 703 1022 vobis
719 1000 726 1029 ;
744 997 778 1022 et
794 992 905 1031 aperti
929 998 1012 1022 sunt
1028 1001 1153 1022 eorum
1173 991 1295 1023 oculi''
1312 993 1369 1032 (ix.
1388 990 1522 1034 27—29[,
1540 990 1632 1034 30]):
1976 992 1985 1008 ⁸

357 1095 435 1134 per
452 1081 566 1121 hanc
585 1080 732 1130 fidem,
757 1095 836 1135 per
857 1095 990 1135 quam
1008 1083 1156 1123 sanati
1178 1082 1354 1123 fuerunt
1374 1083 1564 1136 aegroti,
1585 1096 1674 1124 non
1700 1083 1836 1125 intel·
1931 1087 1934 1090 ’
1976 1124 1983 1131 ..

356 1146 508 1197 ligitur
533 1144 620 1184 alia
645 1144 755 1185 fides
781 1158 914 1198 quam
940 1159 1054 1198 quae
1081 1152 1270 1186 vocatur
1296 1147 1524 1194 historica,
1543 1160 1665 1200 quae
1697 1147 1835 1188 etiam

356 1221 409 1247 eo
443 1213 646 1260 tempore
684 1207 762 1248 fuit
801 1207 1095 1258 miraculosa;
1142 1214 1416 1261 quapropter
1456 1208 1584 1250 multi
1624 1222 1701 1262 per
1736 1221 1837 1250 eam
1979 1214 1982 1221 “

355 1269 488 1310 fidem
506 1284 559 1310 eo
578 1275 782 1322 tempore
801 1270 1014 1311 miracula
1033 1270 1234 1310 fecerunt
1253 1283 1261 1309 :
1295 1270 1405 1310 fides
1428 1277 1525 1311 erat
1542 1271 1660 1324 quod
1679 1271 1835 1312 Domi-

356 1345 437 1372 nus
469 1338 590 1372 esset
618 1333 919 1384 omnipotens,
947 1333 1050 1385 quia
1082 1346 1140 1372 ex
1168 1331 1224 1372 Se
1252 1334 1399 1385 potuit
1427 1333 1640 1374 miracula
1664 1333 1835 1384 sacere;
1974 1323 1984 1362 ἶ

356 1408 490 1447 quare
515 1395 653 1434 etiam
677 1395 857 1435 admisit
880 1395 923 1434 in
947 1394 1004 1435 Se
1027 1395 1331 1443 adorationes,
1360 1409 1487 1435 secus
1509 1409 1560 1436 ac
1587 1396 1835 1450 prophetae
1975 1391 1985 1429 s

359 1456 541 1496 Veteris
563 1456 862 1505 Testamenti,
887 1457 959 1510 qui
987 1470 1076 1497 non
1101 1457 1276 1497 adorati
1299 1464 1415 1498 sunt.
1476 1457 1565 1499 Sed
1587 1458 1697 1499 haec
1724 1457 1834 1514 fides
1976 1480 1981 1482 -

356 1519 569 1559 historica
592 1519 774 1559 omnino
797 1520 1053 1572 praecedet,
1079 1525 1322 1572 antequam
1349 1520 1507 1560 eadem
1534 1520 1584 1561 fit
1610 1519 1833 1571 salvifica;
1974 1531 1980 1536 ’

358 1594 461 1621 num
482 1588 587 1621 tunc
611 1581 722 1622 fides
740 1581 954 1622 historica
971 1582 1088 1635 apud
1108 1581 1336 1622 hominem
1355 1581 1404 1622 fit
1427 1582 1636 1631 salvifica,
1655 1582 1834 1636 quando
1975 1603 1978 1606 ⁴

356 1644 493 1684 homo
510 1657 615 1684 vera
631 1658 690 1684 ex
707 1644 859 1685 Verbo
878 1644 1085 1693 addiscit,
1102 1651 1147 1685 et
1166 1645 1411 1685 secundum
1429 1644 1506 1685 illa
1519 1645 1641 1686 vivit.
1697 1644 1836 1698 Apud
1975 1664 1979 1669 -

359 1706 566 1755 eundem,

1979 562 2008 659 ῖὲ

1963 700 1967 702 -
1989 667 2008 709 3.

1964 719 1965 722 κ
1987 706 2008 734 ,¹4

1992 796 2008 842 Z]

1989 887 2008 910 τὸ·

1961 951 1963 954 <
1989 912 2008 973 ’ῖὲ

1960 974 2008 1026 στῆ

1982 1017 2008 1079 ἒ

1990 1080 2008 1094 0,

1980 1098 2008 1131 ’ᾗ

1981 1134 2008 1170 fis&

1982 1177 2008 1198 ,Α

1980 1204 2008 1238 {z

1979 1234 2008 1276 &i

1984 1281 2008 1387 ἒ

1982 1389 2008 1574 Ξ

422 1796 552 1828 Mulier
565 1796 764 1834 Cananaea,
779 1796 879 1836 cujus
897 1796 969 1827 filia
984 1806 1005 1828 a
1021 1797 1212 1828 daemonio
1223 1797 1354 1836 agitata
1367 1797 1441 1834 fuit,
1457 1798 1475 1811 ‘¹
1485 1797 1582 1828 venit
1597 1802 1632 1828 et
1646 1796 1807 1828 adoravit
1817 1795 1837 1810 ’⁸
1964 1782 1966 1784 Ι
1980 1793 2008 1840 J}

528 1840 661 1881 Jesum,
682 1841 844 1878 “dicens,
864 1840 1018 1871 Domine
1037 1840 1168 1880 adjuva
1192 1850 1248 1871 me
1262 1850 1285 1876 ;.
1300 1865 1307 1872 .
1321 1864 1328 1871 .
1343 1841 1446 1871 .dixit
1470 1840 1519 1871 illi
1542 1839 1671 1882 Jesus,.
1686 1839 1837 1880 .Magna
1986 1843 2008 1881 ἒξ

528 1890 581 1914 est
598 1883 683 1915 fides
701 1889 769 1921 tua,
785 1883 843 1915 fiat
859 1883 922 1914 tibi
939 1883 1029 1915 sicut
1045 1884 1098 1914 vis
1112 1892 1120 1921 ;
1145 1889 1179 1914 et
1196 1889 1321 1914 sanata
1337 1890 1390 1914 est
1403 1883 1473 1914 filia
1489 1883 1566 1923 ejus
1576 1882 1594 1895 ”
1610 1883 1680 1924 (xv.
1694 1882 1835 1924 22-28):
1947 1918 1948 1921 Ἰ

357 1965 475 2019 apud
502 1965 767 2014 Johannem,
1962 1953 2008 1976 ³

422 2042 440 2055 ‘⁴
452 2040 592 2080 Regius,
611 2040 710 2080 cujus
728 2041 819 2071 filius
836 2041 1042 2080 aegrotabat
1052 2040 1070 2052 '¹
1085 2041 1232 2080 rogabat
1247 2040 1379 2081 Jesum,
1393 2046 1431 2071 ut
1450 2046 1592 2072 sanaret
1607 2039 1715 2072 filium
1732 2049 1834 2072 suum

527 2091 716 2124 antequam
749 2091 962 2121 moreretur;
989 2084 1104 2114 “dixit
1129 2084 1178 2114 illi
1202 2083 1315 2124 Jesus,
1341 2084 1420 2122 Abi,
1446 2083 1536 2114 filius
1559 2089 1638 2114 tuus
1662 2083 1769 2119 vivit:
1799 2089 1836 2115 et

529 2127 675 2158 credidit
695 2128 802 2157 homo
823 2128 931 2157 verbo
951 2127 1044 2167 quod
1068 2127 1157 2158 dixit
1181 2127 1232 2157 illi
1251 2126 1354 2167 Jesus
1370 2137 1393 2158 1.
1408 2151 1414 2158 .
1430 2132 1479 2158 ,et
1499 2127 1591 2158 servi
1610 2131 1838 2158 occurrerunt
1989 2129 2008 2162 ἴε

528 2170 605 2207 illi„
620 2194 627 2201 .
642 2170 824 2207 ,dicentes,
835 2170 943 2201 Filius
954 2176 1034 2201 tuus
1044 2170 1131 2201 vivit
1144 2179 1168 2207 ;.
1183 2194 1190 2202 .
1204 2194 1212 2201 .
1227 2194 1234 2201 .
1243 2170 1322 2200 ideo
1334 2170 1481 2200 credidit
1494 2169 1562 2207 ille,
1572 2176 1608 2200 et
1620 2175 1695 2201 tota
1705 2169 1834 2201 domus
1991 2173 2004 2181 ’·

528 2213 634 2253 ejus’'
651 2213 708 2252 (iv.
728 2213 869 2253 46-53):

359 2287 477 2341 apud
505 2288 712 2336 eundem,

421 2365 524 2407 Jesus
544 2365 729 2396 inveniens
746 2374 887 2395 caecum
906 2369 1038 2402 natum,
1057 2373 1159 2404 quem
1178 2364 1324 2401 sanavit,
1343 2363 1430 2395 dixit
1450 2363 1509 2401 illi,
1524 2362 1654 2395 “Tune
1669 2363 1782 2395 credis
1799 2364 1836 2396 in

531 2407 655 2438 Filium
678 2408 768 2440 Dei?
814 2407 1012 2447 Respondit
1031 2408 1089 2438 ille
1106 2414 1140 2438 et
1157 2407 1253 2444 dixit,
1272 2407 1359 2447 Quis
1377 2412 1441 2444 est,
1460 2406 1622 2444 Domine,
1639 2412 1678 2438 ut
1695 2407 1836 2438 credam

530 2451 565 2481 in
586 2451 713 2487 Illum?
758 2450 856 2481 Dixit
871 2450 936 2482 illi.
951 2475 974 2488 .,
991 2450 1035 2481 Et
1051 2450 1168 2481 vidisti
1189 2450 1320 2490 Ipsum,
1335 2456 1369 2480 et
1385 2450 1444 2490 qui
1460 2449 1612 2490 loquitur
1626 2455 1738 2481 tecum
1754 2449 1836 2490 Ipse

528 2500 591 2525 est.
641 2493 719 2525 Ille.
734 2494 846 2531 .dixit,
865 2493 990 2532 Credo,
1010 2493 1173 2531 Domine,
1191 2500 1226 2524 et
1242 2493 1404 2524 adoravit
1422 2492 1543 2533 Ipsum
1555 2492 1573 2504 ”
1586 2493 1646 2533 (ix.
1665 2493 1804 2533 35-38):

359 2573 478 2627 apud
503 2573 679 2623 Lucam,

421 2649 524 2691 Jesus
537 2648 624 2679 dixit
640 2648 684 2679 ad
700 2647 1032 2688 archisynagogum,
1047 2646 1145 2687 cujus
1160 2647 1231 2678 filia
1247 2653 1386 2677 mortua
1403 2652 1466 2684 est,
1483 2647 1501 2660 ‘¹
1513 2645 1566 2678 Ne
1583 2646 1716 2684 timeto,
1734 2645 1837 2678 erede

530 2691 647 2729 modo,
665 2697 738 2723 tum
756 2691 953 2722 servabitur
965 2690 995 2729 ;'’
1014 2696 1050 2722 et
1066 2691 1273 2722 resuscitata
1290 2697 1343 2721 est
1359 2690 1431 2720 filia
1447 2689 1530 2730 (viii.
1549 2697 1599 2728 50,
1619 2697 1634 2728 5
1641 2689 1691 2729 5):

361 2768 479 2822 apud
506 2767 714 2815 eundem,

453 2844 554 2875 Unus
579 2853 622 2874 ex
645 2843 766 2874 decem
789 2841 939 2882 leprosis
958 2851 980 2872 a
1000 2841 1155 2872 Domino
1179 2841 1323 2878 sanatis,
1345 2850 1518 2877 reversus,
1538 2840 1597 2881 qui
1616 2845 1690 2871 erat
1714 2839 1836 2871 Sama-

532 2887 607 2922 rita,
633 2886 757 2917 cecidit
787 2895 893 2925 super
919 2885 1045 2916 faciem
1076 2894 1186 2922 suam,
1218 2885 1262 2915 ad
1290 2885 1397 2923 pedes
1425 2884 1520 2924 Jesu,
1546 2885 1609 2914 “et
1642 2883 1729 2914 dixit
1755 2881 1835 2914 illi'·

530 2930 644 2971 Jesus,
663 2929 811 2969 “Surge,
828 2928 896 2967 abi,
914 2928 1000 2960 fides
1017 2935 1077 2960 tua
1092 2937 1218 2959 sanum
1235 2934 1269 2959 te
1286 2927 1395 2958 iecit''
1412 2927 1506 2967 (xvii.
1526 2924 1593 2968 [15,
1614 2923 1680 2967 16,]
1701 2925 1772 2966 19):

360 3005 476 3059 apud
505 3005 711 3054 eundem,
