2054 3464
458 362 482 392 2
492 352 566 404 198
868 360 1198 395 APOCALYPSIS
1229 362 1525 396 EXPLICATA.

458 486 570 526 quae
596 486 676 526 pro
702 472 919 514 ecclesia:
954 488 1012 515 ex
1040 473 1369 527 significatione
1395 474 1678 524 “draconis,’'
1704 474 1823 529 quod
1849 475 1940 518 sint

458 536 531 588 qui
553 536 596 575 in
615 535 701 576 fide
720 543 928 589 separata
945 551 970 577 a
989 537 1212 579 charitate
1230 544 1348 586 sunt,
1370 537 1573 579 dofflina
1591 544 1638 579 et
1659 539 1767 586 vita,
1785 539 1849 580 ita
1865 538 1939 592 qui

458 605 714 651 agnoscunt
741 599 1045 640 salvationem
1070 606 1116 641 et
1137 600 1510 653 justificationem
1538 615 1616 654 per
1637 601 1783 642 solam
1804 600 1939 642 fidem

459 671 514 706 (de
529 671 896 713 quasupra,n.714):
932 668 978 702 et
1009 676 1068 703 ex
1095 662 1425 715 significatione
1455 664 1739 716 “potestatis
1764 664 1940 704 bestiae

459 736 517 762 ex
544 719 781 771 dracone‚”
807 724 926 776 quod
953 725 1011 764 sit
1038 723 1232 765 firmatio
1263 731 1309 765 et
1341 725 1651 766 corroboratio
1682 724 1798 766 illius
1825 724 1939 778 dog-

459 787 593 825 matis
631 800 709 838 per
745 788 955 827 inventas
992 787 1334 840 conjunctiones
1376 788 1478 828 fidei
1515 801 1616 828 cum
1651 788 1861 841 operibus
1886 799 1942 836 (de

458 859 572 894 quibus
593 868 696 896 supra,
717 868 747 888 n.
769 849 892 900 786):
934 840 1038 890 inde
1075 855 1260 890 constat
1299 851 1419 903 quod
1458 864 1538 903 per
1574 850 1941 892 “Adoraverunt

459 909 717 957 draconem,
732 911 804 963 qui
819 910 943 951 dedit
958 917 1236 963 potestatem
1251 911 1462 958 bestiae‚”
1478 911 1753 964 significetur
1767 912 1941 964 agnitio

459 971 723 1012 salvationis
761 979 806 1013 et
843 973 1177 1025 justificationis
1209 987 1287 1027 per
1327 974 1470 1014 solam
1504 973 1651 1023 fidem,
1685 973 1861 1015 firmata
1891 979 1940 1015 et

460 1034 751 1075 corroborata
788 1049 866 1088 per
902 1036 1112 1076 inventos
1145 1036 1304 1076 modos
1342 1036 1640 1096 conjungendi
1678 1035 1802 1076 illam
1839 1049 1940 1077 cum

459 1096 589 1136 bonis
612 1098 831 1150 operibus,
857 1104 902 1138 et
928 1098 1032 1138 inde
1055 1099 1256 1151 receptio
1283 1099 1325 1138 in
1349 1097 1565 1139 doctrina.
1626 1099 1801 1139 Dicitur
1821 1099 1942 1152 quod

460 1159 628 1211 dogma
668 1160 722 1200 de
770 1160 1021 1201 salvatione
1062 1166 1107 1202 et
1144 1160 1465 1212 justificatione
1511 1175 1589 1214 per
1629 1160 1771 1202 solam
1808 1160 1941 1202 fidem

460 1221 684 1262 firmatum
721 1229 766 1263 et
806 1223 1145 1263 corroboratum
1183 1223 1241 1263 sit
1276 1236 1354 1275 per
1386 1223 1596 1263 inventos
1634 1223 1794 1264 modos
1833 1237 1941 1264 con-

456 1283 698 1336 junffionis
731 1285 822 1337 ejus
855 1298 955 1325 cum
981 1285 1111 1325 bonis
1138 1285 1373 1337 operibus;
1412 1285 1491 1325 sed
1524 1284 1793 1338 intelligitur
1822 1286 1943 1340 quod

461 1347 569 1387 illud
592 1347 760 1399 dogma
783 1347 1040 1387 nullatenus
1063 1361 1140 1400 per
1161 1347 1263 1387 illos
1285 1346 1510 1387 firmatum
1533 1353 1579 1388 et
1601 1347 1941 1390 corroboratum

462 1410 532 1456 sit,
572 1422 675 1449 nam
713 1410 756 1449 id
791 1423 868 1462 per
907 1409 1220 1449 “draconem’'
1256 1409 1538 1462 intelligitur,
1577 1416 1623 1450 et
1661 1409 1942 1452 confirmatio

461 1472 552 1524 ejus
579 1486 656 1525 per
678 1473 912 1513 ratiocinia
934 1486 993 1512 ex
1020 1472 1212 1512 naturali
1233 1472 1415 1513 homine
1439 1486 1516 1525 per
1537 1472 1653 1513 hanc
1680 1473 1909 1514 “bestiam
1921 1472 1941 1488 ‘'

461 1535 665 1583 traditur,
691 1542 736 1575 et
759 1549 837 1588 per
861 1535 1143 1576 “draconem
1156 1534 1175 1549 ’'
1198 1540 1244 1575 et
1268 1534 1360 1587 ejus
1385 1535 1614 1575 “bestiam
1627 1535 1646 1550 ’'
1663 1534 1940 1588 significatur

461 1597 553 1638 tale
586 1598 704 1650 quod
737 1611 838 1637 cum
866 1597 1020 1637 Verbo
1052 1597 1295 1645 discordat,
1329 1603 1374 1637 et
1407 1611 1496 1637 non
1529 1597 1740 1650 conjungi
1770 1604 1939 1651 potest.

461 1660 527 1701 Ut
559 1666 715 1713 pateat
742 1660 861 1713 quod
894 1673 984 1700 non
1017 1659 1228 1712 conjungi
1254 1660 1412 1712 possit,
1441 1659 1575 1700 velim
1601 1659 1671 1701 hic
1699 1660 1940 1702 ostendere

462 1723 580 1776 quod
609 1723 705 1763 sola
731 1723 840 1763 fides
868 1736 1086 1776 nusquam
1110 1723 1252 1775 possit
1275 1722 1456 1775 aliquod
1484 1723 1651 1763 bonum
1678 1723 1937 1776 producere,

462 1799 538 1825 seu
565 1786 684 1839 quod
716 1800 774 1826 ex
807 1785 904 1826 sola
930 1785 1015 1826 fide
1042 1785 1199 1838 aliquis
1225 1785 1368 1825 bonus
1394 1783 1562 1825 fructus
1589 1785 1695 1826 dari.
1753 1785 1944 1827 Putatur

465 1849 584 1902 quod
616 1849 727 1889 fides
765 1850 822 1889 sit
857 1849 1041 1889 credere
1078 1848 1197 1901 quod
1235 1848 1453 1888 Dominus
1488 1861 1644 1900 passus
1675 1849 1734 1889 sit
1766 1861 1944 1890 crucem

463 1925 543 1964 pro
576 1912 741 1952 nostris
774 1912 988 1964 peccatiS,
1021 1917 1066 1951 et
1099 1924 1177 1963 per
1207 1911 1250 1950 id
1283 1910 1523 1950 redemerit
1555 1924 1637 1950 nos
1670 1911 1727 1950 ab
1757 1911 1942 1960 inferno,

463 1981 508 2014 et
527 1975 646 2027 quod
665 1974 823 2014 horum
841 1974 950 2014 fides
970 1974 1184 2026 imprimis
1197 1972 1410 2025 justificet
1429 1979 1474 2013 et
1495 1973 1641 2013 salvet
1659 1987 1668 2023 ;
1703 1979 1749 2014 et
1767 1979 1945 2026 praeter

462 2036 551 2085 illa,
581 2037 699 2089 quod
726 2036 835 2076 fides
862 2037 919 2076 sit
946 2037 1127 2076 credere
1154 2035 1274 2088 quod
1306 2035 1427 2075 Deus
1457 2036 1628 2075 triunus
1659 2035 1731 2084 sit,
1759 2035 1942 2076 credere

462 2098 539 2138 illa
564 2113 676 2151 quae
703 2099 745 2138 in
770 2098 924 2138 Verbo
947 2105 1065 2146 sunt,
1090 2098 1271 2138 credere
1295 2099 1436 2138 vitam
1459 2103 1706 2145 aeternam,
1732 2103 1778 2138 et
1801 2111 1944 2138 resur-

462 2160 707 2201 rectionem
730 2162 800 2201 die
826 2161 971 2201 ultimi
991 2161 1156 2213 judicii,
1181 2167 1226 2201 et
1254 2167 1406 2201 cetera
1428 2173 1541 2213 quae
1568 2159 1758 2200 ecclesia
1780 2160 1941 2201 docet:

463 2231 509 2265 et
532 2225 741 2277 quoniam
765 2230 976 2276 separant
1000 2223 1133 2263 fidem
1155 2237 1180 2263 a
1202 2224 1296 2263 vita
1318 2223 1569 2271 charitatis,
1594 2236 1706 2275 quae
1732 2228 1802 2262 est
1824 2222 1944 2263 bona

462 2287 620 2334 facere,
649 2292 812 2338 putant
839 2286 1036 2339 plerique
1063 2285 1197 2325 hodie
1224 2285 1343 2338 quod
1369 2285 1481 2324 scire
1507 2284 1597 2332 illa,
1626 2285 1829 2337 cogitare
1850 2283 1942 2332 illa,
2012 2298 2014 2301 ·

464 2356 509 2390 et
537 2349 656 2402 loqui
683 2349 772 2396 illa,
802 2350 859 2388 sit
886 2348 995 2388 fides
1022 2362 1134 2401 quae
1162 2347 1322 2395 salvat,
1352 2347 1453 2387 ideo
1479 2346 1587 2386 nihil
1614 2347 1859 2387 attendunt
1886 2347 1943 2387 ad

464 2411 580 2452 velle
603 2411 679 2451 illa
701 2417 746 2451 et
769 2411 914 2450 facere
937 2410 1039 2460 illa;
1072 2411 1209 2449 immo
1232 2423 1312 2449 nec
1336 2410 1481 2449 sciunt
1504 2409 1610 2462 quid
1637 2409 1805 2449 debent
1827 2408 1945 2450 velle

463 2480 508 2515 et
534 2474 703 2514 facere:
737 2474 847 2513 haec
872 2486 952 2513 nec
980 2473 1114 2513 docet
1137 2471 1342 2520 ecclesia,
1369 2473 1470 2525 quia
1497 2470 1700 2512 doctrina
1726 2471 1943 2512 ecclesiae

462 2544 532 2578 est
558 2536 761 2577 doctrina
787 2536 923 2576 solius
949 2535 1064 2583 fidei,
1090 2541 1135 2575 et
1163 2548 1252 2575 non
1279 2533 1482 2575 doctrina
1509 2536 1660 2585 vitae;
1693 2533 1943 2575 doctrinam

458 2601 582 2641 ‘vitae
605 2605 770 2639 vocant
795 2598 1075 2650 theologiam
1103 2597 1334 2644 moralem,
1363 2610 1495 2650 quam
1518 2596 1814 2649 vilipendunt,
1841 2598 1944 2650 quia

462 2664 653 2702 virtutes
675 2663 795 2701 vitae
819 2661 1013 2708 moralis,
1039 2674 1151 2713 quae
1173 2661 1216 2700 in
1239 2674 1286 2700 se
1309 2666 1411 2699 sunt
1435 2660 1554 2700 bona
1579 2673 1728 2712 opera,
1753 2659 1942 2700 credunt

463 2724 571 2765 nihil
598 2725 655 2764 ad
682 2723 874 2764 salutem
902 2723 1113 2763 conferre.
1176 2721 1308 2774 Quod
1335 2728 1486 2762 autem
1513 2722 1639 2770 scire,
1667 2722 1868 2775 cogitare
1894 2727 1940 2763 et

464 2787 583 2840 loqui
601 2786 676 2826 illa
696 2800 808 2839 quae
827 2799 958 2838 supra
975 2783 1094 2825 dicta
1118 2791 1236 2832 sunt,
1255 2798 1344 2824 non
1363 2785 1419 2824 sit
1439 2784 1574 2834 fides;
1606 2790 1652 2824 et
1671 2785 1706 2824 si
1723 2789 1943 2825 vocantur

463 2848 572 2889 fides
599 2850 716 2902 quod
744 2862 881 2901 usque
914 2861 1002 2888 non
1029 2847 1279 2900 producant
1306 2847 1436 2895 bona,
1462 2848 1576 2887 sicut
1602 2847 1734 2887 arbor
1758 2844 1937 2894 fructus,

463 2918 672 2951 constare
695 2917 848 2964 potest
865 2924 928 2950 ex
952 2910 1032 2950 his.
1098 2908 1176 2963 (1)
1213 2909 1364 2949 Homo
1386 2910 1535 2949 omnia
1557 2923 1670 2962 quae
1696 2909 1795 2957 scit,
1815 2908 1938 2960 cogi-

463 2980 533 3014 tat
574 2980 619 3014 et
661 2973 869 3026 loquitur,
908 2979 1125 3026 quantum
1166 2971 1381 3025 intelligit
1422 2971 1512 3020 illa,
1552 2977 1686 3012 vocat
1718 2984 1850 3022 vera;
1893 2976 1940 3011 et
