2054 3464
580 348 686 382 CAP.
710 348 993 389 XI11.,VERS.
1019 347 1162 392 3..-—N
1186 339 1281 392 787.
1569 343 1678 390 2195

130 463 294 522 (12'.)
337 464 582 508 Sciendum
608 469 680 505 est
706 462 827 518 quod
854 462 1004 517 plures
1031 461 1178 503 adhuc
1202 457 1532 514 conjunffionis
1558 458 1680 499 modi

82 522 135 585 st}
147 529 355 573 inventi
376 529 481 578 sint,
505 534 552 569 et
575 527 696 582 quod
719 526 866 567 adhuc
891 525 1040 580 plures
1063 525 1120 566 ab
1143 524 1303 565 iisdem
1326 523 1615 564 inveniantur
1636 522 1680 562 in

179 590 351 635 mundo
368 590 604 646 spirituali,
620 602 726 631 nam
749 589 974 643 cogitatio
992 587 1237 642 spiritualis
1256 586 1506 640 exspatiari
1526 590 1681 639 potest

88 666 150 714 ,j
178 655 227 698 in
252 653 597 697 innumerabilia
628 653 672 694 in
699 666 813 707 quae
839 652 1064 705 cogitatio
1096 650 1316 692 naturalis
1343 650 1512 703 nequit.
1574 647 1682 689 Vidi

84 727 91 734 '¹
113 728 134 758 ·’ῑ
180 718 410 775 quendam
436 717 495 759 ibi
518 717 860 770 excogitavisse
887 715 1048 756 modos
1073 713 1402 768 conjunctionis
1429 711 1549 753 ultra
1574 724 1682 752 cen-

159 789 332 831 i‘tenoe,
356 787 403 824 et
426 781 471 822 in
494 780 684 835 singulis
707 792 998 834 progressum
1024 778 1158 819 fuisse
1185 777 1487 818 meditatione
1513 789 1539 816 a
1562 775 1682 829 prin-

182 846 302 901 cipio
327 858 407 900 per
432 844 582 886 media
607 857 747 898 usque
771 843 831 884 ad
857 841 1020 892 fi-nem;
1058 842 1138 882 sed
1171 854 1273 882 cum
1305 841 1350 881 in
1381 839 1468 880 fine
1495 845 1608 887 erat,
1636 842 1684 879 et

99 906 375 966 fivcoedidit
407 907 528 962 quod
561 920 678 948 nunc
710 904 1075 959 conjunffionem
1107 904 1298 953 videret,
1326 903 1581 944 illustratus
1613 907 1684 942 est

182 977 230 1014 et
261 969 586 1013 animadvertit
619 969 740 1024 quod
773 983 860 1023 quo
892 969 1080 1009 interius
1113 967 1170 1008 de
1202 981 1255 1008 ea
1286 981 1332 1007 re
1365 965 1602 1019 cogitavit,
1631 978 1686 1005 eo

88 1035 148 1088 *jfgss
180 1034 284 1099 plus
300 1033 580 1093 separaverit
595 1032 730 1074 fidem
748 1046 774 1074 a
791 1032 922 1073 bonis
941 1031 1165 1085 operibus,
1183 1043 1318 1084 quam
1336 1029 1414 1070 illa
1432 1028 1685 1081 conjunxe-

29 1098 32 1100 ’
182 1095 256 1141 rit.
324 1097 400 1140 Ex
441 1097 510 1138 his
555 1103 769 1138 constare
809 1101 966 1150 potest
1005 1094 1162 1148 quales
1209 1100 1314 1134 sunt
1356 1090 1686 1145 conjunfitionis

91 1180 156 1221 ·J-.'.'²
185 1161 324 1211 modi,
358 1173 471 1216 quos
502 1161 741 1214 praecipue
778 1159 942 1200 eruditi
974 1159 1261 1205 invenerunt,
1296 1162 1345 1197 ut
1377 1154 1688 1196 discordantia

186 1224 420 1278 dogmatis
456 1224 586 1265 istius
623 1236 726 1264 cum
758 1222 915 1264 Verbo
954 1227 1195 1276 appareret
1233 1221 1350 1261 sicut
1387 1218 1686 1267 concordans,

185 1288 307 1344 quod
333 1287 606 1341 intelligitur
630 1301 710 1341 per
738 1286 962 1341 “plagam
989 1285 1149 1326 mortis
1175 1284 1351 1326 bestiae
1383 1281 1632 1324 sanatam.”

207 1410 210 1414 ι
266 1359 394 1414 787.
431 1358 512 1400 “ft
542 1358 745 1399 admirata
782 1361 851 1399 est
886 1361 972 1398 tota
1005 1361 1123 1398 tem-a
1152 1359 1250 1409 post
1281 1352 1689 1407 bestiam''—Quod

81 1415 90 1442 ·’
102 1425 134 1470 {g
186 1419 414 1474 significet
431 1419 774 1472 acceptationem
788 1418 845 1459 ab
859 1417 1189 1459 eruditioribus
1206 1416 1254 1457 z‘n
1274 1415 1469 1463 ecclesia,
1486 1420 1529 1455 et
1544 1419 1689 1466 recep-

90 1481 131 1523 '‘.²‘-
186 1479 350 1529 tionem
362 1494 385 1521 e
394 1479 636 1533 longinquo
646 1493 674 1519 a
685 1479 834 1520 minus
848 1478 1060 1527 eruditis,
1074 1482 1262 1518 constat
1278 1490 1338 1516 ex
1353 1474 1689 1528 significatione

75 1538 137 1582 '3⁴
189 1544 440 1587 “admirari
466 1550 572 1599 post
599 1542 836 1591 bestiam”
858 1556 961 1584 cum
988 1542 1044 1583 de
1071 1541 1381 1582 discordantia
1407 1552 1509 1581 cum
1532 1538 1690 1580 Verbo

85 1598 148 1660 lssfi'gx
186 1613 463 1664 apparenter
498 1613 729 1648 summota
765 1620 844 1661 per
875 1607 1087 1647 inventas
1125 1601 1467 1657 conjunfflones
1504 1615 1690 1656 operum

91 1711 100 1723 ,,
187 1684 291 1713 cum
316 1669 420 1725 fide,
447 1670 569 1726 quod
596 1671 655 1712 sit
681 1670 943 1724 acceptatio
969 1669 1027 1710 ab
1053 1667 1386 1715 eruditioribus,
1414 1672 1461 1707 et
1488 1665 1692 1719 receptio

187 1745 216 1774 a
232 1732 381 1774 minus
397 1732 586 1774 eruditis
605 1743 661 1781 (de
675 1751 741 1780 qua
754 1742 930 1782 sequitur);
956 1736 1004 1771 et
1026 1744 1087 1771 ex
1110 1728 1446 1782 significatione
1461 1731 1487 1748 ‘¹
1500 1726 1692 1775 terrae‚''

80 1786 142 1858 ‘3123
187 1795 312 1850 quod
341 1795 402 1837 sit
433 1794 632 1837 ecclesia
658 1805 714 1843 (de
732 1814 798 1843 qua
815 1814 922 1843 supra,
942 1813 973 1834 n.
995 1804 1061 1846 29,
1080 1803 1173 1844 304,
1192 1801 1343 1844 417[a].
1364 1791 1460 1843 697,
1481 1800 1577 1843 741,
1598 1800 1694 1843 742,

107 1856 129 1870 ”
188 1867 304 1912 752).
323 1861 326 1865 ’
363 1857 500 1912 Quod
521 1858 788 1899 “admirata
809 1858 869 1898 sit
891 1862 994 1898 tota
1020 1863 1143 1897 terra
1165 1861 1270 1909 post
1297 1855 1494 1895 bestiam
1507 1853 1527 1869 ''
1549 1854 1691 1907 signi-

189 1919 296 1963 ficet
336 1920 707 1974 acceptationem
744 1926 791 1961 et
828 1919 1155 1972 receptionem,
1189 1923 1260 1958 est
1301 1917 1405 1970 quia
1451 1915 1694 1957 admiratio

189 1980 349 2032 trahit,
377 1989 424 2025 et
450 1982 529 2032 illi,
553 1997 667 2066 quos
694 1982 852 2031 trahit,
881 1987 1144 2035 sequuntur.
1208 1979 1260 2020 In
1287 1979 1444 2020 Verbo
1470 1978 1693 2032 aliquibus

189 2047 236 2088 in
257 2045 370 2088 locis
391 2046 592 2088 dicitur‘
600 2045 709 2087 ‘ire’
713 2045 816 2087 ’‘et
824 2043 1113 2086 ‘”ambulare
1132 2049 1237 2097 post
1265 2042 1428 2091 Deum,
1454 2048 1559 2096 post
1582 2041 1694 2082 deos

190 2109 320 2159 alios,
353 2115 460 2165 post
491 2109 668 2158 ducem,
702 2115 749 2150 et
781 2114 887 2162 post
924 2106 1110 2155 multos,
1135 2113 1190 2148 -et
1223 2120 1302 2178 per
1333 2106 1377 2146 id
1415 2104 1696 2159 significatur

191 2173 319 2228 sequi
344 2179 392 2215 et
418 2173 555 2214 corde
581 2185 847 2226 agnoscere,
876 2177 974 2212 tum
1000 2184 1100 2212 esse
1126 2176 1173 2211 et
1200 2170 1351 2210 vivere
1378 2182 1480 2210 cum
1512 2168 1614 2218 illis,
1643 2181 1694 2210 ac

191 2237 460 2287 consociari,
503 2242 552 2278 ut
598 2236 643 2278 in
689 2235 984 2290 sequentibus
1026 2233 1138 2275 locis
1155 2233 1281 2274 z—In
1327 2231 1463 2274 Lzbro
1503 2230 1696 2273 [¹¹Przmo

190 2298 378 2354 Regum,

260 2396 408 2429 “David
430 2397 587 2429 servavit
606 2402 796 2438 praecepta
819 2405 910 2434 mea,
931 2401 967 2427 et
990 2394 1189 2427 ambulavit
1208 2399 1291 2435 post
1311 2393 1371 2426 Me
1392 2399 1468 2426 toto
1488 2393 1621 2432 corde„
1636 2392 1696 2425 .ad

327 2487 331 2491 η
367 2436 587 2473 faciendum.
601 2438 781 2474 Nrecstum
772 2450 808 2472 m
826 2440 938 2472 oculis
956 2438 1063 2471 meis'
1067 2438 1171 2479 ¹(xiv.
1191 2439 1244 2479 8);

193 2541 239 2584 in
259 2540 398 2583 Lzbro
420 2540 580 2582 Przmo
605 2539 844 2590 Samuelzs,

372 2623 508 2656 “Ibant
527 2623 604 2657 filii.
618 2649 627 2656 .
640 2623 805 2666 ‚Jisehaji
822 2629 904 2665 post
921 2622 1064 2655 Saulem
1082 2622 1118 2654 in
1136 2622 1268 2654 bellum
1280 2621 1298 2634 ¹'
1316 2620 1414 2663 (xvii.
1435 2619 1487 2661 13)
1501 2630 1508 2659 ;

194 2717 315 2774 apud
335 2717 506 2767 Mosen,

262 2800 374 2834 “Non
392 2801 462 2833 eris
476 2806 558 2842 post
574 2800 706 2832 multos
720 2800 765 2832 ad
782 2799 896 2832 mala:
922 2808 996 2831 non
1014 2798 1249 2840 respondebis
1267 2807 1375 2839 super
1388 2797 1449 2829 lite
1467 2802 1549 2838 post
1567 2795 1700 2828 multos

370 2845 416 2877 ad
434 2845 711 2886 pervertendum
722 2843 740 2856 ’⁹
757 2844 881 2884 (Exod.
899 2843 997 2875 xxiii.
1013 2843 1067 2884 2);

196 2937 320 2994 ,apud
342 2937 605 2988 Jeremiam,

425 3014 507 3048 Non
529 3015 596 3047 ibis
615 3015 725 3056 “post
740 3014 828 3047 deos
848 3014 938 3046 alios
955 3023 1045 3055 quos
1063 3022 1136 3045 non
1155 3012 1287 3044 novisti
1299 3010 1318 3023 ”
1337 3010 1410 3050 (vii.
1428 3009 1482 3052 9);
