2008 3458
360 366 471 409 2286
773 373 1106 408 APOCALYPSIS
1138 374 1436 407 EXPLICATA.

357 487 401 528 in
429 486 535 540 Ipso
561 491 658 536 est3
702 499 781 539 per
806 486 926 540 quod
954 487 1093 528 etiam
1119 487 1234 541 perit
1259 476 1431 528 homini
1457 486 1558 528 idea
1585 485 1870 535 Divinitatis

358 549 415 590 de
439 548 665 589 Domino:
699 563 759 589 ex
782 549 851 589 his
874 550 1036 590 iterum
1060 556 1189 604 patet
1213 551 1393 600 veritas,

461 632 564 679 Quod
582 637 641 678 qui
658 638 793 669 credit·
785 648 821 669 in
841 637 978 676 Filium,
998 638 1108 670 vitam
1126 645 1308 671 aeternam
1325 639 1454 671 habeat
1473 637 1586 682 [(Jolc.
1605 639 1651 672 iii.
1668 637 1752 684 36)].

360 732 494 786 Quod
527 733 709 774 credere
742 733 786 772 in
821 732 1067 773 Dominum
1100 734 1157 774 sit
1195 734 1378 775 credere
1411 735 1455 775 in
1482 734 1676 784 Patrem,
1709 727 1881 778 etiarffi‘]

358 796 494 836 docet
522 795 624 849 Ipse
652 795 873 836 Dominus
901 795 1019 849 apud
1046 795 1312 845 Jolcannem,

425 884 521 926 ‘'Qui
538 885 672 916 credit'
663 895 700 916 m
719 884 790 922 Me,
809 894 881 915 non
902 884 1037 916 credit
1029 894 1064 915 ιη
1084 884 1154 923 Me,
1169 885 1284 916 sedin
1304 885 1425 926 Ipsum
1443 886 1500 927 qui
1518 885 1616 918 misit
1633 884 1714 925 Me;
1738 891 1774 918 et
1789 885 1848 928 qui

535 929 632 960 videt
651 928 721 965 Me,
741 928 834 960 videt
855 927 976 968 Ipsum
996 928 1053 969 qui
1071 928 1166 960 misit
1185 927 1274 960 Me'’
1291 929 1362 969 (xii.
1379 938 1431 968 44,
1448 930 1522 969 45):

358 1029 437 1069 per
472 1015 584 1057 haec
624 1016 907 1071 intelligitur,
948 1018 1068 1072 quod
1105 1019 1178 1072 qui
1215 1018 1358 1060 credit
1394 1019 1438 1059 in
1476 1017 1720 1059 Dominum
1757 1007 1858 1059 non·

358 1079 514 1120 credat
541 1080 584 1119 in
611 1079 763 1133 Ipsum
788 1087 1047 1134 separatum
1075 1095 1100 1122 a
1127 1082 1274 1130 Patre,
1301 1081 1380 1122 sed
1403 1081 1541 1122 etiam
1568 1081 1614 1121 in
1639 1079 1846 1131 Patremg
1865 1104 1874 1126 a
1901 1123 1914 1129 N,

358 1155 494 1195 quare
530 1141 749 1195 adjicitur,
792 1142 918 1196 “Qui
954 1144 1079 1185 videt
1119 1143 1209 1192 Me,
1248 1144 1373 1185 videt
1417 1143 1571 1198 Ipsum
1612 1143 1686 1197 qui
1726 1142 1848 1184 misit

359 1203 471 1246 Me.”
531 1204 649 1245 Tum
675 1205 781 1246 alibi
807 1206 926 1259 apud
954 1206 1221 1255 Johannem‚
1830 1199 1839 1203 ⁷¹

646 1301 666 1315 “
678 1300 819 1333 Credite
838 1301 873 1332 in
893 1301 1034 1340 Deum‚.
1050 1302 1195 1334 ,credite
1214 1302 1250 1333 in
1269 1301 1359 1334 Me”
1377 1299 1496 1343 (mxiv.
1515 1301 1567 1342 1);

357 1375 476 1430 apud
503 1376 711 1426 eundem,

433 1452 770 1527 Philiffi'?·.“¹¹0⁰⁰e
787 1454 900 1503 credis
918 1454 1012 1494 quod
1031 1453 1108 1494 Ego
1124 1454 1160 1485 in
1181 1453 1295 1504 Patre,
1309 1459 1344 1486 et
1362 1453 1467 1486 Pater
1483 1453 1519 1486 in
1537 1453 1634 1505 Me).
1648 1478 1656 1487 .
1669 1478 1677 1487 .
1691 1452 1848 1505 ,Credite
1909 1470 1911 1474 ·
1943 1438 1953 1446 ‚.

533 1496 1847 1583 «231ἒέῗὲἷᾶῗέρἓξζῗὲἒέξὲῑὲζέῑὲ,Ἧῖζ·εὶῐεςέἳὲἓῑεῗῖῗῗ,Ἆίῗὲεῑὲἒὲ
1894 1560 1897 1562 ,
1942 1530 1957 1586 J

532 1583 577 1615 ad
596 1583 737 1615 Patrem
755 1593 874 1615 meum
891 1583 1008 1615 abeo'’
1027 1584 1110 1623 (xiv.
1131 1585 1271 1624 10—12);

358 1658 477 1712 apud
504 1659 712 1709 eundem,

425 1733 496 1766 “In
517 1734 586 1766 ista
604 1735 661 1766 die
681 1735 717 1767 in
739 1736 884 1768 nomine
905 1746 986 1768 meo
1007 1736 1156 1777 petetis:
1185 1742 1221 1768 et
1240 1747 1312 1768 non
1332 1737 1411 1768 dico
1429 1737 1533 1769 vobis
1552 1737 1646 1779 quod
1665 1736 1743 1778 Ego
1761 1736 1849 1778 peti·

533 1785 631 1810 turus
649 1780 716 1810 sim
737 1779 878 1811 Patrem
900 1790 964 1820 pro
984 1781 1085 1811 vobis
1099 1790 1105 1818 ;
1133 1780 1231 1820 Ipse.
1245 1805 1252 1813 .
1264 1780 1370 1812 Pater
1385 1787 1482 1812 amat
1497 1790 1572 1819 vos,
1589 1781 1683 1822 quod
1699 1790 1765 1812 vos
1785 1779 1847 1812 Me

531 1823 735 1854 amaveritis
752 1830 787 1854 et
803 1824 1022 1855 credideritis
1037 1824 1132 1865 quod
1147 1824 1224 1864 Ego
1240 1834 1262 1856 a
1279 1823 1356 1855 Deo
1373 1824 1542 1856 exiverim
1556 1833 1564 1863 ς
1584 1824 1676 1856 exivi
1692 1834 1714 1856 a
1731 1823 1847 1863 Patre,
1891 1842 1897 1850 ·

532 1872 568 1897 et
587 1866 669 1897 veni
690 1867 725 1897 in
746 1867 945 1906 mundum„
961 1892 968 1899 .
984 1874 1033 1899 ,et
1054 1867 1145 1899 vado
1165 1868 1210 1899 ad
1232 1867 1394 1900 Patrem:
1423 1868 1558 1900 dicunt.
1572 1867 1775 1908 ‚discipuli‚.
1790 1891 1798 1900 .
1811 1891 1820 1900 .
1832 1891 1842 1900 .

535 1908 577 1940 In
594 1910 661 1940 hoc
678 1910 854 1942 credimus
872 1911 966 1952 quod
983 1921 1005 1942 a
1023 1910 1101 1942 Deo
1118 1910 1298 1943 exiveris'‘
1315 1911 1397 1952 (xvi.
1415 1911 1532 1950 26—28,
1551 1909 1636 1954 [29,]
1653 1911 1727 1952 3o):

361 1996 524 2038 “exire
547 2010 573 2037 a
596 1997 728 2038 Patre
743 1996 762 2012 ''
786 1997 1010 2051 significat
1034 2004 1307 2052 conceptum
1330 1998 1388 2039 ab
1410 1999 1541 2053 Ipso;
1574 2004 1621 2040 et
1642 1997 1848 2040 “vadere

358 2059 416 2100 ad
449 2059 660 2100 Patrem”
687 2059 912 2112 significat
946 2060 1146 2114 plenarie
1178 2061 1290 2102 uniri
1323 2062 1440 2115 Ipsi;
1478 2062 1598 2115 quod
1629 2061 1791 2102 “exire
1820 2073 1848 2101 a

360 2122 493 2163 Patre
508 2122 528 2137 ''
555 2123 612 2163 sit
645 2123 765 2175 quod
792 2130 1042 2177 conceptus
1073 2125 1132 2165 sit
1164 2124 1222 2165 ab
1254 2124 1373 2178 Ipso,
1401 2130 1584 2165 constat
1610 2123 1848 2165 manifeste

359 2198 386 2225 a
411 2186 711 2238 conceptione
739 2185 883 2239 Ipsius

476 2273 596 2314 (Apud
613 2274 843 2312 Mamaeum,
862 2284 937 2315 cap.
956 2275 977 2307 i.
998 2275 1123 2315 18-25;
1148 2281 1183 2307 et
1202 2276 1296 2316 apud
1308 2276 1449 2314 Lucam,
1465 2285 1538 2316 cap.
1557 2275 1577 2307 i.
1595 2283 1646 2314 34,
1660 2274 1735 2315 35);

360 2368 407 2404 et
429 2361 550 2416 quod
571 2361 772 2402 “vadere
794 2362 851 2402 ad
876 2362 1055 2403 Patrem
1073 2362 1092 2378 '’
1110 2363 1168 2403 sit
1191 2362 1390 2416 plenarie
1411 2363 1523 2403 uniri
1546 2363 1651 2416 Ipsi,
1670 2367 1800 2416 patet
1821 2375 1849 2407 a

361 2422 695 2475 glorificatione
728 2423 875 2475 Ipsius
909 2423 1109 2464 Humani
1140 2437 1221 2476 per
1251 2424 1510 2476 passionem
1540 2423 1685 2464 crucis
1715 2433 1772 2471 (de
1785 2441 1850 2471 qua

359 2493 488 2533 prius);
519 2495 656 2535 quare
684 2482 808 2530 dicit,
836 2482 957 2535 quod
982 2486 1007 2503 “
1025 2483 1076 2522 In
1103 2483 1190 2523 ista
1215 2482 1286 2523 die
1311 2483 1355 2523 in
1380 2482 1563 2523 nomine
1589 2495 1692 2523 meo
1716 2487 1845 2536 pete-

361 2543 460 2593 tis,'’
485 2550 532 2584 et
560 2557 650 2584 non
677 2543 870 2597 amplius
896 2545 940 2584 in
967 2545 1149 2585 nomine
1176 2544 1333 2585 Patris.
1395 2543 1534 2598 Apud
1560 2544 1767 2593 eundem,

373 2676 376 2682 Ι
434 2632 538 2675 Jesus
563 2612 650 2664 dixit
674 2633 719 2664 ad
741 2633 927 2671 'rhomam
951 2634 1071 2675 “Quia
1089 2634 1209 2665 vidisti
1230 2633 1547 2671 Me,..credidisti;
1574 2634 1668 2666 beati
1692 2633 1750 2675 qui
1773 2643 1846 2664 non

535 2677 657 2708 vident
677 2683 711 2708 et
732 2677 879 2708 credunt
893 2677 938 2709 :’'.
954 2702 961 2709 .
975 2702 982 2709 .
998 2678 1080 2710 .“et
1099 2677 1188 2708 dixit
1208 2677 1382 2709 Thomas.
1397 2702 1420 2716 .,
1443 2677 1596 2709 Domine
1617 2677 1675 2715 mi,
1695 2683 1730 2708 et
1750 2676 1847 2708 Deus
1964 2649 2008 2717 Ji

536 2719 613 2751 mi”
631 2719 729 2762 (Jolz.
747 2731 804 2752 xx.
823 2729 873 2761 29,
892 2721 966 2761 28):
1976 2723 2008 2759 ³2!

1994 2779 2008 2796 d.

363 2806 466 2861 quia
497 2803 721 2847 Dominus
757 2821 872 2848 nunc
910 2807 1044 2861 plene
1080 2808 1230 2849 unitus
1267 2807 1347 2848 fuit
1385 2807 1490 2861 Ipso
1526 2807 1691 2848 Divino
1726 2806 1846 2860 quod

366 2869 569 2910 “Pater''
596 2876 798 2919 vocatur,
826 2870 928 2911 ideo
955 2870 1157 2911 Thomas
1183 2877 1318 2911 vocat
1349 2869 1501 2924 Ipsum
1533 2882 1661 2910 suurn
1687 2868 1845 2910 Domi-

364 2944 483 2982 num,
512 2937 558 2973 et
585 2946 712 2973 suum
739 2932 898 2973 Deum.
960 2932 1174 2974 Similiter
1199 2932 1304 2973 alibi
1330 2933 1448 2986 apud
1475 2931 1681 2980 eundem,

430 3020 572 3062 “Quem
589 3020 694 3053 Pater
706 3020 949 3061 sanctificavit,
964 3027 999 3054 et
1016 3021 1111 3054 misit
1128 3021 1163 3053 in
1182 3022 1364 3061 mundum,
1379 3031 1491 3054 vosne
1505 3020 1629 3059 dicitis,
1646 3020 1740 3061 quod
1755 3019 1847 3051 blas-
