2098 3476
409 339 514 392 1956
816 350 1148 384 APOCALYPSIS
1181 352 1479 384 EXPLICATA.

404 460 491 501 illis
518 462 591 515 qui
623 468 758 515 caput
786 461 891 515 ejus,
921 464 993 516 qui
1020 476 1179 516 corpus
1212 463 1318 515 ejus,
1347 470 1391 504 et
1425 465 1497 518 qui
1524 462 1767 505 [¹¹extrema
1793 463 1886 518 eJ‘us

403 525 716 574 constituunt;
757 525 898 565 cauda
929 527 1062 573 enim,
1097 526 1210 566 sicut
1243 526 1413 567 caudae
1445 526 1635 579 cujusvis
1667 527 1886 575 animalis,

402 591 472 626 est
499 587 781 627 continuatio
807 589 975 640 spinae,
1001 602 1113 640 quae
1141 589 1425 640 protenditur
1451 602 1476 628 a
1498 589 1718 639 cerebris;
1751 595 1797 630 et
1824 590 1886 630 sic

403 655 623 697 movetur,
648 648 840 690 flectitur
866 656 911 690 et
938 650 1138 690 vibratur
1161 651 1406 690 secundum
1429 652 1588 704 capitis
1616 658 1661 692 et
1689 653 1887 706 corporis

402 712 646 763 appetitus,
675 713 1065 765 concupiscentias
1093 719 1138 752 et
1165 711 1439 765 voluptateS,
1468 714 1625 766 quibus
1655 716 1780 767 quasi
1806 715 1886 755 ad-

401 772 655 813 blanditur:
704 780 749 814 et
787 775 997 827 quoniam
1035 787 1191 814 omnes
1228 773 1291 814 illi
1332 775 1405 827 qui
1442 775 1684 816 draconem
1721 778 1890 818 consti-

402 841 551 883 tuunt,
581 837 683 889 quia
715 836 943 876 naturales
976 843 1022 876 et
1055 836 1286 877 sensuales
1319 843 1422 877 sunt
1455 852 1514 877 ex
1545 852 1698 879 amore
1729 840 1809 888 sui,
1840 846 1887 882 et

402 898 505 938 inde
537 899 580 938 in
612 899 730 939 fastu
757 900 961 951 propriae
988 899 1333 951 intelligentiae,
1361 899 1598 941 falsificant
1631 907 1676 942 et
1708 902 1887 943 adulte-

401 966 504 1000 rant
527 960 743 1009 Verbum,
768 962 870 1001 ideo
897 962 1059 1001 dicitur
1081 962 1199 1014 quod
1226 965 1250 981 ‘⁸
1267 961 1403 1002 draco
1425 963 1567 1002 cauda
1593 977 1672 1003 sua
1695 966 1886 1006 traxerit

402 1023 585 1063 tertiam
613 1030 789 1076 partem
822 1023 1057 1064 stellarum
1084 1024 1211 1072 caeli,
1240 1030 1285 1064 et
1318 1024 1554 1077 projecerit
1587 1025 1686 1066 illas
1717 1027 1762 1066 in
1794 1033 1887 1068 ter-

402 1099 497 1126 ram
518 1086 551 1126 :‘'
583 1100 661 1139 per
691 1086 886 1126 “stellas
913 1086 1057 1126 caeli'’
1079 1086 1389 1139 significantur
1411 1088 1696 1139 cognitiones
1722 1089 1814 1129 veri
1840 1095 1886 1130 et

402 1149 507 1189 boni
534 1163 593 1189 ex
616 1149 784 1197 Verbo,
810 1150 912 1190 inde
936 1163 1041 1189 vera
1068 1163 1126 1189 ex
1151 1149 1272 1189 bono
1298 1150 1427 1199 inde;
1461 1156 1506 1190 et
1532 1164 1611 1203 per
1635 1151 1887 1204 “projicere

402 1212 446 1251 in
473 1218 639 1252 terram
656 1211 675 1226 ''
698 1211 976 1264 significatur
998 1218 1254 1265 pervertere
1281 1225 1332 1252 ac
1359 1211 1614 1253 adulterare
1640 1213 1730 1261 illa,
1755 1219 1800 1254 et
1824 1214 1886 1254 sic

402 1274 646 1315 destruere.
710 1274 843 1327 Quod
867 1274 930 1314 illi
956 1275 1028 1328 qui
1056 1288 1189 1327 supra
1212 1275 1450 1314 memorati
1477 1281 1580 1315 sunt
1603 1276 1886 1318 constituant

402 1337 659 1386 draconem,
703 1344 748 1378 et
794 1337 913 1390 quod
954 1337 1228 1377 adulteratio
1270 1343 1314 1377 et
1356 1335 1602 1378 destructio
1641 1339 1885 1380 veritatum

402 1399 541 1440 Verbi
574 1399 856 1452 intelligatur
894 1414 971 1452 per
1005 1399 1264 1440 “caudam’'
1296 1399 1402 1451 ejus,
1436 1400 1502 1439 bis
1539 1406 1584 1440 et
1622 1406 1692 1441 ter
1728 1401 1885 1442 datum

402 1468 472 1502 est
505 1462 611 1502 mihi
638 1463 789 1502 videre
821 1463 864 1502 in
898 1462 1065 1502 mundo
1092 1461 1335 1515 spirituali;
1374 1463 1416 1502 in
1449 1462 1534 1502 hoc
1567 1463 1686 1502 enim
1718 1464 1886 1505 mundo

402 1525 553 1564 omnia
594 1538 707 1577 quae
749 1531 968 1577 apparent
1010 1530 1114 1564 sunt
1151 1525 1539 1577 repraesentativa
1575 1525 1884 1578 spiritualium.

404 1586 599 1640 Quando
625 1586 742 1627 tales
773 1588 855 1626 visi
888 1593 992 1626 sunt
1025 1587 1068 1626 in
1101 1586 1200 1626 luce
1233 1586 1359 1634 caeli,
1387 1587 1469 1626 visi
1501 1593 1604 1627 sunt
1637 1588 1751 1628 sicut
1783 1587 1885 1628 dra-

403 1663 540 1691 cones
573 1662 673 1690 cum
706 1649 843 1702 longa
870 1650 1039 1700 cauda;
1078 1656 1123 1689 et
1151 1649 1330 1702 quando
1356 1649 1504 1702 plures
1531 1649 1661 1699 tales,
1689 1651 1784 1690 visa
1815 1657 1886 1692 est

403 1713 546 1753 cauda
565 1719 759 1752 extensa
782 1726 807 1752 a
830 1713 1014 1752 meridie
1032 1726 1110 1765 per
1127 1712 1411 1752 occidentem
1434 1713 1477 1752 in
1501 1712 1884 1765 septentrionem;

402 1782 448 1816 et
475 1789 651 1829 quoque
674 1776 768 1815 visa
794 1782 864 1815 est
888 1775 1031 1815 cauda
1053 1774 1130 1815 illa
1156 1789 1179 1815 e
1206 1774 1332 1815 caelo
1355 1775 1611 1816 detraxisse
1633 1776 1747 1816 sicut
1773 1775 1884 1816 stel-

401 1839 482 1887 las,
511 1845 556 1879 et
584 1838 683 1878 illas
712 1838 951 1891 projecisse
978 1839 1022 1878 in
1049 1844 1229 1878 terram.

486 1905 564 1959 [0.]
609 1905 835 1958 Quoniam
855 1905 1101 1958 supradicti
1119 1919 1204 1957 per-
1218 1908 1242 1925 “
1256 1905 1500 1945 draconem
1513 1904 1533 1919 '¹
1548 1904 1882 1957 intelliguntur,

401 1980 452 2007 ac
490 1966 742 2007 falsificatio
784 1974 829 2007 et
869 1967 1144 2007 adulteratio
1181 1966 1321 2006 Verbi
1362 1980 1440 2019 per
1479 1965 1738 2006 “caudam'’
1775 1965 1881 2019 ejus,

400 2030 503 2070 inde
536 2043 614 2082 per
642 2029 988 2070 “habitaculum
1005 2029 1023 2044 ’‘
1049 2036 1095 2070 et
1126 2028 1310 2069 “cubile
1343 2029 1588 2068 draconum
1602 2028 1620 2043 ”
1652 2029 1696 2068 in
1729 2028 1884 2070 Verbo

400 2093 678 2146 significatur
704 2093 776 2132 ubi
809 2105 929 2132 mere
961 2091 1123 2132 falsum
1155 2098 1201 2132 et
1229 2091 1396 2131 malum
1423 2097 1507 2140 est,
1536 2097 1584 2131 ut
1616 2091 1660 2131 in
1692 2104 1883 2144 sequen-

400 2155 519 2196 tibus
547 2154 656 2194 locis
678 2154 886 2207 2—Apud
914 2154 1116 2203 Esaiam,

467 2260 572 2291 “Erit
591 2259 708 2290 aridus
729 2259 828 2290 loeus
850 2259 884 2289 in
906 2264 1084 2298 stagnum,
1102 2264 1137 2289 et
1156 2258 1358 2290 siticulosus
1379 2258 1414 2289 in
1435 2258 1669 2298 scaturigines
1689 2267 1883 2298 aquarum:

574 2303 609 2334 in
627 2302 827 2333 habitaculo
845 2302 1038 2332 draconum
1056 2302 1169 2332 cubile
1187 2302 1274 2341 ejus,
1291 2311 1438 2341 gramen
1460 2311 1523 2342 pro
1541 2302 1679 2332 calamo
1696 2308 1731 2332 et
1746 2301 1854 2342 junco
1867 2300 1886 2313 ’'

574 2346 692 2385 (xxxv.
708 2347 757 2385 7):

359 2467 361 2469 ’
400 2453 511 2494 haec
539 2452 594 2492 de
621 2452 820 2492 adventu
844 2451 1038 2500 Domini,
1064 2457 1110 2491 et
1137 2451 1192 2491 de
1218 2451 1546 2491 instauratione
1569 2465 1713 2491 novae
1736 2450 1882 2491 eccle-

400 2517 491 2556 siae
523 2515 640 2568 apud
672 2520 835 2566 gentes
872 2514 928 2553 ab
966 2513 1096 2566 Ipso;
1140 2520 1185 2554 et
1223 2527 1301 2566 per
1337 2513 1414 2553 illa
1445 2514 1582 2554 verba
1612 2512 1882 2565 intelligitur

400 2578 520 2631 quod
551 2590 656 2617 vera
688 2582 733 2616 et
771 2577 890 2616 bona
921 2575 1139 2616 ecclesiae
1171 2585 1301 2615 erunt
1339 2576 1411 2615 ubi
1449 2588 1538 2615 non
1576 2575 1708 2627 prius,
1742 2575 1880 2615 immo

401 2641 475 2681 ubi
501 2639 612 2681 falsa
638 2646 684 2680 et
712 2639 855 2689 mala;
889 2639 961 2678 ubi
987 2638 1098 2678 falsa
1124 2644 1169 2678 et
1197 2638 1316 2678 mala
1342 2639 1474 2691 prius,
1504 2636 1779 2690 significatur
1805 2650 1883 2689 per

404 2703 591 2758 “locum
618 2703 789 2742 aridum
817 2708 862 2741 et
890 2700 1208 2749 siticulosum‚’'
1231 2695 1276 2740 et
1304 2714 1381 2753 per
1410 2699 1753 2740 “habitaculum
1779 2700 1880 2739 dra—

401 2765 603 2814 conum,”
635 2771 731 2805 tum
763 2778 841 2817 per
875 2762 1135 2804 “calamum
1168 2769 1213 2803 et
1241 2762 1422 2815 juncum
1440 2762 1474 2812 ;”
1514 2775 1620 2802 vera
1650 2768 1803 2802 autem
1835 2769 1881 2803 et

400 2829 520 2868 bona
556 2842 668 2881 quae
706 2827 792 2867 illis
830 2832 974 2874 erunt,
1013 2825 1322 2878 significantur
1358 2839 1436 2878 per
1474 2823 1768 2877 “stagnum”
1804 2838 1883 2878 per

404 2891 738 2943 “scaturigines
765 2888 1018 2942 aquarum,''
1044 2902 1121 2941 per
1150 2887 1335 2928 “cubile
1368 2888 1440 2928 ubi
1472 2889 1590 2941 prius
1622 2887 1880 2936 dracones,”

401 2959 497 2994 tum
524 2967 602 3007 per
631 2951 891 3005 “gramen''
939 2951 1088 3004 Apud
1115 2950 1375 3000 Jeremz'am,
