2054 3464
530 398 636 432 CAP.
665 399 767 440 xn.,
796 358 935 431 VERs.
969 398 1140 443 17.-N.
1167 387 1330 444 768[e].
1569 399 1681 443 2149

119 551 134 575 ·,
183 513 309 571 apud
331 513 594 564 Jeremiam,

72 588 107 632 f
251 590 372 624 “Ecce
387 590 464 623 dies
477 591 638 623 venient.
653 615 676 628 .,
691 590 818 632 quibus
835 590 1021 622 seminabo
1037 590 1183 622 domum
1203 589 1346 622 Israelis
1363 594 1399 621 et
1414 588 1561 621 domum
1575 586 1683 630 Jehu-

187 679 190 682 Δ
233 672 239 675 ,
256 683 257 686 ¹
358 635 426 667 dae
442 635 580 667 semine
597 634 754 666 hominis
772 640 807 666 et
823 634 961 666 semine
978 634 1112 666 bestiae
1124 633 1142 646 ’¹
1159 633 1266 674 (xxxi.
1285 632 1360 673 27);

190 710 260 766 [et
283 710 329 753 in
354 710 571 766 parabola
597 709 816 764 Domini,]

104 773 110 782 ἃ
404 787 535 820 Semen
553 787 768 836 seminatum
786 787 901 819 “sunt
920 786 981 818 filii
1002 786 1103 827 regni
1113 785 1131 798 ”
1148 786 1291 826 (Matth.
1309 786 1381 818 xiii.
1399 785 1464 826 38).

169 870 324 930 ⁴Quod
353 881 509 919 autem
537 878 732 916 “semen
764 874 892 928 agri”
918 874 1063 916 simile
1090 874 1314 928 significet
1341 887 1443 915 cum
1473 874 1684 915 “semine

182 938 424 989 ¹¹llo'minis,”
441 938 514 981 hic
536 939 779 980 ostendere
802 937 1134 992 supersedetur,
1155 939 1258 992 quia
1279 938 1350 979 hic
1374 937 1512 979 modo
1535 937 1683 991 expli—

138 1006 146 1020 ·’
187 1007 318 1045 catur
357 1008 405 1044 et
444 1015 505 1044 ex
546 1001 703 1043 Verbo
744 1001 1037 1044 confirmatur
1076 1002 1180 1056 quid
1221 1005 1416 1042 “semen
1457 999 1684 1041 mulieris”

187 1064 428 1120 significat.

266 1128 348 1184 [e.]
376 1129 606 1184 Quoniam
626 1143 704 1183 per
724 1133 750 1150 ‘⁶
763 1128 955 1171 semen’'
972 1128 1256 1183 significatur
1272 1141 1429 1169 verum
1448 1128 1685 1176 doctrinae

75 1188 90 1226 ἶ
152 1246 155 1250 λ
189 1204 251 1234 ex
277 1190 449 1242 verbo,
477 1197 524 1233 et
556 1192 600 1232 in
632 1205 843 1246 supremo
874 1204 1009 1232 sensu
1042 1191 1257 1232 Divinum
1288 1190 1477 1239 Verum,
1505 1190 1610 1231 inde
1641 1191 1686 1230 in

189 1253 404 1309 opposito
430 1267 565 1296 sensu
590 1268 670 1308 per
693 1254 919 1296 “semen''
945 1253 1224 1308 significatur
1249 1253 1409 1295 falsum
1436 1251 1684 1302 doctrinae,

79 1345 92 1358 t
134 1330 150 1350 '—
189 1322 239 1360 et
263 1317 425 1360 falsum
450 1317 669 1360 infernale
685 1318 826 1360 :·—Ut
850 1318 969 1372 apud
994 1317 1199 1368 Esaiam,

256 1406 360 1441 “Vos
378 1408 535 1440 accedite
551 1409 630 1447 huc,
648 1408 709 1440 filii
727 1408 1032 1449 praestigiatricis,
1049 1418 1173 1440 semen
1192 1408 1353 1447 adulteri,
1371 1414 1407 1440 et
1426 1413 1583 1440 scortata
1599 1405 1685 1439 [fles.

364 1451 504 1484 Contra
526 1462 631 1493 quem
656 1451 845 1484 oblectatis
865 1453 956 1485 vos?
982 1459 1108 1485 contra
1132 1462 1236 1494 quem
1257 1452 1413 1484 dilatatis
1438 1462 1490 1490 os,
1511 1452 1688 1492 elongatis

366 1495 552 1538 linguam?
608 1495 740 1528 Nonne
768 1506 835 1529 vos
862 1497 938 1528 nati
962 1495 1291 1538 praevaricationis,
1316 1506 1440 1528 semen
1469 1496 1645 1528 mendacii
1655 1495 1689 1528 ?’'

364 1539 450 1581 (lvii.
467 1547 498 1580 3,
514 1549 536 1580 4
548 1539 572 1581 z)

188 1646 269 1689 per
295 1635 470 1677 “natos
491 1632 897 1688 praestigiatricis‘'
919 1638 966 1674 et
989 1646 1069 1687 per
1088 1635 1282 1674 “semen
1304 1631 1537 1681 adulteri‚”
1555 1631 1693 1685 signi·

178 1692 388 1739 *ficantur
403 1695 518 1738 salsa
535 1710 595 1737 ex
614 1695 856 1737 falsificato
874 1691 1200 1736 et'adulterato
1218 1695 1374 1736 Verbo
1391 1709 1401 1747 ;
1425 1709 1504 1749 per
1521 1699 1694 1736 “natos

189 1759 599 1815 praestigiatricis‘'
635 1758 748 1800 falsa
783 1773 843 1800 ex
884 1758 963 1800 illo
998 1758 1253 1809 falsificato,
1292 1764 1339 1800 et
1381 1772 1461 1813 per
1500 1762 1694 1799 “semen

171 1821 419 1865 sadulteri”
445 1821 560 1864 salsa
591 1836 650 1864 ex
683 1821 762 1863 illo
788 1821 1075 1873 adulterat03
1097 1821 1317 1863 .Verbum
1349 1822 1511 1863 dicitur
1542 1820 1693 1862 falsifi-

144 1910 163 1915 ··
188 1891 344 1930 catum
357 1885 541 1941 quando
555 1899 661 1927 vera
683 1885 776 1938 ejus
794 1891 1127 1939 pervertuntur,
1145 1891 1191 1927 et
1210 1886 1372 1926 dicitur
1386 1885 1694 1926 adulteratum

77 1957 106 1999 11
132 1968 138 1977 »-
186 1949 372 2004 quando
397 1948 604 1990 similiter
634 1949 755 1990 bona
792 1948 901 2001 ejus,
930 1954 1028 1989 tum
1061 1949 1243 2003 quando
1274 1962 1381 1990 vera
1407 1947 1695 2002 applicantur

83 2063 88 2068 ,Ι
147 2006 151 2009 ’
188 2011 417 2054 amoribus
441 2012 533 2054 sui:
566 2025 645 2066 per
675 2016 850 2052 “natos
879 2012 1282 2066 praevaricationis
1310 2019 1356 2053 et
1383 2025 1539 2052 semen
1566 2024 1694 2052 men-

186 2074 344 2125 dacii,”
357 2075 673 2130 significantur
687 2075 799 2116 falsa
816 2089 875 2116 ex
894 2075 1112 2129 prioribus
1127 2075 1214 2116 illis
1232 2075 1356 2116 falsis
1371 2075 1667 2116 scaturientia
1684 2088 1692 2114 ε

63 2132 129 2196 32(
187 2150 269 2193 per
305 2135 582 2180 “oblectare
623 2138 702 2180 se”
739 2137 1020 2192 significatur
1056 2138 1303 2192 jucundum
1346 2152 1406 2179 ex
1448 2137 1695 2179 falsificatis

190 2214 379 2257 capere:
412 2215 493 2257 per
517 2202 748 2244 “dilatare
772 2216 822 2243 os
834 2202 853 2218 ’‘
875 2201 1156 2256 significatur
1176 2202 1423 2256 jucundum
1447 2202 1693 2256 cogitatio-

62 2262 99 2294 -”
124 2304 129 2319 ,,
191 2265 262 2307 nis
286 2265 406 2316 inde,
430 2271 477 2308 et
499 2278 579 2320 per
603 2265 859 2320 “elongare
882 2265 1118 2319 linguam”
1140 2264 1422 2319 significatur
1442 2264 1690 2318 jucundum

189 2327 386 2371 docendi
411 2335 459 2371 et
485 2328 760 2384 propalandi
786 2328 876 2370 illa.
937 2329 1077 2383 Apud
1102 2328 1308 2378 Esaiam,

259 2424 363 2459 “Vae
385 2425 485 2466 genti
509 2425 704 2466 peccatrici,
730 2425 864 2466 populo
891 2425 992 2466 gravi
1021 2425 1219 2467 iniquitate,
1244 2425 1373 2457 semini
1402 2425 1589 2464 malorum,
1615 2425 1695 2457 filiis

368 2469 644 2510 corruptoribus,
659 2469 924 2510 dereliquerunt
936 2468 1124 2511 Jehovam,
1138 2475 1379 2510 provocarunt
1396 2467 1568 2501 Sanctum
1584 2469 1697 2501 Israe-

366 2512 420 2552 lis,
437 2513 687 2547 abalienarunt
703 2523 742 2545 se
762 2519 958 2545 retrorsum
968 2512 987 2525 ‘’
1003 2513 1038 2554 (i.
1052 2513 1105 2553 4):

194 2614 275 2658 per
302 2603 534 2656 “gentem
566 2602 871 2656 peccatricem
885 2601 904 2617 '’
935 2601 1250 2656 significantur
1280 2602 1344 2643 illi
1376 2602 1450 2656 qui
1486 2602 1530 2643 in
1563 2602 1693 2643 malis

193 2670 313 2714 sunt,
346 2670 395 2706 et
438 2677 518 2718 per
555 2664 810 2719 “populum
851 2678 1042 2719 gravem
1079 2665 1349 2719 iniquitate”
1385 2665 1696 2719 significantur

193 2724 258 2770 illi
282 2728 357 2783 qui
387 2728 434 2770 in
464 2727 587 2770 falsis
619 2728 724 2770 inde
756 2736 878 2778 sunt,
912 2742 1017 2770 nam
1054 2728 1238 2782 “gens”
1270 2730 1314 2770 in
1346 2728 1503 2771 Verbo
1535 2730 1697 2771 dicitur

196 2789 254 2830 de
275 2788 423 2838 malis,
440 2802 493 2830 ac
514 2794 539 2810 “
552 2789 781 2844 populus„
796 2790 853 2831 de
871 2790 994 2831 falSiS
1012 2801 1172 2840 (videatur
1184 2810 1290 2839 supra,
1304 2810 1335 2831 n.
1355 2800 1445 2843 175,
1458 2802 1551 2843 331,
1566 2790 1667 2843 625)
1686 2804 1694 2830 ἱ

192 2849 355 2893 salsum
385 2850 564 2893 illorum
596 2853 671 2906 qui
702 2852 745 2893 in
777 2851 908 2893 malis
940 2859 1047 2894 sunt
1078 2852 1359 2906 significatur
1390 2867 1470 2906 per
1498 2856 1692 2894 “semen

195 2913 459 2963 malorum‚”
484 2918 543 2956 et'
562 2914 675 2956 falsa
700 2915 879 2956 illorum
911 2916 985 2970 qui
1015 2916 1060 2956 in
1091 2915 1214 2957 falsis
1245 2930 1305 2957 ex
1334 2915 1456 2956 malo
1481 2915 1560 2956 illo
1587 2922 1693 2957 sunt

67 2967 107 3035 'ss
123 2963 130 2971 ’
196 2974 511 3028 significantur
531 2989 612 3030 per
632 2981 657 2997 ‘⁶
670 2975 786 3017 filios
809 2983 1103 3030 corruptores
1120 2976 1156 3017 :’'
1185 2987 1290 3026 (quod
1306 2985 1323 2996 ¹·
1335 2988 1389 3017 fini
1401 2987 1417 2997 ··
1434 2987 1611 3025 significent
1626 2987 1697 3017 mos

86 3028 99 3049 ἦ
201 3036 256 3074 qui
270 3035 304 3066 in
317 3036 398 3066 veris
411 3040 494 3071 sunt,
510 3040 542 3066 et
555 3037 587 3066 in
602 3037 750 3076 opposito
764 3046 860 3067 sensu
874 3038 928 3075 qui
942 3038 975 3067 in
990 3037 1083 3074 salsis,
1099 3042 1131 3067 et
1145 3037 1303 3068 abstracte
1317 3047 1392 3068 vera
1406 3042 1437 3067 et
1451 3037 1538 3072 falsa,
1554 3037 1698 3068 videatur
