2008 3458
107 262 139 291 ἐζ,
147 267 182 285 ¹¹

575 399 689 456 CAPss
706 422 822 465 xm,
850 423 988 457 VERS.
1022 423 1163 457 1.—N.
1191 414 1360 471 852[b].
1603 416 1713 470 ‘2373

350 535 353 539 '
390 534 485 568 derit
503 534 644 568 Patrem
662 535 853 568 facientem
869 545 876 575 ;
901 547 990 578 quae
1008 547 1162 579 namque
1181 537 1246 570 Ille
1263 538 1357 577 facit,
1374 538 1461 570 haec
1478 538 1585 570 etiam
1605 538 1714 570 Filius

390 579 554 612 similiter
571 579 656 611 facit
669 591 675 611 :
686 605 693 611 .
708 605 715 611 .
731 605 737 611 .
752 582 1068 621 ‚quemadmodum
1093 582 1199 614 Pater
1214 583 1362 614 suscitat
1382 589 1556 621 mortuos,
1573 589 1608 614 et
1625 583 1714 614 vivi-

392 623 482 662 ficat,
492 623 542 656 ita
552 623 659 655 etiam
673 623 781 655 Filius
795 634 884 665 quos
893 625 968 656 vult
979 625 1135 657 vivificat
1149 637 1174 658 ε.
1188 650 1196 658 .
1210 650 1217 658 .
1233 626 1307 667 .qui
1322 636 1394 657 non
1408 624 1562 658 honorat
1575 625 1712 664 Filium,

389 675 464 700 non
487 668 643 699 honorat
664 667 807 699 Patrem
827 668 886 709 qui
915 669 1012 700 misit
1044 668 1190 709 Ipsum:
1222 679 1345 702 amen.
1360 670 1455 702 ,dieo
1479 670 1593 708 vobis,
1619 671 1711 711 quod

388 710 510 743 veniet
536 711 640 744 hora.
655 735 701 750 ..‚
726 713 871 752 quando
901 713 1032 744 mortui
1057 713 1203 745 audient
1227 723 1353 745 vocem
1384 713 1463 745 Filii
1490 713 1567 751 Dei,
1592 720 1628 746 et
1653 715 1711 755 qui

387 755 544 794 audient,
562 755 702 788 vivent:
729 756 1022 796 quemamodum.
1038 755 1160 788 ,Pater
1176 757 1283 788 habet
1300 758 1410 788 vitam
1430 758 1466 789 in
1484 757 1529 789 Se
1551 757 1646 798 Ipso,
1665 759 1714 790 ita

388 798 499 833 etiam
517 799 616 832 dedit
637 798 727 830 Filio
744 800 854 831 vitam
875 799 1009 832 habere
1035 800 1070 833 in
1096 800 1141 832 Se
1164 799 1276 841 Ips0”
1293 801 1340 841 (ν.
1364 798 1539 842 17—[¹J27):

158 895 162 901 ’
206 885 333 941 quod
357 900 438 941 per
465 887 687 935 “Patrem
704 887 724 903 '’
749 887 822 928 hic
855 887 1144 941 intelligatur
1171 888 1386 929 Divinum
1418 889 1462 930 in
1495 888 1707 937 Domino,

209 949 332 1004 q'uod
357 949 440 992 suit
473 950 619 1005 Ipsius
645 951 754 999 vita,
784 951 900 992 sicut
933 958 1004 992 est
1036 952 1187 993 anima
1219 953 1361 1005 patris
1393 953 1437 993 in
1469 954 1593 993 omni
1625 952 1708 994 ho-

88 1010 141 1072 (ᾗ
205 1011 347 1065 mine.
374 1019 436 1062 et
446 1013 569 1068 quod
601 1027 681 1085 per
705 1013 940 1055 “Filium”
965 1014 1252 1068 intelligatur
1280 1014 1558 1065 Humanum,
1587 1016 1709 1069 quod

96 1076 145 1130 *²7*
205 1088 287 1119 ex
294 1075 394 1131 ipso
421 1075 623 1119 Divino
612 1090 657 1118 1n
684 1076 791 1130 Ipso
812 1077 943 1126 vixit,
968 1083 1015 1118 et
1041 1077 1145 1118 inde
1171 1091 1349 1131 quoque
1377 1077 1591 1118 Divinum
1617 1078 1707 1119 fac-

208 1122 326 1183 ἅπτῃ
344 1145 432 1191 est,
465 1147 800 1195 consequenter
836 1141 957 1195 quod
995 1141 1130 1182 Pater
1162 1148 1209 1182 et
1245 1141 1383 1182 Filius
1422 1155 1559 1182 unum
1601 1142 1706 1191 sint,

107 1176 150 1238 ‚⁴⁴2
206 1208 398 1253 constat
424 1217 486 1246 ex
518 1203 702 1245 Domini
733 1204 882 1245 verbis
915 1204 988 1255 ibi,
1017 1205 1138 1258 quod
1170 1218 1335 1258 nempe
1370 1205 1554 1246 “Filius
1585 1206 1707 1246 simi-

87 1264 146 1324 ῖῗζῇ
204 1263 271 1316 lia
294 1265 435 1311 faciat
465 1280 581 1321 quae
614 1267 748 1309 Pater
766 1267 800 1318 ;”
832 1267 954 1321 quod
989 1267 1171 1308 “Filius
1204 1268 1396 1309 suscitet
1429 1274 1635 1309 mortuos
1661 1276 1707 1310 et

87 1324 162 1398 1⁷⁷
205 1327 404 1382 vivificet
435 1329 551 1372 sicut
585 1330 719 1372 Pater
738 1330 773 1381 ;”
810 1331 931 1385 quod
966 1330 1150 1377 “Filius
1181 1331 1352 1372 habeat
1384 1332 1527 1372 vitam
1563 1332 1608 1372 in
1650 1331 1707 1374 Se

206 1390 228 1446 Ι
286 1405 314 1434 0
335 1393 452 1438 sicut
479 1393 639 1445 Pater;
645 1394 664 1410 ”
696 1400 742 1440 et
761 1395 916 1448 quod‘
923 1393 1110 1436 ‘victuri
1132 1395 1222 1436 sint
1246 1396 1320 1449 qui
1343 1396 1528 1436 audient
1546 1409 1706 1437 vocem

231 1446 362 1509 ilfi?
391 1471 452 1501 ex
474 1457 546 1499 his
576 1458 816 1499 manifeste
843 1464 975 1512 patet
1007 1459 1129 1513 quod
1162 1458 1297 1501 Pater
1323 1466 1370 1500 et
1398 1459 1537 1500 Filius
1570 1473 1707 1500 unum

80 1498 139 1562 ΞῘ’
192 1518 296 1561 ‘sint
332 1521 450 1562 sicut
487 1521 639 1562 anima
675 1528 722 1563 et
759 1535 950 1575 corpus:
998 1528 1045 1563 et
1083 1522 1204 1576 quod
1245 1523 1348 1576 quia
1385 1523 1566 1563 Patrem
1603 1536 1706 1576 pro-

202 1583 358 1642 prium-
380 1584 499 1631 dixit
531 1585 694 1635 Deum,
722 1591 770 1627 et
802 1599 958 1640 parem
990 1584 1048 1628 Se
1081 1585 1182 1627 Deo
1212 1585 1333 1636 fecit,
1359 1586 1518 1639 Judaei
1551 1587 1706 1640 Ipsum

75 1646 112 1698 μἑξ,
135 1707 140 1713 .
202 1645 458 1708 interficere
483 1655 767 1703 quaererent.
831 1649 972 1703 Apud
998 1649 1208 1698 eundem,

228 1737 419 1774 4=⁸⁴>0ume
442 1739 538 1780 quod
561 1738 622 1770 dat
647 1737 737 1770 Mihi
760 1737 876 1777 Pater,
893 1739 939 1770 ad
964 1737 1025 1770 Me
1044 1738 1201 1775 venietz.
1216 1763 1245 1770 ..
1261 1738 1411 1770 .omnis.
1425 1738 1502 1779 .qui
1525 1738 1662 1770 audivit
1685 1748 1708 1769 a

380 1781 498 1820 Patre,
513 1788 550 1814 et
566 1782 700 1818 didicit,
719 1783 815 1814 venit
835 1783 879 1814 ad
899 1782 983 1820 Me;
1007 1792 1080 1814 non
1098 1782 1192 1823 quod
1214 1781 1356 1814 Patrem
1378 1782 1507 1814 viderit
1526 1781 1615 1823 quis,
1636 1783 1706 1814 nisi

377 1825 438 1868 qui
456 1831 512 1858 est
527 1826 621 1867 apud
644 1826 799 1864 Patrem,
817 1826 886 1858 Hic
903 1826 1000 1858 videt
1018 1826 1172 1858 Patrem.
1202 1851 1210 1858 .
1225 1851 1232 1858 .
1246 1851 1254 1858 .
1269 1851 1276 1858 .
1287 1825 1363 1866 Ego
1377 1835 1456 1857 sum
1475 1826 1577 1866 panis
1591 1826 1705 1863 vivus,

377 1869 438 1911 qui
461 1879 481 1902 e
497 1870 598 1902 caelo
621 1870 842 1902 descendit:.
858 1895 864 1902 .
879 1895 886 1902 .
901 1870 1219 1911 .quemadmodum
1237 1870 1336 1901 misit
1356 1869 1416 1902 Me
1434 1870 1561 1901 vivens
1587 1869 1705 1907 Pater,

378 1913 456 1956 Ego
471 1914 580 1946 etiam
598 1914 683 1946 vivo
700 1924 764 1955 per
782 1914 926 1946 Patrem
936 1913 954 1926 '’
971 1913 1031 1954 (vi.
1053 1921 1104 1953 37,
1123 1913 1227 1956 seq.):

200 2000 401 2057 loquitur
425 2001 735 2044 ibi-Dominus
762 2002 819 2044 de
847 2001 1063 2043 Humano
1093 2015 1189 2051 suo,
1217 2002 1337 2056 quod
1365 2002 1654 2043 descenderit
1680 2016 1703 2043 e

83 2060 139 2106 ’ὲῗ
199 2064 345 2116 eaelo,
377 2071 427 2108 et
457 2066 580 2120 quod
617 2067 757 2107 cuivis
788 2067 885 2106 vita
920 2066 979 2107 sit
1017 2079 1096 2120 per
1132 2065 1301 2120 Ipsum.
1335 2080 1395 2107 ex
1432 2079 1569 2107 causa
1601 2066 1703 2119 quia

179 2126 338 2182 ¹Pater
366 2134 415 2171 et
447 2129 551 2184 Ipse
577 2142 715 2170 unum
748 2135 868 2177 sunt,
903 2135 950 2170 et
981 2129 1104 2183 quod
1130 2130 1226 2170 vita
1258 2129 1403 2171 Patris
1429 2130 1488 2170 sit
1519 2129 1563 2170 in
1597 2128 1703 2183 Ipso

152 2183 156 2194 ²
198 2188 317 2267 sicut
341 2191 515 2234 Anima
539 2206 599 2234 ex
622 2192 756 2234 Patre
781 2193 826 2233 in
850 2191 979 2233 Filio.
1041 2191 1181 2247 Apud
1207 2193 1417 2242 eundem,

264 2279 372 2324 “Ego
385 2281 496 2316 vitam
510 2288 696 2314 aeternam
710 2281 774 2313 do’
778 2281 920 2313 'ovibus
934 2282 1034 2320 meis,
1044 2283 1106 2315 “et
1119 2292 1191 2314 non
1207 2283 1395 2323 peribunt
1386 2293 1422 2314 in
1436 2282 1628 2320 saeculum,
1638 2292 1703 2314 nec

276 2362 282 2367 ,
374 2326 489 2368 rapiet
499 2326 579 2368 quis
589 2336 667 2358 eas.
726 2336 760 2358 .e
772 2335 882 2357 manu
898 2326 1014 2358 Patris
1027 2327 1120 2364 mei;
1146 2326 1223 2367 Ego
1243 2334 1279 2358 et
1294 2327 1400 2358 Pater
1419 2336 1530 2358 unum
1545 2326 1690 2359 s.umus

335 2393 341 2413 ·,
372 2369 501 2447 §udaiei
528 2370 716 2410 indignati,
741 2370 836 2411 quod
865 2370 910 2402 Se
943 2369 1066 2411 Ipsum
1095 2370 1228 2402 faceret
1254 2370 1380 2403 Deum.
1429 2370 1567 2409 Dixit,
1571 2371 1702 2412 ‘Quem

403 2420 480 2446 ater
496 2411 733 2446 sanctificavit
753 2421 788 2445 et
805 2414 902 2446 misit
919 2413 954 2445 in
973 2410 1156 2451 mundum.
1172 2424 1286 2446 vosne
1303 2414 1430 2453 dicitis
1446 2414 1705 2455 Blasphemas?

372 2458 457 2500 quia
477 2458 562 2498 dixi,
573 2457 683 2490 Filius
709 2458 776 2489 Dei
795 2467 886 2490 sum.
934 2458 970 2490 Si
990 2468 1064 2490 non
1085 2458 1177 2490 facio
1197 2467 1308 2499 opera
1329 2458 1446 2490 Patris
1467 2459 1547 2497 mei,
1566 2468 1611 2490 ne
1632 2468 1704 2490 cre-

354 2502 445 2538 dite
470 2482 581 2539 Mihi';
613 2503 643 2534 si
668 2512 754 2534 vero
778 2501 898 2540 facio„
913 2526 942 2534 ..
957 2502 1140 2543 .operibus
1172 2502 1314 2541 credite,
1343 2509 1382 2534 ut
1409 2503 1636 2543 cognoscatis
1668 2510 1703 2534 et

371 2545 535 2586 credatis,
552 2546 647 2588 quod
666 2545 772 2578 Pater
789 2546 825 2577 in
845 2545 905 2578 Me
922 2552 958 2578 et
973 2545 1050 2587 Ego
1067 2546 1103 2578 in
1123 2545 1256 2578 Patre”
1274 2547 1320 2586 (x,
1339 2547 1460 2586 28—38)
1475 2558 1482 2578 2

75 2629 88 2682 ζ
156 2643 157 2647 ’
195 2634 270 2683 hic
307 2634 507 2690 loquitur
548 2635 772 2677 Dominus
810 2635 867 2676 de
906 2635 1040 2676 Patre
1081 2635 1198 2676 sicut
1241 2635 1297 2676 de
1337 2634 1441 2683 alio,
1487 2634 1698 2682 dicendo,

198 2698 388 2741 “Nemo
428 2699 574 2753 rapiet
615 2712 724 2740 oves
762 2713 786 2740 e
823 2711 961 2739 manu
998 2697 1144 2739 Patris
1185 2698 1273 2739 mei
1290 2698 1324 2749 ;”
1357 2704 1454 2739 tum
1489 2697 1576 2739 “Si
1608 2711 1699 2739 non

63 2756 156 2822 ,⁶
193 2761 312 2805 racio
346 2775 486 2817 opera
522 2762 669 2803 Patris
706 2763 808 2811 mei,
847 2775 904 2803 ne
941 2761 1115 2803 credite
1157 2761 1297 2812 Mihi3
1344 2762 1381 2802 si
1421 2775 1531 2802 vero
1567 2761 1698 2810 facio,

59 2827 154 2885 ,ῥζῆἴ
183 2826 405 2881 operibus
436 2826 609 2868 credite
628 2825 661 2877 ;'’
688 2833 734 2867 et
767 2832 938 2874 tamen,
967 2838 1024 2866 ne
1055 2825 1295 2866 crederent
1328 2825 1450 2879 quod
1484 2825 1620 2866 Pater
1651 2831 1698 2866 et

77 2890 134 2958 .⁴·
194 2888 299 2944 1pse
328 2889 421 2931 duo
452 2895 622 2938 essent,
657 2889 781 2938 dicit,
813 2889 988 2930 “Pater
1019 2894 1066 2929 et
1099 2887 1203 2941 Ego
1235 2901 1373 2929 unum
1405 2901 1558 2946 sum-us
1577 2887 1614 2939 ;‘’
1644 2902 1696 2930 ac

197 2965 254 2995 ne
279 2953 520 2995 crederent
545 2953 666 3007 quod
693 2965 829 2993 unum
856 2957 1011 2992 essent
1038 2950 1184 2991 solum
1211 2965 1290 3005 per
1311 2963 1528 2999 amorem,
1552 2951 1696 3001 addit,

197 3015 303 3058 “Ut
329 3017 624 3070 cognoscatis
651 3022 697 3056 et
724 3015 921 3056 credatis
947 3014 1068 3068 quod
1096 3014 1230 3055 Pater
1256 3014 1300 3055 in
1328 3014 1419 3063 Me,
1447 3020 1494 3056 et
1518 3013 1623 3068 Ego
1650 3015 1696 3056 in

163 3076 166 3078 ’
195 3077 328 3122 Patre
343 3079 379 3122 :’'
410 3079 515 3122 inde
537 3086 752 3122 constare
775 3084 930 3133 potest
953 3077 1072 3133 quod
1098 3077 1320 3119 Dominus
1346 3091 1426 3132 per
1443 3078 1666 3120 “Patrem
1679 3078 1698 3094 ’'
