2054 3464
413 350 523 392 2068
827 360 1157 394 APOCALYPSIS
1189 362 1486 395 EXPLICATA.

585 474 645 505 illa
658 475 843 506 moriendo
861 475 1033 508 morieris.
1065 501 1071 507 .
1087 500 1094 507 .
1109 501 1115 507 .
1131 475 1189 508 ,Et
1210 486 1356 517 serpens
1374 477 1438 509 fuit
1454 483 1591 510 astutus
1605 487 1688 518 prae
1705 478 1803 510 omni
1820 477 1896 511 fera

584 517 659 557 agri
677 528 781 559 quam
796 518 878 549 fecit
891 519 1052 560 Jehovah
1068 519 1163 551 Deus
1178 530 1184 556 ;
1209 527 1243 551 et
1260 521 1346 552 dixit
1363 522 1406 552 ad
1424 522 1616 559 mulierem,
1633 521 1796 553 Etiamne
1808 522 1896 554 dixit

586 560 693 599 Deus,
717 561 796 592 Non
817 562 1011 593 comedetis
1035 563 1079 593 de
1103 564 1200 594 omni
1221 565 1346 595 arbore
1366 565 1482 597 horti?
1529 565 1572 596 Et
1596 565 1828 596 dixit‘mulier
1850 565 1896 596 ad

584 611 796 644 serpentem,
811 605 862 636 De
877 603 992 636 fructu
1005 606 1141 637 arboris
1153 607 1244 638 horti
1257 609 1482 639 comedemus
1497 617 1504 645 3
1524 615 1560 639 at
1573 608 1615 639 de
1630 607 1746 640 fructu
1758 609 1896 640 arboris

583 658 672 687 quae
691 649 724 679 in
745 649 860 679 medio
874 649 976 685 horti,
991 649 1078 680 dixit
1093 649 1198 688 Deus,
1215 650 1294 681 Non
1309 651 1503 682 comedetis
1520 651 1563 682 de
1581 651 1651 688 illo,
1666 661 1730 682 nec
1743 651 1896 692 tangetis

584 691 693 728 illum,
715 702 758 722 ne
779 692 989 723 moriamini.
1038 692 1082 724 Et
1105 693 1192 724 dixit
1216 703 1373 734 serpens,
1396 694 1476 725 Non
1497 695 1683 726 moriendo
1706 694 1895 733 morimini,

583 734 665 774 quia
685 735 786 765 novit
808 735 903 766 Deus
923 736 1016 775 quod
1041 736 1075 766 in
1101 736 1157 768 die
1178 747 1246 777 quo
1266 738 1369 770 editis
1393 738 1436 769 de
1456 748 1509 775 e0,
1530 744 1564 769 et
1583 738 1786 778 aperientur
1804 738 1896 770 oculi

583 778 701 815 vestri,
727 785 762 809 et
786 779 883 810 eritis
907 779 998 810 sicut
1024 779 1130 817 Deus,
1155 780 1306 812 scientes
1330 782 1462 812 bonum
1487 788 1522 812 et
1550 781 1693 812 malum.
1741 781 1786 812 Et
1808 781 1896 813 vidit

584 821 710 852 mulier
727 822 820 861 quod
841 823 935 852 bona
951 823 1055 853 arbor
1071 823 1115 854 ad
1132 833 1241 861 esum,
1260 830 1294 855 et
1314 825 1407 865 quod
1424 825 1625 864 appetibilis
1643 824 1704 855 illa
1722 824 1843 862 oculis,
1860 830 1896 856 et

583 864 825 896 desiderabilis
839 866 943 896 arbor
955 866 999 897 ad
1016 866 1171 897 dandum
1186 867 1455 907 intelligentiam
1473 877 1479 903 ;
1504 874 1538 899 et
1555 867 1706 908 sumpsit
1719 877 1763 899 ex
1779 865 1896 900 fructu

582 907 659 947 ejus
680 914 715 939 et
735 909 815 945 edit,
837 915 872 939 et
891 909 987 940 dedit
1007 909 1112 941 etiam
1135 910 1211 941 viro
1231 920 1296 941 suo
1321 921 1450 948 secum,
1471 917 1506 942 et
1526 911 1700 942 comedit:
1725 917 1760 942 et
1783 911 1895 951 aperti

583 958 665 982 sunt
684 952 776 982 oculi
794 953 988 988 amborum,
1007 959 1041 983 et
1061 960 1305 993 cognoverunt
1322 955 1414 995 quod
1433 955 1516 985 nudi
1535 954 1603 991 i11i;
1628 960 1663 985 et
1680 959 1895 986 consuerunt

583 994 707 1025 folium
726 995 819 1032 ficus,
839 1001 873 1026 et
889 995 1048 1027 fecerunt
1068 997 1134 1027 sibi
1152 997 1303 1036 cingula.
1339 1022 1345 1028 .
1361 1022 1367 1029 .
1382 1022 1388 1029 .
1404 997 1464 1029 ,Et
1481 998 1566 1028 dixit
1583 997 1743 1038 jehovah
1762 997 1807 1029 ad
1823 1006 1895 1029 ser-

583 1044 737 1078 pentem,
759 1039 850 1079 Quia
870 1039 983 1070 fecisti
1007 1040 1083 1078 hoc,
1104 1039 1314 1072 maledic'ius
1335 1047 1371 1071 tu
1392 1051 1474 1080 prae
1495 1042 1592 1072 omni
1613 1041 1736 1078 bestia,
1756 1047 1791 1072 et
1811 1049 1895 1081 prae

581 1082 679 1112 omni
694 1081 769 1112 fera
781 1083 855 1121 agri
871 1091 878 1118 ;
904 1092 1009 1122 super
1021 1089 1143 1114 ventre
1157 1090 1217 1114 tuo
1231 1084 1437 1122 ambulabis,
1450 1091 1484 1115 et
1498 1085 1677 1124 pulverem
1689 1084 1772 1115 edes
1782 1084 1896 1115 omni-

582 1125 647 1156 bus
661 1125 784 1156 diebus
799 1126 890 1156 vitae
899 1132 985 1156 *tuae
1000 1137 1005 1157 :
1033 1133 1067 1157 et
1081 1127 1301 1158 inimicitiam
1317 1137 1447 1167 ponam
1462 1128 1553 1158 inter
1566 1134 1600 1158 te
1617 1134 1650 1158 et
1668 1127 1761 1158 inter
1774 1127 1895 1159 mulie-

582 1178 666 1206 rem,
688 1174 722 1199 et
748 1169 839 1199 inter
862 1179 984 1200 semen
1010 1175 1107 1200 tuum
1132 1176 1167 1201 et
1191 1180 1312 1201 semen
1338 1170 1437 1211 ejus:
1471 1170 1534 1202 Ille
1554 1170 1773 1202 conculcabit
1797 1168 1895 1203 [¹]tibi

581 1218 695 1251 caput,
714 1218 748 1242 et
765 1212 802 1242 th
819 1212 937 1243 laedes
955 1213 1158 1244 calcaneum
1178 1213 1276 1253 Ejus.
1314 1238 1321 1245 .
1336 1239 1343 1246 .
1357 1238 1364 1245 .
1380 1214 1439 1245 ‚Et
1456 1214 1573 1245 emisit
1589 1214 1750 1255 Jehovah
1769 1213 1865 1246 Deus
1875 1213 1894 1226 ’⁹

581 1255 762 1286 hominem
777 1256 794 1269 “
804 1265 848 1286 ex
858 1256 961 1286 horto
976 1256 1100 1294 Eden„
1116 1281 1123 1288 .
1137 1281 1144 1287 .
1160 1263 1208 1288 .et
1222 1257 1380 1288 habitare
1392 1257 1474 1288 fecit
1487 1258 1531 1288 ab
1544 1258 1680 1288 oriente
1694 1257 1738 1288 ad
1750 1257 1894 1289 hortum

582 1297 714 1329 Edenis
735 1299 917 1338 cherubos,
938 1305 973 1330 et
997 1299 1177 1330 flammam
1198 1300 1344 1339 gladii..
1358 1300 1544 1332 ‚vertentis
1564 1310 1612 1338 se,
1633 1300 1677 1331 ad
1695 1300 1896 1332 custodien-

581 1342 669 1426 dum[
685 1342 779 1426 vizim
800 1343 936 1373 arboris
957 1343 1110 1374 vitarum
1123 1342 1140 1354 '¹
1161 1342 1256 1383 (Gen.
1276 1344 1310 1375 ii.
1330 1344 1359 1381 8,
1380 1353 1409 1384 9,
1430 1344 1479 1382 16,
1500 1351 1558 1382 17,
1583 1353 1658 1384 cap.
1679 1343 1727 1376 iii.
1753 1349 1824 1383 1—7,
1845 1351 1894 1383 14,

583 1393 632 1423 15,
673 1393 722 1424 23,
759 1385 835 1425 24):

406 1478 634 1531 quomodo
657 1478 869 1518 historica
891 1478 947 1518 de
971 1478 1208 1519 Creatione
1232 1479 1356 1520 Caeli
1378 1485 1424 1520 et
1447 1479 1627 1528 Terrae,
1651 1493 1763 1533 quae
1785 1492 1893 1520 con·

406 1541 606 1581 tinentur
632 1555 657 1580 a
683 1542 825 1593 primo
849 1542 995 1593 capite
1021 1541 1243 1591 Geneseos,
1268 1556 1406 1596 usque
1432 1543 1489 1582 ad
1515 1542 1624 1583 illud
1650 1543 1723 1583 ubi
1747 1543 1895 1596 agitur

406 1604 461 1644 de
495 1603 688 1653 Diluvio,
722 1605 1021 1658 intelligenda
1053 1612 1172 1654 sunt,
1208 1619 1342 1646 nemo
1373 1612 1526 1658 potest
1557 1606 1682 1655 scire,
1716 1606 1799 1646 nisi
1834 1611 1893 1647 ex‘

405 1680 539 1707 sensu
568 1668 799 1720 spirituali,
828 1669 901 1721 qui
933 1669 1048 1708 inest
1081 1669 1228 1708 sensui
1260 1668 1438 1710 litterae
1464 1669 1604 1710 Verbi
1635 1669 1678 1709 in
1709 1668 1895 1722 singulis

405 1729 521 1782 ejus:
555 1730 768 1771 historica
791 1732 909 1771 enim
932 1730 1007 1770 illa
1033 1730 1088 1770 de
1116 1730 1356 1772 Creatione
1379 1731 1502 1772 Caeli
1525 1738 1570 1772 et
1594 1731 1772 1780 Terrae,
1797 1738 1894 1772 turn

405 1793 460 1833 de
487 1792 635 1833 Horto
661 1794 704 1833 in
732 1793 904 1840 Edene,
930 1793 1074 1846 deque
1100 1793 1294 1834 Posteris
1317 1794 1498 1843 Adami,
1523 1808 1660 1847 usque
1682 1793 1739 1834 ad
1766 1793 1893 1834 Dilu-

403 1856 537 1904 vium,
558 1862 661 1896 sunt
677 1856 888 1895 historica
903 1854 1032 1904 facta,
1051 1856 1128 1896 sed
1147 1870 1286 1909 usque
1304 1855 1597 1906 sanctissima,
1614 1857 1716 1910 quia
1732 1852 1895 1909 singuli

404 1932 560 1958 sensus
582 1932 633 1958 ac
660 1918 863 1970 singulae
885 1932 1020 1958 voces
1046 1919 1103 1958 ibi
1128 1919 1554 1971 correspondentiae
1576 1925 1694 1968 sunt,
1718 1925 1764 1960 et
1790 1919 1894 1959 inde

403 1981 658 2033 significant
691 1980 960 2033 spiritualia;
1004 1982 1088 2022 hoc
1122 1988 1274 2034 potest
1306 1982 1363 2022 ab
1395 1982 1655 2035 unoquovis,
1689 1981 1763 2035 qui
1794 1994 1893 2034 per-

403 2045 567 2096 spicaci
589 2045 770 2096 ingenio
789 2050 871 2092 est,
893 2044 1111 2096 pervideri
1137 2058 1195 2084 ex
1219 2044 1406 2085 historia
1425 2045 1662 2085 creationis
1684 2045 1728 2084 in
1751 2044 1894 2097 primo

403 2108 565 2159 capite,
591 2121 703 2160 quae
727 2113 890 2159 coepta
911 2113 981 2147 est
1004 2120 1029 2147 a
1051 2106 1163 2156 luce,
1183 2107 1364 2160 quando
1382 2107 1582 2147 nondum
1604 2106 1672 2148 sol
1694 2106 1890 2154 exstitit,

404 2177 449 2210 et
481 2184 539 2210 ex
573 2170 769 2222 pluribus
800 2169 896 2209 aliis
927 2170 1011 2219 ibi;
1046 2177 1141 2210 tum
1168 2176 1232 2210 'ex
1260 2171 1486 2210 creatione
1514 2169 1708 2211 Chaivae
1741 2169 1894 2210 uxoris

404 2231 571 2272 Adami
596 2246 654 2272 ex
682 2238 809 2272 costa
832 2232 949 2284 ejus;
984 2239 1031 2273 ut
1059 2239 1103 2273 et
1131 2247 1189 2273 ex
1216 2233 1330 2273 binis
1352 2232 1582 2273 arboribus
1605 2233 1647 2272 in
1671 2231 1891 2285 paradiso,

404 2301 450 2335 et
488 2309 546 2335 ex
590 2295 889 2347 prohibitione
927 2309 982 2335 ne
1019 2309 1078 2335 ex
1115 2296 1273 2336 arbore
1309 2296 1522 2336 scientiae
1558 2295 1665 2336 boni
1701 2300 1747 2336 et
1788 2293 1894 2335 mali

404 2357 710 2406 comederent,
735 2364 780 2398 et
807 2358 927 2411 quod
955 2372 1092 2411 usque
1119 2356 1291 2398 seducti
1317 2372 1342 2398 a
1367 2364 1577 2411 serpente
1599 2357 1891 2404 comederint,

403 2421 587 2460 tametsi
621 2421 817 2460 omnium
856 2421 1171 2473 sapientissimi
1208 2421 1410 2471 fuerunt;
1453 2427 1499 2461 et
1532 2420 1651 2474 quod
1689 2420 1894 2473 Jehovah

403 2483 519 2523 tales
542 2483 723 2523 arbores
746 2484 788 2523 in
812 2484 960 2523 medio
983 2484 1101 2523 horti
1124 2485 1336 2535 posuerit,
1357 2497 1407 2524 ac
1431 2497 1587 2536 passus
1610 2485 1666 2524 sit
1690 2489 1738 2524 ut
1759 2483 1892 2524 sedu-

404 2552 612 2586 cerentur
634 2560 659 2586 a
681 2552 891 2598 serpente
911 2546 966 2586 ad
991 2546 1320 2586 comedendum
1343 2560 1401 2586 ex
1424 2546 1580 2586 arbore
1597 2546 1753 2594 vetita,
1772 2546 1893 2599 quod

403 2614 557 2648 tamen
585 2610 806 2660 potuisset
830 2615 1059 2658 avertere;
1093 2615 1139 2648 et
1166 2609 1350 2649 tandem
1377 2608 1495 2662 quod
1522 2622 1580 2648 ex
1608 2607 1705 2648 solo
1730 2622 1807 2649 esu
1832 2622 1892 2649 ex

403 2670 480 2710 illa
502 2671 660 2711 arbore
683 2672 936 2711 universum
960 2684 1101 2724 genus
1123 2671 1366 2711 humanum
1390 2671 1522 2711 morti
1544 2677 1756 2711 aeternae
1774 2670 1890 2723 judi·

406 2739 594 2773 caretur.
657 2732 766 2785 Quis
799 2747 887 2773 non
914 2734 1036 2774 videt
1063 2733 1181 2786 quod
1208 2734 1318 2774 haec
1346 2740 1504 2774 contra
1530 2733 1740 2773 Divinum
1766 2746 1891 2774 amo-

403 2810 510 2845 rem,
550 2802 596 2836 et
637 2803 795 2836 contra
833 2796 1042 2836 Divinam
1080 2796 1409 2849 providentiam
1448 2802 1494 2837 et
1535 2796 1890 2849 praevidentiam

403 2859 585 2900 essent?
617 2865 793 2911 praeter
816 2859 941 2911 plura
963 2859 1061 2907 alia,
1087 2873 1199 2912 quae
1225 2857 1480 2900 intellectus
1502 2859 1758 2899 caecutiens
1783 2859 1889 2898 sim-

404 2921 579 2973 pliciter
603 2922 818 2962 crederet.
853 2946 855 2949 .
880 2921 968 2962 Sed
996 2920 1133 2975 usque
1160 2921 1267 2962 nihil
1294 2927 1428 2962 nocet
1455 2927 1502 2961 ut
1534 2921 1611 2961 illa
1641 2921 1886 2961 secundum

404 2984 602 3025 litteram
628 2985 886 3025 historicam
912 2984 968 3024 ab
994 2984 1235 3025 infantibus
1261 2990 1306 3025 et
1332 2983 1606 3039 simplicibus
1633 2983 1886 3032 credantur,
