2008 3458
368 399 478 454 2296
780 408 1112 442 APOCALYPSIS
1143 395 1442 442 E'XPL1CATA.

368 523 654 576 cognitiones
679 523 904 564 residuum
931 523 1040 564 erit:
1073 526 1098 544 “
1115 521 1234 577 Quid
1257 529 1364 564 tunc
1388 521 1696 576 respondebit,
1712 515 1754 581 l
1818 555 1824 562 ,

366 586 518 639 gentis
534 585 573 626 ?''
604 585 830 639 significat
852 586 1205 628 illustrationem
1227 586 1406 627 illorum
1429 586 1502 640 qui
1525 585 1569 626 in
1592 584 1739 637 bonos

367 663 426 689 ex
468 663 621 691 amore
665 650 710 690 in
753 649 998 691 Dominum
1041 656 1170 692 sunt:
1217 653 1243 670 ‘⁴
1259 649 1379 703 quod
1409 648 1616 703 jehovah
1652 648 1749 692 fun

367 712 595 762 Zionem‚’'
627 711 850 766 significat
888 713 1008 767 quod
1044 713 1102 754 ab
1143 713 1230 754 illis
1271 713 1593 754 instaurabitur
1633 710 1748 762 eccl·

370 779 455 816 “et
501 776 544 815 in
577 790 629 816 ea
672 776 919 830 sperabunt
958 776 1107 817 miseri
1138 775 1332 830 populi,”
1354 775 1588 832 'significat
1619 770 1879 833 quod*j‚3‚

367 838 440 892 qui
466 852 525 878 ex
549 853 596 880 se
624 853 714 880 non
741 840 935 894 sapiunt,
952 836 1012 881 'et
1033 840 1077 880 in
1100 839 1432 881 tentationibus
1454 846 1614 881 contra
1638 837 1716 885 illa,
1735 833 1875 896 nam-ff

366 901 565 950 vincunt,
609 903 693 943 erit
734 902 1041 956 intell'gentia
1082 909 1128 944 et
1173 902 1306 944 salus.
1382 902 1600 943 Vastatio
1641 901 1798 948 veri

366 963 477 1004 falsa
500 965 618 1018 apud
643 965 746 1006 illos
769 966 842 1019 qui
863 979 942 1020 per
963 964 1336 1007 “Philisthaeos”
1362 965 1694 1018 intelliguntur,

367 1026 635 1068 describitur
1781 1022 1786 1030 ’

434 1122 503 1154 Per
517 1123 710 1165 Jeremiam
727 1123 814 1165 (cap.
832 1125 928 1156 xlvii.
945 1125 1029 1164 1—7),
1047 1124 1178 1166 pariter
1193 1125 1287 1165 apud
1303 1124 1510 1156 Ezechielem
1525 1123 1615 1165 (cap.
1631 1132 1714 1156 xxv.
1726 1128 1812 1166 15,
1824 1102 1855 1135 Υ.
1853 1110 1910 1162 j,

540 1168 633 1207 apud
645 1167 778 1209 Joelem
796 1168 883 1208 (cap.
901 1169 946 1200 iv.
966 1167 1024 1210 [B.
1038 1170 1084 1200 A.
1097 1166 1263 1210 iii.‚]4-6)
1281 1168 1374 1208 apud
1392 1168 1559 1199 Amosum
1578 1169 1667 1208 (cap.
1678 1166 1705 1199 i.
1721 1167 1778 1211 Q*
1802 1166 1828 1180 “’
1838 1175 1850 1179 “
1945 1215 1952 1227 Α

367 1259 486 1312 quod
513 1259 647 1300 iidem
673 1259 911 1301 falsificent
937 1274 1058 1309 vera,
1082 1260 1367 1320 intelligitur-

583 1353 691 1393 Apud
709 1353 917 1385 Ezechielem
937 1353 1026 1394 (cap.
1042 1354 1114 1386 xvi.
1135 1361 1186 1392 27,
1206 1353 1269 1393 57),
1289 1350 1355 1395 [et]
1378 1361 1396 1384 2
1416 1353 1508 1385 Sam.
1523 1352 1558 1394 (i.
1575 1352 1640 1393 20),

366 1468 446 1507 per
465 1455 616 1496 “filias
635 1455 1018 1497 Philisthaeorum
1036 1456 1071 1508 ;’'
1097 1462 1203 1497 sunt
1227 1457 1347 1497 enim
1369 1460 1394 1477 “
1409 1455 1527 1496 filiae
1549 1454 1744 1511 Philisth

367 1530 465 1556 rum
478 1516 498 1532 ”
522 1517 583 1557 ibi
613 1517 877 1559 affectiones
907 1518 1020 1559 falsi.
1081 1518 1369 1572 Religiosum
1397 1514 1579 1559 illorum
1613 1517 1754 1559 etiam

365 1580 748 1632 praesentabatur
778 1593 858 1634 per
889 1580 1062 1622 idolum
1092 1594 1264 1630 eorum,
1297 1580 1418 1635 quod
1448 1586 1642 1639 vocatur
1670 1578 1744 1626 Da,

366 1642 565 1694 positum
588 1643 632 1682 in
650 1643 907 1684 Aschdodo
925 1658 934 1694 ;
967 1643 1088 1697 quod
1110 1644 1360 1684 secundum
1378 1642 1763 1697 descriptionem]

365 1717 462 1745 rum
484 1704 652 1746 fastum
674 1712 744 1746 est
766 1706 883 1747 sicut
909 1706 1049 1746 homo
1070 1720 1096 1747 a
1117 1706 1268 1760 capite
1290 1706 1347 1747 ad
1369 1705 1648 1754 umbilicum,
1669 1710 1718 1746 et
1738 1718 1761 1747 s

365 1769 500 1822 piscis
521 1768 579 1808 ab
601 1768 815 1809 umbilico
837 1768 1077 1820 deorsum;
1109 1769 1224 1810 sicut
1250 1768 1389 1810 homo
1410 1782 1436 1810 a
1456 1768 1607 1822 capite
1627 1766 1686 1808 ad
1707 1762 1815 1821 umb

366 1831 502 1871 licum
527 1831 906 1884 repraesentabat
931 1831 1218 1872 intellectum
1243 1845 1302 1872 ex
1324 1831 1469 1882 veris3
1506 1836 1554 1872 et
1578 1830 1695 1873 sicut
1718 1821 1788 1887 pis
1812 1824 1817 1829 ’

365 1894 423 1934 ab
445 1893 659 1934 umbilico
681 1889 894 1934 deorsum
911 1894 1290 1947 repraesentabat
1312 1892 1521 1934 naturale
1538 1889 1710 1947 absque
1730 1892 1822 1935 bon

365 1957 558 2006 amoris;
600 1969 706 1996 nam
737 1970 841 2010 pars
871 1956 1052 1997 inferior
1081 1970 1221 2010 usque
1252 1956 1310 1998 ad
1344 1969 1495 2010 genua
1523 1950 1832 2017 εοττὲὲρᾳῐιᾷὲ
1894 1952 1897 1953 ’
1949 1967 1954 1975 “

365 2020 507 2060 amori
542 2019 744 2068 caelesti,
777 2032 829 2060 ac
864 2018 1071 2073 “piscis'’
1110 2017 1375 2073 [significat]
1412 2018 1677 2062 naturalem
1703 2013 1814 2062 h³om

365 2095 484 2131 nem,
517 2082 590 2136 qui
625 2088 696 2123 est
731 2082 904 2136 absque
939 2082 1062 2123 bono
1097 2082 1334 2136 spirituali.
1393 2093 1506 2131 (Quod
1524 2089 1680 2122 “homo''
1698 2088 1819 2133 signifi*

364 2145 567 2174 affecffionem
579 2146 655 2180 veri,
666 2146 811 2175 videatur
819 2155 924 2184 supra,
938 2155 969 2176 n.
982 2137 1082 2176 280:
1103 2147 1192 2184 quod
1203 2143 1320 2184 “caput
1332 2146 1348 2155 '¹
1360 2146 1428 2184 ejus
1441 2145 1639 2176 intellectum
1650 2145 1727 2182 veri}
1736 2150 1769 2186 οἲ,
1778 2139 1812 2175 'iix

364 2199 614 2236 intelligentiam,
634 2208 665 2228 n.
690 2197 737 2241 55
746 2199 788 2240 3:
812 2200 902 2236 quod
922 2197 1071 2237 “piscis''
1092 2199 1248 2237 significet
1266 2199 1443 2228 naturalem
1462 2198 1626 2228 hominem·
1642 2206 1676 2230 n.
1699 2196 1802 2242 513?

364 2249 474 2288 quod‘
479 2249 673 2290 ‘genitalia''
687 2261 726 2281 ex
741 2253 1022 2290 correspondentia
1035 2253 1214 2290 significent
1228 2261 1371 2282 amorem
1387 2252 1565 2287 caelestem.
1577 2251 1612 2281 i'n
1625 2251 1767 2282 Arcani!
1779 2246 1855 2283 Che·

364 2301 498 2335 lestibus,
514 2310 544 2330 n
561 2301 752 2338 5050-5062.
796 2301 1125 2336 “Haemorrhoidesst
1131 2301 1258 2335 'etiam.
1274 2301 1389 2338 quibus
1409 2301 1548 2339 percussi
1569 2305 1643 2331 sunt
1663 2298 1858 2338 Plulssthfltei.r

364 2347 494 2384 quando
508 2356 582 2376 arca
595 2347 657 2376 Dei
679 2348 720 2376 ab
734 2347 793 2376 illis
808 2353 900 2385 capta
915 2348 1090 2382 tenebatur,
1106 2347 1325 2385 significabant
1339 2357 1414 2377 vera
1427 2352 1636 2386 conspuroata
1648 2346 1741 2377 malis
1753 2345 1838 2377 viride

364 2393 420 2421 sed
434 2391 513 2421 haec
528 2397 558 2421 et
579 2393 679 2430 plura,
695 2401 778 2429 quae
793 2393 834 2421 de
854 2392 902 2421 his
917 2397 1134 2422 memorantur
1147 2393 1179 2422 in
1195 2393 1294 2422 Libro
1307 2393 1418 2422 Primo
1439 2392 1604 2427 Samuelis,
1618 2386 1688 2430 cap
1704 2401 1735 2423 v.
1747 2388 1807 2421 vid·

364 2447 415 2471 tur
428 2450 533 2479 supra,
546 2451 577 2471 n.
589 2441 732 2488 700[e],
748 2442 929 2480 explicata.)
988 2430 1160 2474 Verum
1186 2436 1540 2484 conspurcatum
1564 2415 1689 2472 Hlalo
1710 2427 1814 2478 Vita

362 2494 504 2534 etiam
530 2493 811 2546 significatur
835 2507 914 2546 per
942 2492 1352 2547 “praeputiatum''
1795 2511 1803 2517 ·>

429 2591 462 2630 (2
485 2592 582 2665 Saml.
592 2592 612 2623 i.
634 2600 696 2674 23³?
730 2591 852 2623 Ezech.
869 2591 988 2623 xxviii.
1009 2600 1069 2630 10;
1102 2601 1176 2632 cap.
1194 2591 1288 2623 xxxi.
1305 2592 1365 2630 18;
1398 2601 1472 2632 cap.
1490 2591 1597 2624 xxxii.
1617 2592 1666 2630 18,
1685 2599 1745 2632 195
1777 2572 1856 2642 cap}

537 2645 559 2666 x
575 2645 618 2667 iv.
636 2645 656 2676 9

365 2728 653 2781 praeputium
684 2728 804 2769 enirn
835 2729 1164 2782 correspondet
1199 2729 1342 2770 amori
1371 2741 1606 2782 corporeo,
1637 2726 1850 2782 quoniam

365 2790 632 2838 membrum,
674 2791 794 2844 quod
835 2791 1122 2844 praeputium
1163 2791 1296 2844 tegit,
1339 2790 1668 2844 correspondet
1706 2789 1885 2835 amovi?

365 2853 587 2906 spirituali
612 2859 658 2893 et
689 2852 904 2894 caelesti:
938 2859 985 2894 et
1015 2853 1119 2907 quia
1149 2853 1418 2893 Philisthaei
1441 2845 1965 2910 repraesentabantyssj,

364 2916 468 2956 illos
493 2917 567 2970 qui
591 2917 635 2956 in
666 2916 858 2957 scientia
888 2922 934 2957 et
961 2906 1299 2970 cognitionibus
1323 2917 1417 2957 veri
1441 2922 1547 2956 sunt
1571 2915 1744 2969 absque
1764 2912 1871 2967 alifi-3.

364 2992 453 3031 quo
474 2979 596 3019 bono
618 2979 839 3032 spirituali
861 2986 907 3020 et
929 2979 1135 3028 caelesti,
1154 2980 1257 3020 ideo
1274 2979 1559 3020 vocabantur
1578 2972 1859 3032 “praeputia

364 3041 428 3082 ati
446 3040 480 3081 :'’
511 3047 557 3083 et
582 3042 684 3095 quia
709 3040 784 3083 filii
809 3041 990 3083 Israelis
1016 3042 1153 3084 etiam
1175 3040 1416 3083 actualiter
1437 3039 1556 3082 tales
1580 3040 1775 3089 suerunt,
1797 3044 1855 3085 uti
1882 3035 1922 3091 ἓξ
1938 3088 1945 3091 ,
