2098 3476
0 2741 2 2750 .

0 2799 31 2832 ρ,

0 2845 31 2873 .·'

0 2895 33 2953 {-,

0 2964 14 2982 Ιι

0 2987 25 3015 a

0 3023 23 3061 ῖς

0 3065 20 3085 Ἣ

0 3119 17 3138 ξ,

0 3139 33 3223 i.

0 3247 21 3476 ”univ-³251&

617 377 723 411 CAP.
746 377 849 419 XII„
872 376 1012 409 VERS.
1038 376 1182 421 3.—N.
1205 366 1368 421 717[c].
1632 366 1739 421 1969

237 498 336 535 tum
355 492 441 534 Dei
451 492 472 509 ‘’
489 491 770 546 significatur
787 491 1096 545 intelligentia
1118 505 1196 546 per
1213 490 1417 532 Verbum
1441 505 1500 531 ex
1524 490 1738 538 Domino,

237 569 344 598 nam
371 555 574 598 “Eden”
596 556 713 596 sicut
735 555 954 596 “oriens’'
976 561 1046 596 est
1071 555 1308 602 Dominus,
1333 559 1380 594 et
1401 552 1601 594 “hortus
1625 552 1740 593 Dei'‘

237 625 319 672 est¹
334 618 643 672 intelligentia
674 618 732 659 ab
765 618 896 672 Ipso;
933 624 979 659 et
1011 618 1114 672 quia
1140 631 1246 658 vera
1272 615 1583 669 intelligentia
1610 616 1740 656 unice

236 688 542 736 comparatur,
571 681 658 722 hoc
692 687 779 730 est,
809 681 958 729 datur,
988 695 1066 734 per
1098 680 1388 733 cognitiones
1419 679 1513 719 veri
1550 684 1597 719 et
1633 678 1741 719 boni

236 756 298 785 ex
330 742 487 784 Verbo
519 743 770 784 secundum
803 743 1050 796 genuinum
1083 755 1211 782 suum
1244 753 1427 781 sensum
1465 737 1738 787 intellecta&

234 804 342 847 inde
373 805 538 847 dicitur
567 804 768 847 “Omnis
801 805 916 859 lapis
948 805 1175 859 pretiosus
1207 809 1528 857 tegumentum
1561 808 1687 844 tuum
1706 801 1740 851 ;’'

238 869 426 910 “omnis
449 868 563 923 lapis
586 869 811 923 pretiosus
824 868 842 883 ’‘
866 867 1093 922 significat
1117 867 1407 920 cognitiones
1429 866 1522 906 veri
1548 872 1594 906 et
1617 865 1738 912 boni,

236 937 285 973 et
319 935 679 986 “tegumentum
692 931 711 946 ”
743 930 973 985 significat
1012 937 1255 971 externum
1288 929 1430 970 Verbi
1462 928 1583 982 quod
1621 928 1740 980 tegit

235 993 464 1035 internum
501 994 622 1048 ejus;
667 1001 912 1036 externum
945 993 1087 1034 Verbi
1124 999 1195 1034 est
1233 1005 1392 1033 sensus
1426 991 1608 1032 litterae
1646 990 1739 1043 ejus

234 1063 492 1110 contegens
514 1058 743 1098 internum
765 1057 886 1111 quod
910 1063 980 1098 est
1004 1070 1162 1097 sensus
1186 1054 1430 1108 spiritualis
1453 1053 1559 1106 ejus.
1623 1052 1740 1106 Quia

235 1120 460 1173 sapientia
482 1126 528 1161 et
551 1120 860 1174 intelligentia
882 1119 987 1160 inde
1009 1125 1080 1160 est
1104 1118 1290 1166 homini,
1310 1117 1413 1158 ideo
1436 1117 1614 1164 dicitur,
1636 1115 1739 1156 Rex

235 1181 360 1236 Tyri,
402 1185 490 1224 “tu
532 1183 692 1237 plenus
734 1183 959 1236 sapientia
1000 1189 1046 1223 et
1087 1179 1310 1235 perfe&us
1352 1179 1687 1233 pulchritudine
1706 1178 1740 1228 ;''

237 1245 603 1300 “pulchritudo’'
636 1245 862 1299 significat
901 1244 1274 1298 intelligentiam,
1314 1243 1417 1296 quia
1455 1242 1602 1282 omnis
1640 1241 1738 1294 pul-

235 1306 448 1350 chritudo
491 1309 536 1350 in
582 1309 720 1350 caelis
767 1315 837 1350 est
880 1308 1129 1349 secundum
1170 1306 1308 1347 illam.
1385 1305 1539 1345 Etiam
1581 1317 1739 1344 sensus

235 1369 419 1413 litterae
454 1371 596 1413 Verbi
637 1371 916 1425 intelligitur
956 1385 1035 1425 per
1069 1369 1374 1417 “cherubum,
1408 1368 1739 1422 expansionem

234 1434 570 1488 contegentis‚'’
585 1448 690 1475 nam
708 1438 733 1454 “
747 1434 932 1475 cherubi
945 1433 963 1448 ’'
982 1432 1241 1487 significant
1260 1431 1455 1472 tutelam
1475 1444 1530 1471 ne
1549 1429 1740 1470 adeatur

235 1495 461 1538 Dominus
487 1498 572 1538 nisi
598 1510 733 1551 quam
765 1511 845 1551 per
870 1497 1040 1538 bonurn
1067 1496 1258 1545 amoris;
1297 1501 1343 1535 et
1370 1506 1529 1534 sensus
1557 1492 1738 1533 litterae

234 1559 393 1609 Verbi,
417 1561 520 1614 quia
543 1561 752 1614 contegit
775 1561 991 1600 interiora
1018 1559 1125 1612 ejus,
1150 1564 1340 1599 tutatur.
1404 1556 1579 1596 “Mons
1606 1569 1738 1596 sanc-

234 1622 417 1664 titatis”
454 1622 680 1677 significat
722 1622 963 1664 ecclesiam
1001 1621 1150 1676 quoad
1193 1618 1446 1661 doctrinam
1487 1619 1653 1659 amoris
1692 1624 1738 1659 et

235 1685 490 1735 charitatis,
520 1693 567 1727 et
593 1686 807 1740 “lapides
834 1684 990 1739 ignis,'’
1014 1686 1057 1725 in
1081 1697 1270 1738 quorum
1298 1682 1448 1723 medio
1471 1681 1736 1729 ambulavit,

234 1748 494 1803 significant
512 1763 618 1790 vera
636 1763 695 1790 ex
715 1749 836 1790 bono
853 1748 1019 1789 amoris
1038 1747 1285 1788 secundum
1305 1759 1419 1800 quae
1437 1746 1546 1786 vita.
1604 1743 1738 1797 Quod

234 1825 315 1866 per
343 1812 555 1866 “lapides
587 1813 812 1866 pretiosos
826 1811 845 1826 '‘
878 1811 949 1852 hic
982 1809 1293 1864 significentur
1324 1822 1431 1849 vera
1462 1807 1739 1862 pellucentia

235 1889 295 1917 ex
318 1875 418 1917 luce
441 1875 569 1923 caeli,
590 1890 705 1930 quae
728 1882 799 1916 est
823 1875 1037 1915 Divinum
1056 1873 1243 1922 Verum,
1264 1871 1503 1912 manifeste
1527 1877 1739 1911 constare

234 1945 392 1993 potest
424 1952 484 1980 ex
516 1953 585 1987 eo,
619 1939 740 1993 quod
773 1952 852 1992 per
887 1937 1129 1991 “Tyrum''
1161 1937 1205 1977 in
1239 1935 1395 1976 Verbo
1428 1934 1740 1987 significentur

235 2002 524 2056 cognitiones
550 2003 643 2043 veri
675 2008 722 2043 et
755 2002 875 2050 boni,
905 2015 1019 2055 quae
1046 2000 1334 2053 cognitiones
1362 2004 1466 2038 sunt
1495 2011 1601 2038 vera
1633 1997 1739 2038 ulti-

235 2075 326 2112 ma,
349 2062 502 2117 qualia
526 2069 633 2103 sunt
659 2076 819 2103 sensus
846 2062 1031 2103 litterae
1059 2061 1216 2102 Verbi.
1276 2071 1390 2110 (Quod
1406 2067 1568 2108 “Tyrus'’
1586 2069 1741 2107 cognitio-

234 2135 292 2157 nes
305 2127 371 2158 veri
385 2131 417 2156 et
430 2127 508 2156 boni
523 2127 690 2165 significet,
707 2127 853 2156 videatur
867 2136 972 2165 supra,
990 2136 1020 2156 n.
1041 2125 1059 2168 5
1073 2126 1232 2167 I4[a,b],)
1294 2115 1435 2168 Apud
1463 2113 1675 2161 eundem,

301 2205 320 2219 ‘⁸
331 2204 434 2246 Syria
443 2205 660 2245 negotiatrix
672 2211 732 2236 tua
745 2205 791 2236 ob
803 2205 1067 2236 multitudinem
1081 2214 1228 2245 operum
1242 2211 1396 2242 tuorum,
1409 2214 1487 2235 cum
1501 2204 1740 2244 chrysopraso

411 2258 603 2290 purpuram
618 2255 653 2280 et
670 2247 883 2290 acupiCtum,
898 2256 933 2280 et
950 2250 1096 2290 byssum
1112 2256 1147 2280 et
1164 2249 1305 2280 ramoth
1323 2254 1358 2279 et
1375 2258 1550 2289 pyropum
1566 2248 1740 2278 dederunt

410 2293 448 2324 in
473 2293 781 2333 negotiationibus
806 2293 914 2325 tuisz.
931 2318 958 2325 ..
974 2293 1232 2333 ,negotiatores
1263 2293 1421 2323 Schebae
1449 2298 1485 2323 et
1512 2291 1679 2328 Raamae,
1705 2291 1740 2322 hi

411 2338 655 2378 negotiatores
683 2337 732 2368 tui
762 2347 825 2378 per
848 2338 1057 2378 primarium
1085 2338 1203 2368 omnis
1231 2337 1414 2374 aromatis,
1440 2343 1475 2367 et
1503 2345 1566 2376 per
1594 2345 1739 2366 omnem

410 2381 564 2423 lapidem
582 2381 790 2422 pretiosum.
808 2388 843 2413 et
859 2391 983 2412 aurum
996 2380 1014 2393 '¹
1032 2381 1151 2422 (xxvii.
1173 2381 1221 2417 16,
1241 2380 1314 2420 22):

235 2465 376 2507 etiarn
394 2464 507 2506 haec
527 2465 583 2506 de
601 2465 740 2517 Tyro,
761 2478 840 2518 per
855 2478 990 2518 quam
1009 2463 1323 2517 significantur
1338 2464 1627 2516 cognitiones
1646 2461 1738 2503 veri

235 2533 284 2568 et
315 2526 424 2568 boni
455 2525 682 2567 ecclesiae
714 2540 774 2566 ex
801 2525 961 2566 Verbo
987 2536 1037 2574 (ut
1055 2536 1192 2575 supra);
1235 2525 1339 2578 quia
1371 2539 1451 2578 per
1479 2523 1738 2577 “Syriam‚''

234 2594 282 2630 et
319 2602 399 2642 per
433 2586 733 2629 “timebam”
765 2594 812 2628 et
847 2586 1143 2628 “Raamam''
1182 2586 1389 2627 similiter
1425 2586 1739 2639 significantur

233 2651 525 2704 cognitiones
563 2652 656 2692 veri
695 2657 741 2692 et
780 2651 902 2698 bon'i,
934 2657 980 2691 et
1014 2664 1093 2704 per
1122 2649 1535 2703 “negotiationes’'
1568 2648 1737 2702 signifi-

235 2719 398 2754 cantur
413 2713 736 2766 acquisitiones
752 2712 946 2761 illarum,
963 2712 1066 2752 ideo
1084 2712 1247 2753 dicitur
1265 2712 1386 2765 quod
1406 2711 1510 2752 illae
1528 2712 1738 2764 regiones

234 2775 444 2817 dederint
463 2775 678 2829 “lapides
698 2777 923 2829 pretiosos
941 2776 985 2816 in
1010 2775 1400 2828 negotiationibus
1419 2775 1508 2814 suis
1527 2773 1560 2814 :‘’
1580 2774 1737 2826 cogni-

233 2841 383 2881 tiones
410 2841 502 2880 veri
529 2847 575 2880 et
603 2840 709 2880 boni
742 2846 848 2880 sunt
875 2853 983 2880 vera
1016 2840 1058 2879 in
1092 2838 1278 2887 ultimis,
1313 2838 1462 2891 qualia
1494 2843 1599 2877 sunt
1632 2850 1738 2877 vera

233 2915 393 2944 sensus
420 2903 602 2944 litterae
629 2909 675 2943 et
707 2902 920 2943 litteralis
945 2902 1099 2942 Verbi.
1162 2901 1301 2954 Apud
1327 2900 1535 2948 Hz'obum,

300 2994 319 3007 ⁰⁸
330 2991 444 3024 Locus
457 2993 614 3032 sapphiri
633 2992 768 3032 lapides
786 2992 874 3031 ejus,
889 2998 923 3023 et
941 2991 1108 3031 pulveres
1125 2991 1199 3021 auri
1218 2991 1268 3021 illi
1283 3000 1306 3026 ;.
1321 3015 1327 3021 .
1343 3015 1350 3021 .
1365 2989 1557 3029 ,sapientia
1573 2988 1668 3019 unde
1687 2988 1740 3019 in·

410 3037 571 3068 venitur?
595 3043 629 3067 et
647 3036 725 3077 quis
740 3043 794 3067 est
812 3037 909 3067 locus
925 3035 1183 3075 intelligentiae
1195 3035 1221 3066 ?.
1237 3059 1244 3066 .
1259 3059 1266 3066 .
1281 3033 1380 3065 ‚Non
1395 3034 1498 3064 datur
1511 3042 1635 3063 aurum
1652 3042 1735 3073 prae
