2008 3458
771 385 1119 420 APOCALYPSIS.
1582 375 1612 418 '2
1617 385 1640 430 3
1646 383 1696 431 55

618 833 983 897 CAPUT
1069 833 1289 896 XIV.

104 1050 171 1082 τι.)
315 1046 319 1050 ·
467 1061 469 1067 «
1463 1055 1468 1061 -

35 1090 37 1092 ‚
211 1086 218 1092 Γ
367 1102 415 1156 T
437 1102 549 1158 vidi,
574 1112 626 1151 et
658 1119 775 1150 ecce
800 1101 980 1166 Agnus
1013 1111 1150 1150 stans
1174 1117 1324 1165 super
1353 1101 1530 1149 Monte
1558 1100 1695 1155 Sion,

87 1101 364 1399 {PE
414 1189 465 1229 et
483 1196 593 1228 cum
615 1178 730 1243 Ipso
749 1189 944 1227 centum
960 1178 1287 1242 quadraginta
1305 1188 1516 1241 quatuor
1534 1176 1694 1231 millia,

415 1255 658 1306 habentes
693 1272 875 1304 nomen
902 1254 1057 1303 Patris
1091 1255 1251 1318 Ipsius
1279 1254 1513 1318 scriptum
1549 1271 1697 1318 super

146 1331 434 1390 frontibus
457 1332 571 1382 suis.

118 1456 185 1483 U
263 1421 307 1454 2.
355 1405 421 1455 Et
443 1406 609 1455 audivi
635 1423 811 1455 vocem
842 1423 870 1454 e
907 1404 1058 1460 caelo,
1083 1414 1322 1468 tanquam
1347 1421 1522 1452 vocem
1546 1421 1694 1468 aqua-

162 1500 301 1537 rum
329 1482 606 1539 multarum,
628 1494 683 1532 et
716 1495 954 1548 tanquam
986 1500 1162 1531 vocem
1187 1482 1388 1531 tonitrui
1414 1476 1606 1547 magni:
1648 1493 1699 1531 et

192 1577 368 1611 vocem
391 1560 554 1611 audivi
578 1560 971 1609 citharaedorum
996 1559 1292 1623 pulsantium
1317 1558 1512 1607 citharis
1536 1559 1650 1607 suis.

129 1661 146 1670 ··
187 1686 191 1692 ,
222 1651 307 1699 ,3.
333 1636 422 1694 „Et
454 1637 701 1686 canebant
739 1647 978 1700 tanquam
1021 1635 1262 1684 canticum
1305 1652 1490 1683 novum
1532 1653 1696 1684 coram

81 1703 146 1780 {¹5
171 1712 388 1770 throno,
406 1723 458 1763 et
480 1730 646 1762 coram
671 1723 880 1777 quatuor
903 1711 1205 1766 animalibus,
1231 1722 1282 1759 et
1305 1712 1608 1768 senioribus;
1647 1722 1698 1760 et

82 1786 139 1811 ²³
194 1806 349 1842 nemo
379 1789 540 1862 potuit
571 1789 764 1838 discere
800 1789 1056 1843 canticum,
1087 1788 1178 1836 nisi
1214 1805 1362 1852 quam
1398 1787 1462 1836 illi
1498 1798 1696 1836 centum

123 1865 520 1931 {aquadraginta
549 1877 765 1930 quatuor
789 1865 949 1920 millia,
974 1865 1128 1929 empti
1152 1865 1216 1913 de
1241 1876 1384 1914 terra.

124 1977 134 1993 2
183 1994 188 1998 ,
259 1957 307 2004 4.
356 1942 444 1992 Hi
462 1953 577 1992 sunt
599 1943 682 2007 qui
718 1960 830 1991 cum
856 1941 1139 1990 mulieribus
1176 1959 1275 1990 non
1307 1953 1421 1989 sunt
1445 1941 1696 2006 inquinati,

81 2040 137 2079 20
179 2018 412 2086 virgines
445 2019 577 2069 enim
613 2030 753 2074 sunt;
801 2019 851 2067 hi
891 2029 1005 2067 sunt
1045 2019 1128 2083 qui
1170 2028 1439 2082 sequentes
1476 2019 1697 2105 Agnum,

72 2116 157 2173 -ῥ
157 2112 490 2160 quocunque
515 2095 678 2145 vadit:
722 2095 770 2143 hi
795 2096 946 2159 empti
970 2105 1086 2143 sunt
1109 2094 1173 2143 de
1209 2095 1506 2150 hominibus,
1530 2096 1695 2159 primi-

63 2157 158 2242 „33
146 2219 148 2222 ,
191 2172 291 2229 ‘tiae
315 2173 432 2227 Deo
455 2183 506 2222 et
520 2173 690 2238 Agn0.

71 2268 110 2336 ἐ.
258 2250 308 2300 5.
355 2249 460 2317 Et'
447 2267 496 2299 m
521 2267 607 2298 ore
633 2249 825 2298 illorum
850 2266 951 2298 non
977 2259 1053 2297 est
1087 2249 1317 2297 inventus
1341 2248 1539 2305 dolus,
1526 2266 1696 2298 lmma—

81 2323 161 2394 {is
193 2324 337 2397 culati
360 2326 493 2375 enim
517 2337 632 2375 sunt
656 2343 822 2375 coram
846 2325 1026 2374 throno
1051 2326 1164 2374 Dei.
1316 2326 1332 2339 ⁶

41 2399 132 2457 *Ἦ
184 2442 199 2461 2
263 2407 311 2454 6.
357 2403 422 2453 Et
445 2403 546 2452 vidi
570 2402 717 2452 alium
740 2402 975 2468 angelum
1000 2402 1251 2452 volantem
1288 2403 1336 2451 in
1372 2403 1536 2452 medio
1561 2403 1696 2458 caeli,

151 2479 460 2530 habentem
500 2479 827 2546 Evangelium
869 2491 1140 2535 aeternum,
1177 2480 1517 2545 evangelizare
1558 2480 1695 2529 habi-

191 2556 410 2609 tantibus
433 2574 584 2622 super
606 2567 747 2612 terra,
773 2567 824 2605 et
849 2557 983 2605 omni
1007 2557 1147 2622 genti
1172 2567 1223 2605 et
1246 2557 1393 2605 tribui
1418 2567 1468 2605 et
1502 2556 1698 2622 linguae

66 2635 115 2688 ἶ
138 2616 187 2658 ⁴*
193 2644 247 2683 et
269 2632 467 2698 populo.

210 2750 216 2756 .
263 2722 307 2771 7.
354 2710 617 2759 Dicentem
653 2728 776 2760 voce
813 2727 1009 2776 magna,
1046 2711 1243 2760 Timete
1281 2711 1462 2765 Deum,
1500 2721 1550 2759 et
1584 2710 1698 2759 date

56 2785 106 2859 ,²
134 2806 136 2808 ’
196 2786 295 2857 Ipsi
317 2786 538 2852 gloriam,
563 2787 679 2851 quia
703 2787 839 2836 venit
862 2787 984 2836 hora
1004 2787 1173 2852 judicii
1207 2787 1381 2851 Ipsius,
1408 2798 1459 2835 et
1493 2787 1697 2836 adorate

47 2869 136 2932 δῖ’,
195 2862 366 2928 Ipsum
398 2863 483 2928 qui
518 2863 629 2913 fecit
663 2863 850 2912 caelum
887 2874 938 2911 et
972 2874 1170 2919 terram,
1195 2874 1246 2912 et
1282 2881 1414 2912 mare
1450 2873 1500 2911 et
1534 2863 1697 2912 fontes

71 2931 88 2948 '
194 2955 448 3004 aquarum.

263 3017 308 3065 8.
357 3016 421 3066 Et
444 3017 566 3066 alius
589 3017 795 3083 angelus
815 3027 1010 3066 secutus
1034 3027 1124 3073 est,
1144 3017 1327 3073 dicenS,
1349 3017 1551 3074 Cecidit,
1572 3017 1693 3068 ceci-
