2098 3476
408 371 515 415 1970
820 369 1146 402 APOCALYPSIS
1177 369 1469 402 EXPLICATA.

574 492 625 521 ea,
646 489 680 514 et
704 492 775 514 non
801 483 1012 523 appenditur
1035 489 1221 523 argentum
1240 483 1391 523 pretium
1416 482 1514 523 ejus:
1544 492 1614 514 non
1635 482 1882 523 aequiparatur

575 536 662 557 auro
679 526 799 566 Ophir,
817 527 954 567 onyche
964 527 1128 566 *pretioso
1146 533 1180 557 et
1197 527 1383 566 sapphiro;
1409 536 1481 557 non
1499 526 1644 557 certabit
1661 535 1740 557 cum
1761 535 1803 556 ea
1821 535 1883 558 au-

573 579 649 600 rum
682 575 716 601 et
746 570 1129 607 adamas,....ramoth
1158 576 1192 600 et
1223 570 1347 609 gabish
1376 579 1447 600 non
1476 570 1820 606 commemorabitur,
1848 574 1883 600 et

574 611 701 644 elefflo
722 613 916 652 sapientiae
937 623 1020 653 prae
1041 613 1259 652 margaritis;
1288 623 1360 643 non
1385 613 1532 643 certabit
1555 622 1632 643 cum
1658 622 1700 643 ea
1723 612 1882 652 topazius

573 655 785 695 Aethiopiae
800 665 822 693 ;.
838 681 844 687 .
859 681 866 688 .
881 666 939 688 ‚en
958 657 1063 687 timor
1083 656 1227 686 Domini
1245 662 1298 687 est
1315 656 1497 695 sapientia,
1514 662 1549 686 et
1565 656 1727 687 recedere
1746 665 1768 686 a
1787 655 1882 687 malo

573 706 627 730 est
644 697 939 739 [¹]intelligentia”
956 700 1088 739 (xxviii.
1107 700 1136 737 6,
1158 708 1205 737 12,
1226 708 1274 737 13,
1295 707 1408 739 15-19,
1427 700 1502 739 28):

401 787 611 839 quoniam
652 800 730 839 per
771 786 932 826 Divina
973 800 1078 826 vera
1118 786 1277 826 ultima
1317 786 1609 839 spiritualiter
1648 784 1883 827 intellecta

399 849 544 888 omnis
576 849 797 901 sapientia
829 855 874 889 et
906 849 1210 901 intelligentia
1242 855 1325 897 est,
1355 855 1400 888 et
1433 850 1534 901 quia
1565 862 1642 901 per
1670 848 1881 901 “lapides

401 912 622 963 pretiosos
636 911 654 925 ''
677 911 735 951 ibi
758 912 1030 959 nominato&
1058 911 1343 963 “onychem‘'
1369 915 1393 930 ‘⁶
1410 910 1707 964 sapphirum,”
1732 910 1879 951 “ada-

398 973 640 1021 mantem,'’
689 973 994 1026 “topazium,”
1040 979 1085 1013 et
1135 987 1213 1026 per
1260 972 1605 1026 “margaritas‚''
1650 972 1727 1013 illa
1774 985 1882 1014 vera

398 1035 720 1088 significantur,
755 1043 800 1076 et
839 1036 883 1076 hi
921 1036 1092 1089 lapides
1124 1042 1345 1089 quatenus
1378 1036 1549 1088 lapides
1586 1049 1644 1075 ex
1676 1034 1881 1075 terrestri

398 1099 601 1145 materia,
629 1112 680 1138 ac
714 1112 793 1151 pro
825 1099 1032 1151 pretiosis
1065 1098 1206 1139 habiti
1237 1100 1281 1138 in
1314 1099 1495 1146 mundo,
1529 1097 1654 1138 nihili
1687 1103 1791 1138 sunt
1822 1096 1880 1136 ad

401 1159 753 1212 intelligentiam
785 1168 830 1201 et
873 1162 1156 1214 sapientiam,
1194 1161 1296 1201 ideo
1327 1161 1490 1200 dicitur
1520 1160 1639 1213 quod
1668 1159 1879 1212 “lapides

399 1223 462 1262 illi
494 1236 583 1262 non
610 1223 942 1275 intelligentiae
969 1229 1014 1263 et
1041 1224 1289 1276 sapientiae
1315 1223 1634 1276 aequiparandi
1665 1223 1770 1270 sint,
1797 1234 1880 1265 nec

398 1299 552 1325 aurum
585 1292 631 1325 et
658 1292 896 1338 argentum
917 1285 950 1335 ;”
988 1287 1350 1338 comparationes
1375 1285 1486 1325 fiunt
1518 1298 1619 1325 cum
1650 1284 1751 1332 illis,
1778 1284 1881 1337 quia

397 1348 534 1387 etiam
577 1347 846 1400 significant,
886 1354 931 1388 et
972 1348 1090 1401 quod
1132 1347 1296 1400 alioqui
1336 1347 1444 1387 nihil
1486 1348 1575 1387 sint
1616 1344 1879 1399 respefifive.

397 1409 535 1462 Apud
561 1409 793 1458 Davidem,

464 1498 580 1536 “Tu,’'
597 1498 757 1540 Jehovah
777 1500 928 1538 “surges
949 1504 983 1529 et
1003 1499 1225 1529 misereberis
1245 1498 1392 1535 lionis„
1407 1523 1414 1530 .
1429 1523 1435 1530 .
1451 1498 1548 1538 ,quia
1565 1497 1769 1529 desiderant
1788 1496 1882 1528 servi

572 1542 621 1573 tui
639 1542 772 1582 lapides
791 1541 897 1582 ejus''
914 1542 985 1581 (Ps.
1003 1542 1056 1573 cii.
1077 1551 1125 1580 14,
1147 1550 1183 1580 15
1205 1540 1262 1583 [B.
1280 1543 1324 1573 A.
1345 1550 1393 1580 13,
1414 1539 1503 1582 14]):

397 1644 474 1683 per
500 1629 710 1683 “lapides
738 1629 928 1678 Zionis,'’
951 1644 1062 1683 quos
1085 1630 1344 1670 desiderant
1372 1630 1487 1670 servi
1508 1629 1722 1682 Jehovae,
1745 1627 1882 1669 intel-

397 1693 596 1745 liguntur
629 1692 791 1732 Divina
822 1706 956 1743 vera3
996 1705 1099 1732 nam
1132 1706 1210 1745 per
1243 1687 1513 1740 “Zionem,”
1545 1691 1666 1744 cujus
1698 1692 1880 1732 misere-

397 1756 515 1796 bitur
539 1755 759 1808 Jehovah,
788 1755 1058 1808 intelligitur
1083 1755 1274 1796 ecclesia
1300 1769 1413 1808 quae
1445 1756 1488 1795 in
1516 1752 1702 1795 caelesti
1727 1767 1880 1795 amore

398 1824 481 1858 est.
543 1818 680 1871 Apud
710 1818 985 1866 Samariam,

464 1908 482 1920 “
495 1906 583 1937 Ecce
612 1907 702 1946 lapis
731 1916 834 1947 quem
864 1907 944 1938 dedi
971 1917 1088 1937 coram
1099 1906 1117 1918 ’¹
1144 1908 1327 1938 sacerdote
1353 1917 1484 1947 magno
1511 1909 1529 1922 ‘⁴
1540 1907 1749 1949 Jehoschua,
1775 1915 1882 1948 super

571 1950 685 1990 lapide
705 1960 776 1980 uno
796 1957 931 1990 septem
949 1951 1060 1986 oeuli;
1086 1960 1165 1981 ecce
1187 1950 1262 1990 Ego
1281 1951 1444 1991 sculpens
1462 1951 1676 1991 sculpturam
1694 1951 1808 1990 ejusz.
1823 1975 1830 1982 .
1845 1975 1852 1982 .
1866 1974 1875 1982 .

570 1993 604 2023 in
620 1994 676 2024 die
689 1993 765 2024 illo.
781 2018 787 2024 .
802 1993 1012 2025 ‚clamabitis
1025 1994 1077 2024 vir
1090 1994 1133 2024 ad
1147 1994 1281 2025 socium
1294 2004 1407 2032 suum,
1420 1995 1485 2025 sub
1498 1995 1605 2025 vitem
1619 2001 1654 2025 et
1666 1995 1732 2025 sub
1745 1994 1848 2025 ficum
1861 1991 1880 2006 ’⁹

569 2036 628 2075 (iii.
647 2046 676 2076 9,
697 2037 770 2076 10):

396 2117 508 2158 haec
533 2118 588 2158 de
611 2118 810 2158 adventu
834 2118 1015 2158 Domini
1035 2132 1043 2168 ;
1077 2124 1122 2158 et
1146 2132 1223 2171 per
1249 2118 1523 2172 “lapidem,’'
1546 2119 1703 2159 datum
1726 2132 1879 2160 coram

393 2179 651 2232 Jehoschua
687 2181 938 2228 sacerdote,
973 2180 1250 2233 significatur
1288 2181 1500 2221 Divinum
1539 2181 1723 2230 Verum,
1757 2181 1877 2235 quod

396 2249 466 2282 est
505 2242 731 2282 Verbum:
780 2246 994 2295 “septem
1033 2242 1149 2283 oculi
1190 2244 1234 2282 in
1275 2257 1362 2283 uno
1404 2243 1583 2296 lapide”
1621 2243 1878 2296 significant

398 2305 608 2344 Divinam
646 2305 914 2357 sapientiam
952 2311 998 2345 et
1036 2305 1402 2358 intelligentiam,
1435 2319 1548 2358 quae
1585 2311 1689 2346 sunt
1728 2305 1878 2346 Divini

397 2366 520 2414 Veri,
554 2368 617 2406 ita
649 2366 813 2416 Verbi;
855 2367 1100 2419 “septem’'
1132 2368 1341 2407 dicuntur
1372 2368 1428 2408 de
1460 2365 1626 2407 sanc'tis
1659 2367 1798 2408 Verbi
1830 2374 1877 2408 et

396 2429 627 2477 ecclesiae,
656 2436 701 2469 et
732 2429 886 2469 “oculi
905 2429 923 2444 '’
949 2429 1205 2482 significant
1237 2430 1589 2482 intelligentiam
1621 2436 1666 2470 et
1699 2431 1876 2483 sapien-

397 2493 533 2532 tiam:
576 2491 820 2544 “sculpere
852 2491 1128 2544 sculpturam
1141 2492 1160 2507 ”
1187 2492 1409 2545 significat
1441 2493 1876 2545 repraesentativum

399 2561 444 2594 et
478 2553 824 2606 significativum
857 2553 974 2605 ejus:
1014 2568 1091 2606 per
1124 2554 1333 2595 “vitem''
1366 2562 1411 2595 et
1443 2569 1521 2607 per
1555 2553 1764 2602 “ficum,’'
1795 2555 1878 2594 sub

399 2630 508 2669 quas
535 2616 725 2663 venturi,
755 2615 1031 2668 significatur
1057 2616 1249 2657 ecclesia
1275 2623 1320 2657 et
1348 2615 1551 2657 doctrina
1583 2631 1641 2656 ex
1667 2617 1782 2656 veris
1808 2616 1875 2656 in-

397 2679 537 2719 ternis
563 2684 608 2718 et
636 2692 693 2718 ex
717 2679 830 2718 veris
858 2679 1086 2728 externis;
1118 2692 1222 2718 vera
1244 2679 1420 2719 interna
1447 2685 1550 2719 sunt
1572 2692 1685 2731 quae
1707 2691 1875 2718 vocan-

397 2748 469 2781 tur
491 2740 749 2794 spiritualia,
775 2746 820 2780 et
843 2754 948 2780 vera
970 2746 1162 2780 externa
1188 2747 1290 2780 sunt
1314 2754 1425 2793 quae
1448 2747 1668 2780 vocantur
1691 2746 1875 2780 natura-

397 2803 482 2853 lia;
529 2803 639 2843 haec
672 2816 751 2855 per
784 2802 984 2843 “ficum”
1016 2809 1062 2844 et
1093 2802 1169 2843 illa
1200 2816 1278 2855 per
1312 2802 1519 2843 “vitem’'
1551 2801 1873 2854 significantur.

396 2866 533 2919 Apud
559 2865 725 2914 Mosen,

463 2948 481 2961 ⁴¹
493 2934 665 2978 Viderunt
678 2946 791 2978 Deum
804 2947 955 2986 Israelis,
966 2952 1000 2978 et
1013 2948 1077 2978 sub
1087 2947 1234 2986 pedibus
1247 2946 1362 2986 Ipsius
1373 2947 1462 2977 sicut
1471 2957 1559 2986 opus
1569 2946 1695 2986 lapidis
1705 2947 1873 2987 sapphiri,

571 2991 659 3022 sicut
677 2991 874 3021 substantia
891 2991 977 3021 caeli
994 2991 1110 3031 quoad
1131 2990 1338 3021 munditiem
1350 2989 1367 3000 ‘'
1388 2990 1509 3030 (Exod.
1527 2990 1618 3021 xxiv.
1640 2990 1691 3030 10)
1709 3001 1716 3022 2
