2054 3464
370 377 395 406 2
404 374 483 419 154
782 373 1112 407 APOCALYPSIS
1142 374 1438 407 EXPLICATA.

437 503 480 546 9.
531 487 582 534 Si
608 487 715 550 quis
740 486 887 534 habet
911 503 1092 541 aurern,
1117 486 1293 534 audiat.

443 584 512 616 10.
563 569 615 616 Si
635 569 742 631 quis
761 569 1087 630 captivitatem
1106 569 1309 623 duxerit,
1330 569 1378 616 in
1398 568 1727 631 captivitatem
1745 568 1847 616 abi-

368 649 460 702 bit;
497 648 537 694 si
562 648 670 710 quis
696 647 951 695 machaera
975 648 1214 703 occiderit,
1240 658 1432 711 oportet
1456 665 1568 695 eum
1594 647 1851 696 machaera

369 727 543 774 occidi:
571 727 647 774 hic
672 737 748 774 est
771 727 1003 789 patientia
1027 738 1076 775 et
1100 727 1221 775 fides
1244 727 1536 776 sanctorum.

444 826 459 855 1
478 825 514 855 1.
565 809 628 855 Et
657 809 754 855 vidi
783 809 922 856 aliam
953 810 1161 858 bestiam
1190 810 1539 857 ascendentem
1572 827 1600 857 e
1629 819 1769 864 terra,
1798 819 1850 858 et

371 883 585 931 habebat
613 901 797 931 cornua
826 884 924 932 duo
954 884 1126 932 similia
1157 902 1300 949 agno,
1331 896 1379 933 et
1407 885 1700 948 loquebatur
1726 885 1849 933 sicut

370 958 565 1006 draco>

441 1056 456 1086 1
470 1056 511 1087 2.
559 1040 622 1086 Et
639 1050 934 1103 potestatem
953 1041 1122 1104 prioris
1140 1041 1323 1089 bestiae
1344 1058 1540 1088 omnem
1559 1041 1668 1088 facit
1682 1058 1846 1089 coram

366 1115 443 1163 illo
463 1133 471 1163 :
499 1125 548 1163 et
566 1115 674 1163 facit
692 1126 744 1163 ut
763 1126 890 1164 terra
908 1127 958 1164 et
972 1116 1241 1173 habitantes
1262 1117 1309 1163 in
1326 1116 1404 1164 illa
1417 1116 1622 1170 adorent
1639 1117 1846 1165 bestiam

366 1192 592 1253 priorem,
618 1193 750 1256 cujus
775 1203 942 1240 sanata
966 1203 1039 1240 est
1061 1192 1207 1257 plaga
1230 1193 1397 1241 mortis
1423 1194 1538 1257 ejus.

439 1289 510 1334 13.
559 1274 622 1320 Et
646 1273 754 1321 facit
778 1275 916 1338 signa
940 1291 1131 1338 magna,
1152 1286 1205 1322 ut
1229 1285 1278 1322 et
1303 1275 1466 1339 ignem
1486 1275 1628 1323 faciat
1645 1276 1853 1338 descen--

368 1349 484 1396 dere
510 1366 538 1396 e
564 1349 698 1397 caelo
724 1350 771 1396 in
797 1360 976 1396 terram
1005 1367 1165 1397 coram
1189 1350 1491 1406 hominibus3

439 1447 509 1491 14.
559 1432 621 1479 Et
645 1432 845 1479 seducat
864 1431 1135 1479 habitantes
1159 1449 1306 1495 super
1329 1440 1469 1487 terra,
1489 1443 1685 1496 propter
1707 1434 1847 1498 signa

368 1524 492 1570 quae
518 1507 628 1554 data
653 1508 697 1555 ei
734 1507 890 1554 facere
927 1524 1089 1555 coram
1125 1508 1295 1562 bestia,
1321 1508 1485 1556 dicens
1521 1508 1845 1559 habitantibus

365 1599 511 1645 super
525 1593 650 1630 terra
669 1583 824 1630 facere
846 1583 1111 1647 imaginem
1130 1584 1328 1638 bestiae,
1345 1601 1471 1647 quae
1490 1584 1637 1632 habet
1653 1584 1851 1652 plagam·
1912 1581 1915 1583 ⁴

368 1658 655 1705 machaerae
681 1669 730 1706 et
754 1659 885 1706 vixit.

360 1803 363 1806 ψ
437 1741 507 1787 15.
556 1740 619 1787 Et
643 1740 808 1788 datum
833 1741 877 1788 ei
902 1741 1015 1789 dare
1040 1741 1257 1804 spiritum
1282 1742 1476 1806 imagini
1499 1743 1698 1798 bestiae,
1719 1753 1772 1791 ut
1795 1754 1845 1793 et

363 1815 587 1878 loquatur
605 1817 767 1880 imago
789 1817 989 1870 bestiae,
1010 1827 1058 1864 et
1076 1817 1215 1864 faciat
1239 1828 1291 1864 ut
1315 1818 1588 1881 quicunque
1608 1835 1705 1866 non
1723 1819 1840 1883 ado-

367 1902 474 1938 rant
497 1892 760 1955 imaginem
785 1893 984 1946 bestiae,
1005 1894 1292 1941 occidantur.

437 1977 507 2021 16.
557 1975 620 2020 Et
651 1974 759 2021 facit
791 1992 962 2022 omnes
986 1992 1160 2038 parvos
1189 1986 1238 2023 et
1269 1993 1488 2039 magnos,
1514 1987 1564 2023 et
1586 1977 1760 2025 divites
1793 1988 1844 2026 et

364 2066 620 2111 pauperes,
647 2060 695 2096 et
718 2049 896 2097 liberos
927 2061 976 2098 et
1005 2068 1190 2106 servos,
1216 2062 1268 2098 ut
1296 2051 1380 2099 det
1404 2051 1488 2099 illis
1513 2051 1843 2101 characterem

365 2142 509 2187 super
533 2142 679 2171 manu
705 2142 872 2172 eorum
898 2126 1067 2174 dextra
1091 2137 1140 2174 et
1163 2144 1309 2189 super
1331 2127 1563 2175 frontibus
1591 2144 1776 2176 eorum.

438 2219 508 2265 17.
558 2207 621 2253 Et
649 2217 701 2254 ut
737 2225 883 2255 nemo
919 2209 1070 2271 possit
1105 2227 1269 2257 emere
1305 2221 1388 2258 aut
1415 2211 1641 2265 vendere,
1670 2212 1710 2258 si
1746 2229 1843 2260 non

364 2282 549 2330 habens
574 2282 898 2330 charaeterem
931 2294 1013 2331 aut
1045 2301 1226 2333 nomen
1259 2286 1457 2341 bestiae,
1483 2297 1566 2333 aut
1589 2303 1842 2335 numerum

365 2359 571 2406 nominis
597 2360 711 2422 ejus.
1247 2372 1254 2381 ·

438 2443 508 2487 18.
559 2441 655 2488 Hic
685 2441 918 2503 sapientia
953 2451 1051 2496 est;
1089 2441 1273 2490 habens
1308 2442 1672 2506 intelligentiam
1708 2450 1839 2492 com-

365 2526 502 2579 putet
530 2533 785 2563 numerum
810 2517 1009 2571 bestiae,
1036 2534 1263 2565 numerus
1293 2519 1421 2565 enim
1446 2519 1652 2566 hominis
1681 2529 1769 2574 est,
1794 2530 1844 2568 et

367 2608 594 2639 numerus
619 2592 721 2655 ejus
745 2602 979 2640 sexcenta
1003 2593 1260 2657 sexaginta
1283 2610 1386 2642 sex.
