2008 3458
350 401 462 441 2280
761 408 1090 442 APOCALYPSIS
1120 409 1418 442 EXPLICATA.

352 521 431 562 sed
463 521 599 562 etiam
633 521 784 575 Ipsum
817 522 998 570 amavit,
1027 534 1130 562 nam
1157 521 1361 563 osculata
1393 527 1462 563 est
1489 520 1626 575 pedes
1659 520 1830 575 Ipsius;

351 598 486 636 quare
511 584 626 624 dixit
649 584 884 632 Dominus,
906 585 1151 625 “Remissa
1172 591 1275 625 sunt
1298 585 1378 626 tibi
1401 590 1589 637 peccata
1611 590 1702 632 tua,
1720 582 1831 625 fides

351 653 428 686 tua
451 652 497 686 te
520 646 691 686 salvam
714 647 819 687 facit
838 646 872 697 ;”
904 646 1013 687 fides
1031 648 1149 687 enim
1172 648 1291 688 sistit
1315 647 1525 687 Divinum
1550 646 1732 686 Domini
1748 645 1831 686 sibi
1887 681 1889 683 .
1938 659 1944 664 ’
1963 635 1965 638 ⁴

350 722 576 760 praesens,
605 715 650 749 et
677 722 803 749 amor
835 708 1096 762 conjungit;
1129 716 1282 763 potest
1314 710 1431 750 enim
1460 709 1679 749 Dominus
1702 721 1830 762 prae-

351 783 453 810 sens
476 771 572 811 sisti
590 772 668 812 sed
692 785 780 812 non
800 772 1010 825 conjungi
1030 787 1039 823 ;
1066 773 1170 813 inde
1188 779 1316 826 patet
1334 772 1452 826 quod
1472 771 1580 812 fides
1603 785 1661 812 ex
1679 784 1831 812 amore

350 832 509 874 salvet.
573 833 657 887 [Et
679 834 821 888 alibi,]

413 933 517 975 Jesus
535 934 622 965 dixit
638 933 816 975 discipulis
834 935 869 966 in
887 935 979 973 navi,
995 935 1138 976 “Quare
1152 935 1264 966 timidi
1278 935 1374 973 estis,
1388 935 1535 975 exiguae
1553 934 1631 966 fidei
1645 933 1833 966 homines?

527 977 627 1008 Tunc
639 979 750 1009 erexit
763 978 816 1015 Se,
830 985 865 1009 et
879 979 1100 1018 reprehendit
1113 986 1257 1010 ventum
1272 985 1306 1009 et
1319 987 1425 1014 mare,
1440 984 1474 1009 et
1487 976 1582 1009 faeta
1597 983 1652 1009 est
1664 977 1832 1018 tranquil·

524 1021 603 1052 litas
620 1020 777 1061 magna”
795 1022 935 1060 (Matth.
953 1022 1023 1052 viii.
1042 1022 1098 1058 26;
1127 1022 1238 1053 Marc.
1256 1022 1299 1052 iv.
1319 1030 1421 1061 39—41
1437 1030 1445 1059 ;
1469 1021 1550 1052 Luc.
1568 1021 1638 1052 viii.
1657 1028 1707 1060 24,
1726 1021 1800 1060 25):

416 1063 541 1095 Petrus
553 1074 595 1095 ex
605 1063 705 1104 jussu
721 1064 864 1095 Domini
876 1065 1058 1096 descendit
1069 1075 1087 1095 e
1101 1065 1192 1102 navi,
1204 1071 1238 1096 et
1249 1065 1443 1095 ambulavit
1456 1074 1561 1104 super
1570 1064 1670 1104 aquis
1684 1073 1692 1100 ς
1708 1073 1830 1095 verum

523 1117 599 1138 cum
626 1108 762 1139 veniret
781 1114 908 1139 ventus
927 1108 1040 1145 fortis,
1062 1108 1260 1145 “extimuit,
1281 1115 1315 1139 et
1335 1107 1506 1147 incipiens
1525 1107 1684 1147 demergi
1703 1106 1832 1138 clama·

523 1151 582 1187 vit,
593 1175 600 1182 .
614 1175 621 1182 .
631 1150 794 1188 Domine,
809 1161 912 1182 serva
925 1161 981 1182 me
996 1161 1002 1188 ;
1019 1151 1138 1192 Jesus.
1154 1151 1286 1182 .statim
1302 1151 1572 1190 apprehendens
1584 1159 1728 1181 manum
1742 1149 1830 1190 ejus,

522 1193 624 1225 dixit.
640 1218 662 1231 .,
679 1194 834 1234 Exiguae
853 1194 931 1225 fidei
948 1195 1066 1230 homo,
1080 1204 1186 1234 quare
1203 1194 1387 1225 dubitabas
1397 1193 1430 1225 ?'¹
1448 1193 1589 1230 (Matth.
1602 1193 1671 1225 xiv.
1690 1193 1794 1232 28—31
1809 1193 1832 1233 :)

416 1236 532 1277 Quum
550 1237 709 1277 discipuli
727 1247 799 1268 non
817 1244 1006 1277 potuerunt
1022 1247 1147 1268 sanare
1166 1238 1366 1275 lunaticum,
1380 1236 1483 1278 Jesus
1496 1237 1584 1268 dixit
1597 1236 1674 1274 illis,
1690 1235 1832 1269 “Gene-

525 1280 614 1310 ratio
639 1280 818 1311 incredula
845 1287 880 1311 et
908 1290 1083 1320 perversa,
1108 1290 1290 1320 quousque
1318 1290 1379 1311 ero
1407 1280 1589 1311 vobiscum
1599 1279 1634 1312 ?”
1665 1285 1701 1311 et
1726 1279 1830 1321 Jesus

524 1324 663 1354 sanavit
687 1333 766 1354 eum
782 1332 790 1361 ;
818 1331 852 1355 et
880 1324 968 1355 dixit
995 1324 1038 1354 ad
1066 1324 1256 1363 discipulos
1281 1323 1374 1364 quod
1402 1333 1475 1353 non
1503 1323 1682 1363 potuerint
1705 1332 1831 1354 sanare

523 1375 614 1403 eum,
633 1373 777 1406 propter
794 1367 1071 1398 incredulitatem
1090 1376 1211 1397 eorum
1230 1367 1371 1405 (Matth.
1389 1367 1471 1397 xvii.
1492 1375 1540 1404 14,
1558 1366 1663 1407 seq.):

413 1408 516 1450 Jesus
532 1409 628 1440 venit
644 1410 679 1440 in
698 1410 845 1450 patriam
860 1419 970 1446 suam,
985 1416 1018 1440 et
1035 1410 1083 1440 ibi
1096 1410 1347 1441 “scandalizati
1361 1415 1443 1440 sunt
1460 1409 1495 1440 in
1515 1409 1636 1450 Ipsum
1650 1419 1657 1446 ;
1677 1414 1712 1440 et
1727 1408 1831 1451 Jesus

522 1453 625 1484 dixit.
641 1477 663 1490 .,
685 1452 765 1483 Non
786 1459 840 1483 est
859 1453 1033 1493 propheta
1052 1453 1169 1484 minus
1185 1453 1379 1484 honoratus
1397 1462 1500 1493 quam
1522 1452 1557 1483 in
1578 1453 1691 1493 patria
1706 1462 1779 1490 sua,
1795 1457 1832 1484 et

523 1496 558 1526 in
580 1496 686 1526 domo
707 1505 791 1531 sua:
816 1496 895 1527 ideo
915 1506 987 1527 non
1008 1496 1091 1527 fecit
1110 1496 1156 1527 ibi
1176 1496 1324 1527 virtutes
1342 1496 1470 1527 multas
1487 1503 1633 1536 propter
1646 1495 1832 1527 increduli-

521 1545 630 1570 tatem
648 1549 770 1570 eorum
782 1538 800 1550 ''
817 1539 958 1578 (Matth.
976 1540 1046 1570 xiii.
1067 1547 1116 1578 57,
1135 1540 1207 1579 58):

349 1644 467 1696 quod
488 1644 706 1684 Dominus
721 1644 948 1685 vocaverit
967 1644 1207 1697 discipulos
1225 1644 1464 1685 “homines
1481 1644 1673 1698 exiguae
1690 1643 1831 1694 fidei?
1855 1646 1859 1649 '

349 1719 448 1745 cum
486 1719 575 1747 non
609 1713 850 1759 potuerunt
883 1706 1096 1747 miracula
1127 1707 1171 1747 in
1207 1708 1387 1747 nomine
1420 1707 1562 1759 Ipsius
1593 1706 1751 1759 tacere,
1785 1713 1830 1748 et

347 1769 466 1821 quod
499 1782 588 1809 non
626 1770 823 1822 potuerit
855 1769 1067 1811 miracula
1095 1769 1239 1810 facere
1275 1770 1318 1809 in
1356 1770 1498 1822 patria
1534 1783 1613 1810 sua
1649 1775 1831 1822 propter

348 1831 712 1874 incredulitatem
749 1845 915 1880 eorum,
955 1839 1050 1873 erat
1091 1846 1238 1881 causa,
1276 1833 1377 1886 quia
1412 1831 1615 1884 discipuli
1650 1832 1828 1885 quidem

347 1894 590 1934 credebant
606 1895 848 1935 Dominum
864 1909 960 1935 esse
976 1895 1187 1935 Messiam
1206 1909 1283 1935 seu
1302 1894 1540 1943 Christum,
1557 1901 1652 1935 tum
1668 1895 1828 1936 Filium

347 1957 445 2005 Dei,
467 1964 511 1997 et
536 1957 819 2010 Prophetam,
841 1958 895 1998 de
915 1972 1002 2011 quo
1020 1959 1233 2011 scriptum
1253 1965 1320 1998 est
1343 1958 1386 1997 in
1405 1957 1572 2006 Verbo,
1594 1957 1672 1998 sed
1691 1971 1829 2012 usque

347 2019 544 2059 nondum
572 2020 854 2060 crediderunt
886 2020 1036 2073 Ipsum
1062 2020 1207 2061 Deum
1235 2020 1610 2072 omnipotentem,
1638 2026 1683 2061 et
1709 2020 1828 2074 quod

343 2081 546 2133 Jehovah
574 2081 705 2122 Pater
730 2089 850 2123 esset
883 2083 925 2123 in
959 2083 1090 2135 Ipso;
1130 2089 1176 2123 et
1202 2089 1354 2123 tamen
1382 2089 1601 2135 quatenus
1627 2083 1828 2124 credide-

346 2149 447 2183 runt
490 2143 639 2195 Ipsum
680 2144 921 2193 hominem,
964 2153 1009 2186 et
1051 2158 1139 2185 non
1181 2145 1309 2185 simul
1351 2145 1510 2192 Deum,
1553 2158 1642 2185 non
1682 2146 1828 2197 potuit

346 2205 555 2245 Divinum
583 2206 740 2258 Ipsius,
765 2208 832 2246 cui
859 2208 1191 2260 omnipotentia
1217 2214 1300 2254 est,
1328 2208 1423 2247 sisti
1449 2207 1674 2259 discipulis
1699 2221 1827 2260 prae-

348 2281 449 2307 sens
475 2282 552 2320 per
578 2267 734 2308 fidem:
769 2268 878 2309 fides
904 2270 1021 2309 enim
1049 2270 1165 2310 sistit
1192 2269 1434 2309 Dominum
1457 2275 1754 2321 praesentem,
1779 2276 1827 2312 ut

346 2344 476 2383 supra
494 2329 660 2370 dietum
678 2337 746 2371 est
763 2345 772 2381 ;
800 2332 878 2371 sed
898 2331 1006 2371 fides
1028 2332 1070 2371 in
1090 2332 1332 2372 Dominum
1351 2338 1398 2372 ut
1420 2332 1648 2372 hominem
1667 2332 1825 2381 solum,

346 2406 435 2432 non
458 2393 574 2433 sistit
594 2393 970 2445 omnipotentiam
990 2393 1198 2434 Divinam
1218 2394 1359 2446 Ipsius
1377 2400 1661 2446 praesentem
1678 2408 1687 2444 ;
1715 2408 1828 2448 quae

345 2455 481 2495 etiam
519 2468 652 2494 causa
687 2462 771 2503 est,
812 2456 931 2508 quod
969 2469 1059 2496 non
1097 2456 1257 2496 salvari
1293 2457 1465 2509 possint
1502 2457 1574 2509 qui
1610 2456 1742 2497 hodie
1783 2458 1827 2498 in

343 2517 512 2556 mundo
538 2517 682 2556 solum
711 2516 917 2569 speEtant
950 2518 1005 2557 ad
1038 2512 1280 2558 humanum
1313 2518 1470 2570 Ipsius,
1499 2525 1544 2559 et
1577 2531 1667 2559 non
1698 2519 1827 2560 simul

344 2579 401 2618 ad
420 2579 629 2619 Divinum
649 2579 806 2632 Ipsius,
826 2586 874 2620 ut
892 2579 1058 2620 faciunt
1078 2579 1301 2620 Sociniani
1319 2586 1364 2620 et
1383 2579 1552 2621 Ariani.
1603 2580 1676 2621 Ex
1695 2582 1826 2623 simili

346 2654 479 2680 causa
509 2641 587 2681 fuit
620 2642 737 2694 quod
772 2641 990 2682 Dominus
1022 2655 1111 2682 non
1143 2643 1338 2695 potuerit
1366 2642 1577 2683 miracula
1607 2643 1751 2685 facere
1781 2645 1823 2685 in

346 2704 489 2755 patria
514 2717 605 2751 sua,
634 2704 734 2756 quia
760 2704 819 2744 ibi
844 2704 1052 2745 viderunt
1079 2705 1229 2757 Ipsum
1262 2705 1317 2745 ab
1343 2705 1528 2745 infantia
1553 2706 1666 2747 sicut
1691 2706 1826 2747 alium

345 2766 599 2815 hominem;
638 2780 772 2819 quare
806 2780 894 2807 non
927 2773 1168 2819 potuerunt
1200 2767 1271 2807 isti
1303 2767 1427 2807 ideae
1459 2767 1649 2819 adjicere
1680 2769 1825 2810 ideam

345 2827 634 2878 Divinitatis;
673 2835 718 2868 et
750 2829 930 2881 quando
961 2829 1072 2869 haec
1104 2842 1194 2869 non
1226 2829 1368 2878 adest,
1396 2830 1575 2883 quidem
1608 2830 1826 2871 Dominus

345 2897 414 2929 est
442 2903 653 2941 praesens
678 2891 756 2930 sed
784 2904 873 2941 non
897 2904 997 2931 cum
1022 2891 1184 2931 Divina
1206 2892 1535 2944 omnipotentia
1560 2893 1602 2932 in
1629 2893 1823 2941 homine,

345 2965 448 2991 nam
472 2952 580 2993 fides
604 2954 720 2993 sistit
744 2953 986 2993 Dominum
1010 2960 1292 3005 praesentem
1318 2955 1361 2994 in
1383 2955 1561 2995 homine
1580 2955 1823 2996 secundum

344 3014 475 3067 quale
502 3016 803 3067 perceptionis
830 3017 884 3055 de
913 3016 1042 3068 Ipso;
1075 3016 1242 3069 reliqua
1268 3017 1403 3057 homo
1429 3030 1518 3058 non
1544 3018 1750 3070 agnoscit
1775 3023 1823 3059 et
