2054 3464
399 366 503 409 1992
807 364 1138 397 APOCALYPSIS
1170 364 1467 397 EXPLICATA.

395 483 491 517 tum
510 483 668 518 oontra
683 489 881 517 amorem
898 476 1209 530 conjugialem,
1227 477 1299 531 qui
1317 483 1385 518 est
1405 477 1550 518 mariti
1568 490 1675 530 erga
1691 483 1880 519 ux‘orem

394 546 440 580 et
478 541 631 580 uxoris
669 552 776 592 erga
814 540 1036 587 maritum,
1071 545 1119 580 ut
1157 546 1202 580 et
1241 546 1400 595 contra
1431 553 1629 580 amorem
1661 545 1879 588 mutuum,

363 638 372 645 ,
395 602 468 654 qui
494 608 562 641 est
588 602 771 641 fratrum
795 607 841 641 et
868 615 1071 642 sororum
1095 603 1211 642 inter
1234 616 1307 652 se;
1341 603 1478 642 immo
1500 602 1634 642 docet
1662 601 1882 643 Dominus

395 665 515 717 quod
542 677 624 704 nec
655 665 820 704 inimici
852 664 955 704 odio
987 664 1182 704 habendi
1213 665 1315 713 sint,
1345 665 1423 705 sed
1456 664 1648 705 amandi.
1709 663 1784 704 Ex
1814 662 1882 704 his

395 733 523 780 patet
559 727 678 780 quod
717 740 794 779 per
831 727 1011 766 nomina
1048 728 1494 780 consanguineorum,
1529 726 1799 766 affinitatum
1835 730 1882 766 et

396 791 746 842 propinquorum
773 790 817 828 in
840 789 995 830 Verbo
1026 789 1337 842 intelligantur
1363 788 1698 842 consanguinei,
1726 787 1883 833 affines

395 859 442 892 et
468 853 703 905 propinqui
729 852 772 892 in
799 865 932 892 sensu
960 852 1190 904 spirituali.
1251 852 1388 904 Apud
1416 851 1615 899 eosdem,

467 940 571 981 Jesus
588 940 676 971 dixit
693 940 885 980 discipulis,
906 940 1065 971 “Tradet
1082 940 1191 971 frater
1207 940 1350 972 fratrem
1368 941 1402 971 in
1421 946 1583 978 mortem,
1598 945 1699 980 pater
1715 939 1835 977 filium,
1847 945 1883 971 et

569 984 753 1023 insurgent
773 984 873 1034 line-ri
892 990 1016 1014 contra
1040 991 1215 1023 parentes,
1236 990 1270 1015 et
1294 984 1399 1015 morti
1420 984 1554 1015 dabunt
1578 993 1640 1015 eos
1651 982 1669 995 ’¹
1688 982 1832 1023 (Matth.
1849 993 1882 1015 x.

462 1027 953 1110 “Divizziuilffzqact'eimcloixiat'ia
979 1070 1097 1107 filium,
1124 1076 1159 1101 et
1185 1070 1276 1101 filius
1302 1076 1427 1101 contra
1450 1076 1596 1111 patrem,
1622 1075 1735 1101 mater
1760 1075 1884 1101 eontra

570 1114 676 1144 filiam
695 1120 729 1144 et
747 1114 818 1144 filia
834 1119 959 1144 contra
976 1120 1135 1151 matrem,
1151 1123 1272 1145 socrus
1290 1121 1414 1145 contra
1430 1123 1567 1152 nurum,
1582 1120 1617 1145 et
1633 1123 1742 1144 nurus
1759 1118 1884 1154 contra

570 1167 710 1188 socrum
723 1157 740 1168 '¹
758 1157 853 1197 (Luc.
871 1157 928 1188 xii.
950 1158 1002 1196 53)
1018 1168 1023 1188 :

395 1245 515 1298 quod
538 1258 681 1298 neque
703 1245 812 1285 haec
836 1244 1134 1297 intelligenda
1158 1245 1246 1285 sint
1269 1245 1513 1285 secundum
1537 1244 1748 1293 litteram,
1773 1257 1882 1286 con-

395 1314 487 1348 stat
528 1322 586 1347 ex
629 1307 1000 1360 praecedentibus
1042 1308 1114 1355 ibi,
1155 1307 1228 1348 ubi
1267 1307 1395 1360 Jesus
1441 1307 1549 1348 dicit
1595 1307 1715 1360 quod
1754 1310 1881 1347 “non

394 1371 567 1410 venerit
590 1370 646 1409 ad
670 1369 866 1409 dandum
891 1383 1047 1422 pacem
1071 1383 1202 1422 super
1224 1376 1355 1418 terra,
1380 1370 1459 1410 sed
1482 1368 1785 1419 divisionem,”
1802 1369 1883 1410 sed

395 1433 514 1486 quod
540 1436 707 1473 “erunt
734 1426 927 1485 quinque
955 1433 997 1472 in
1025 1446 1112 1472 una
1138 1432 1275 1472 domo
1301 1433 1443 1481 divisi,
1468 1439 1559 1472 tres
1585 1438 1745 1473 contra
1770 1431 1882 1472 duos

395 1502 442 1535 et
469 1495 556 1535 duo
584 1501 741 1535 contra
773 1494 903 1543 tres‚'’
930 1508 1007 1547 per
1033 1509 1145 1547 quae
1176 1494 1452 1547 significatur
1477 1495 1597 1548 quod
1630 1500 1884 1547 pugnatura

395 1558 484 1598 sint
516 1557 626 1597 falsa
658 1564 703 1597 et
736 1557 855 1597 mala
887 1564 1044 1597 contra
1074 1571 1178 1597 vera
1209 1563 1255 1597 et
1287 1558 1419 1606 bona,
1448 1571 1498 1598 ac
1526 1557 1734 1605 vicissim,
1762 1549 1883 1610 quod

393 1619 444 1660 fit
471 1620 651 1673 quando
683 1620 819 1660 homo
852 1621 893 1660 in
927 1621 1204 1660 tentationes
1236 1621 1359 1660 venit
1392 1627 1437 1660 et
1475 1620 1766 1670 reformatum
1807 1618 1883 1659 illa

395 1696 546 1735 pugna
578 1696 656 1735 per
685 1682 1015 1724 “divisionem’'
1042 1689 1086 1723 et
1119 1681 1554 1723 “insurreffionem”
1580 1681 1880 1735 significatur:

395 1745 514 1798 quod
537 1749 704 1797 “pater
722 1745 943 1785 dividetur
962 1752 1119 1785 contra
1137 1744 1274 1785 filium
1297 1752 1342 1786 et
1365 1745 1478 1785 filius
1496 1751 1654 1795 contra
1676 1747 1851 1797 patrem
1862 1743 1882 1760 ”

394 1808 616 1861 significat
649 1808 769 1861 quod
808 1808 974 1848 malum
1014 1815 1315 1861 pugnaturum
1349 1810 1410 1848 sit
1442 1814 1601 1848 contra
1631 1820 1800 1856 verum,
1834 1813 1880 1848 et

393 1885 547 1911 verum
589 1878 747 1911 contra
788 1871 981 1920 malum;
1021 1871 1078 1910 ibi
1114 1871 1311 1923 “pater’'
1349 1877 1418 1911 est
1455 1869 1620 1910 malum
1654 1869 1774 1923 quod
1810 1871 1880 1910 es't

395 1935 620 1986 proprium
653 1934 859 1982 hominis,
893 1941 937 1974 et
968 1933 1148 1973 “filius'’
1175 1940 1244 1973 est
1276 1946 1428 1973 verum
1460 1932 1579 1986 quod
1611 1938 1680 1973 est
1711 1932 1880 1973 homini

393 2010 419 2036 a
445 1996 666 2036 Domino:
701 1996 819 2049 quod
847 1997 1069 2048 cupiditas
1092 1996 1187 2036 falsi
1215 2002 1468 2048 pugnatura
1490 1996 1546 2036 sit
1569 2001 1728 2036 contra
1748 1994 1881 2035 affec-

393 2059 563 2099 tionem
587 2059 691 2107 veri,
716 2065 761 2098 et
787 2057 962 2098 affectio
987 2059 1077 2098 veri
1105 2065 1262 2098 contra
1285 2059 1579 2110 cupiditatem
1605 2057 1880 2110 falsi,.signi-

393 2121 549 2162 ficatur
581 2118 658 2173 per
689 2121 808 2174 quod
843 2121 1107 2161 “dividetur
1147 2127 1292 2161 mater
1328 2128 1485 2161 contra
1525 2120 1674 2168 filiam,
1708 2126 1754 2160 et
1791 2118 1880 2160 filia

393 2190 551 2224 contra
578 2190 768 2224 matrem
786 2183 819 2234 ;’'
848 2183 1060 2224 “mater''
1086 2184 1145 2224 ibi
1171 2190 1241 2224 est
1269 2184 1488 2236 cupiditas
1513 2183 1624 2232 salsi,
1649 2189 1695 2223 et
1721 2181 1879 2223 “filia''

393 2254 462 2287 est
485 2245 660 2287 affectio
682 2247 799 2296 veri3
833 2253 878 2287 et
906 2248 965 2286 sic
994 2260 1150 2298 porro:
1185 2247 1305 2300 quod
1328 2247 1391 2287 ita
1413 2247 1484 2295 sit,
1508 2246 1644 2286 etiam
1667 2252 1876 2287 constare

393 2316 545 2362 potest
578 2324 636 2350 ex
663 2324 730 2357 eo,
759 2310 878 2362 quod
913 2310 1131 2350 Dominus
1163 2309 1266 2349 alibi
1299 2310 1418 2350 dicat
1448 2309 1516 2362 (ut
1542 2309 1649 2357 Jolz.
1676 2310 1767 2349 xiv.
1795 2317 1874 2361 27;

393 2385 488 2424 cap.
515 2374 605 2412 xvi.
635 2372 722 2425 33),
751 2372 870 2425 quod
898 2373 940 2411 in
970 2372 1074 2424 Ipso
1103 2376 1299 2424 “pacem
1326 2372 1518 2412 habituri
1544 2363 1672 2420 siht,”
1698 2372 1762 2412 ita
1787 2384 1877 2412 non

393 2435 670 2475 divisionem.
731 2434 868 2487 Apud
895 2434 1072 2482 Lucam,

464 2523 625 2563 Angelus
650 2523 738 2554 dixit
763 2524 806 2554 ad
828 2523 1028 2554 sachariam
1049 2524 1093 2554 de
1113 2522 1287 2564 Johanne,
1310 2523 1530 2555 “Praecedet
1550 2523 1699 2554 coram”
1722 2523 1877 2555 Domino

566 2567 631 2641 ‘fili-n
657 2567 781 2650 spigstu
799 2574 842 2649 >et
866 2567 994 2598 virtute
1027 2566 1134 2604 Eliae,
1161 2567 1205 2598 ad
1230 2568 1510 2598 convertendum
1535 2567 1642 2598 corda
1667 2573 1806 2607 patrum
1832 2567 1877 2600 ad

604 2620 656 2641 ios
718 2620 738 2641 ι.
759 2618 797 2648 17
825 2619 832 2648 ;

392 2698 438 2733 et
465 2691 583 2744 apud
609 2691 897 2740 Malachiam,

460 2767 632 2798 “Mittam
647 2767 750 2797 vobis
769 2766 882 2797 Eliam
900 2767 1119 2807 prophetam,
1133 2773 1322 2807 antequam
1342 2767 1438 2798 venit
1455 2767 1530 2798 dies
1547 2766 1705 2808 Jehovae
1723 2777 1875 2807 magnus

567 2817 601 2841 et
626 2810 802 2847 terribilis,
823 2817 860 2841 ut
884 2816 1068 2841 convertat
1093 2820 1153 2841 cor
1177 2817 1315 2850 patrum
1340 2811 1385 2841 ad
1404 2810 1505 2848 filios,
1526 2816 1560 2841 et
1579 2820 1640 2841 cor
1659 2810 1810 2841 filiorum
1830 2811 1875 2842 ad

564 2860 681 2938 patffi?
696 2863 828 2891 eorum,
843 2854 1044 2937 nessveniam
1063 2860 1097 2884 et
1115 2854 1307 2894 percutiam
1326 2860 1455 2885 terram
1473 2854 1699 2885 anathemate
1711 2853 1729 2865 '’
1746 2854 1807 2894 (iii.
1822 2862 1874 2893 23,

568 2906 608 2936 24
678 2898 747 2928 .Α.
766 2897 810 2928 ἰν.
830 2905 857 2935 5,
915 2898 946 2936 ):

392 2986 510 3039 quod
540 2985 768 3038 Johannes
807 2985 1012 3038 Baptista
1044 2986 1310 3038 praemissus
1342 2986 1398 3027 sit
1431 2985 1486 3026 ad
1518 2985 1872 3038 praeparandum
