2054 3464
392 363 504 395 2100
804 363 1134 398 APOCALYPSIS
1165 365 1463 398 EXPLICATA.

472 473 552 527 [e.]
589 473 686 527 (iv.)
723 473 851 524 Quod
865 489 1011 515 omnes
1035 475 1111 516 illi
1131 476 1371 534 “fratijeff
1392 491 1420 518 a
1439 477 1629 518 Domino
1649 476 1871 531 dicantur,

387 534 466 586 qui
490 535 646 587 Ipsum
677 542 930 588 agnoscunt,
963 542 1006 576 et
1039 536 1084 577 in
1121 536 1226 578 bono
1255 537 1494 578 charitatis
1530 538 1586 579 ab
1621 538 1726 591 Ipso
1756 545 1872 588 sunt,

387 597 587 650 sequitur
618 612 676 638 ex
709 612 777 646 eo,
806 598 926 651 quod
955 599 1175 640 Dominus
1206 601 1264 641 sit
1296 601 1494 641 omnium
1522 601 1669 650 Pater,
1697 607 1744 642 et
1776 614 1874 642 om—

387 659 507 700 nium
536 659 720 708 Docton
750 667 796 701 et
819 675 878 701 ex
907 661 1012 714 Ipso
1043 668 1092 702 ut
1119 662 1251 704 Patre
1277 669 1347 704 est
1374 676 1507 704 omne
1533 663 1702 704 bonum
1728 663 1874 705 chari-

387 722 509 770 tatis,
538 729 584 763 et
617 737 675 763 ex
709 723 813 776 Ipso
845 730 894 764 ut
927 722 1125 766 Doc‘tore
1157 731 1226 766 est
1259 739 1393 766 omne
1419 739 1573 766 verum
1605 725 1722 767 illius
1753 726 1872 768 boni.

388 783 536 836 Quare
563 785 671 826 dicit
700 785 920 826 Dominus
946 787 1065 839 apud
1091 787 1384 838 Matthaeum,

453 873 555 906 “Vos
586 874 696 905 nolite
721 875 839 906 vocari
867 871 1022 912 Doctor':
1053 886 1145 907 unus
1174 877 1268 908 enim
1297 883 1351 908 est
1375 883 1492 909 vester
1518 876 1661 915 Do‹stor,
1687 877 1874 916 Christus:

559 928 684 949 omnes
705 925 822 949 autern
844 928 908 950 vos
930 919 1056 951 fratres
1077 919 1173 952 estis.
1222 920 1265 952 Et
1287 920 1427 952 Patrem
1444 927 1600 952 vestrum
1623 931 1667 953 ne
1683 923 1818 954 vocetis
1836 922 1872 954 in

558 968 671 999 terra;
696 971 787 993 unus
805 972 957 1003 namque
974 968 1029 994 est
1047 963 1153 994 Pater
1168 969 1286 995 vester
1302 964 1359 1004 qui
1378 965 1413 995 in
1430 965 1536 996 caelis
1553 964 1634 996 est”
1648 965 1756 1004 (xxiii.
1774 966 1804 1004 8,
1817 965 1872 1006 9):

385 1063 444 1090 ex
481 1049 549 1090 his
587 1050 824 1091 manifeste
861 1056 988 1103 patet
1030 1050 1150 1104 quod
1186 1052 1323 1092 verba
1361 1052 1543 1092 Domini
1581 1052 1874 1106 spiritualiter

383 1111 683 1165 intelligenda
709 1113 825 1162 sint;
860 1126 963 1152 nam
990 1114 1086 1166 quis
1112 1127 1202 1154 non
1229 1120 1383 1167 potest
1410 1115 1560 1155 vocari
1588 1113 1773 1164 Βοᾶοτ,
1797 1116 1872 1170 qui

383 1173 542 1215 doctor
563 1175 662 1215 est?
694 1181 739 1215 et
763 1176 859 1228 quis
882 1189 971 1215 non
995 1175 1140 1224 Pater,
1165 1177 1238 1229 qui
1265 1182 1334 1217 est
1358 1177 1514 1229 pater?
1575 1177 1642 1218 At
1664 1178 1767 1232 quia
1792 1191 1872 1232 per

385 1242 599 1291 “patrem
614 1237 633 1253 ’'
661 1237 937 1290 significatur
967 1238 1149 1287 bonurn,
1184 1245 1229 1279 et
1262 1253 1340 1292 per
1373 1239 1591 1280 “Patrem
1622 1241 1666 1280 in
1692 1236 1872 1281 ‘caelis'’

383 1299 596 1340 Divinum
639 1300 829 1349 Bonum,
873 1306 919 1341 et
960 1301 1061 1354 quia
1102 1315 1180 1353 per
1218 1300 1521 1342 “doctorem”
1559 1316 1636 1343 seu
1674 1295 1871 1344 “rabbi''

382 1363 660 1416 significatur
685 1377 853 1411 verum,
882 1370 927 1404 et
951 1377 1029 1416 per
1057 1362 1342 1404 “Doctorem
1370 1363 1598 1405 Christum
1611 1365 1630 1380 ’'
1658 1365 1869 1406 Divinum

382 1425 567 1473 Verum,
588 1425 703 1473 ideo,
724 1431 907 1478 propter
926 1425 1203 1478 spiritualem
1222 1440 1403 1467 sensum
1421 1428 1464 1467 in
1488 1428 1694 1468 omnibus
1712 1427 1869 1476 Verbi,
1924 1424 1933 1437 ‘

382 1488 544 1529 dicitur
569 1488 688 1541 quod
718 1491 846 1527 “non
879 1494 1054 1540 patrem
1086 1489 1130 1528 in
1164 1495 1284 1529 terra
1314 1496 1532 1530 vocarent
1564 1490 1758 1538 Patrem,
1784 1498 1869 1532 'nec

381 1551 574 1604 aliquem
602 1549 846 1591 D0&0rem
865 1550 899 1601 ;”
931 1565 1093 1604 nempe
1119 1552 1161 1591 in
1186 1552 1403 1605 spirituali
1428 1566 1575 1601 sensu,
1600 1566 1690 1593 non
1716 1559 1870 1594 autem

382 1614 426 1654 in
459 1613 676 1653 naturali:
716 1614 759 1653 in
793 1614 986 1654 naturali
1018 1627 1151 1654 sensu
1177 1615 1328 1655 vocari
1360 1621 1550 1668 possunt
1581 1613 1791 1656 d0&0res
1822 1622 1869 1658 et

384 1682 550 1729 patres,
579 1676 658 1716 sed
686 1677 1099 1728 repraesentative;
1137 1690 1299 1730 nempe
1331 1677 1450 1731 quod
1481 1675 1691 1718 doctores
1717 1679 1870 1720 mundi

383 1738 562 1792 quidem
592 1739 788 1778 doceant
820 1752 989 1786 verum,
1018 1739 1097 1779 sed
1129 1753 1219 1779 non
1252 1753 1277 1780 a
1309 1753 1356 1780 se
1388 1740 1467 1780 sed
1499 1754 1525 1780 a
1556 1740 1783 1792 Domin03
1821 1748 1868 1784 et

382 1802 501 1855 quod
528 1808 680 1855 patres
707 1802 860 1841 mundi
886 1802 1065 1855 quidem
1088 1802 1177 1843 sint
1203 1803 1323 1850 boni,
1352 1809 1398 1843 et
1425 1803 1594 1844 ducant
1621 1803 1784 1847 liberos
1809 1805 1868 1846 ad

380 1865 562 1912 bonum,
591 1864 670 1904 sed
703 1878 793 1904 non
824 1878 849 1904 a
881 1878 928 1905 se
960 1865 1038 1905 sed
1071 1879 1096 1905 a
1128 1865 1350 1906 Domino:
1389 1866 1494 1906 inde
1525 1867 1723 1920 sequitur
1748 1868 1869 1922 quod

382 1927 566 1967 tametsi
592 1933 812 1967 vocantur
838 1925 1047 1967 doctores
1075 1934 1120 1968 et
1149 1934 1316 1981 patres,
1345 1942 1483 1981 usque
1515 1942 1606 1969 non
1637 1930 1726 1970 sint
1758 1930 1867 1971 doc-

381 1995 503 2030 tores
530 1995 575 2029 et
599 1995 763 2041 patres,
789 1989 868 2029 sed
891 1989 1036 2030 solum
1061 1990 1305 2030 Dominus:
1337 1994 1539 2031 “vocare
1554 1990 1573 2006 ’'
1595 1997 1642 2032 et
1666 1995 1868 2034 “vocare

382 2051 595 2092 nomine''
637 2051 845 2105 aliquem,
889 2053 932 2092 in
977 2052 1132 2093 Verbo
1174 2053 1311 2094 etiam
1353 2053 1578 2106 significat
1619 2066 1868 2107 agnoscere

380 2114 511 2168 quale
538 2113 734 2166 alicujus.
797 2113 913 2167 Quia
940 2128 1097 2156 omnes
1129 2115 1172 2156 in
1205 2115 1334 2156 caelo
1365 2122 1411 2156 et
1443 2116 1486 2156 in
1513 2115 1707 2158 ecclesia
1733 2117 1866 2158 disci-

380 2176 471 2230 puli
497 2183 543 2217 et
567 2176 641 2216 filii
666 2176 848 2216 Domini
872 2183 975 2217 sunt
999 2183 1046 2218 ut
1070 2176 1280 2219 Doctoris
1303 2191 1354 2218 ac
1382 2185 1430 2219 ut
1453 2178 1610 2228 Patris,
1634 2179 1736 2220 ideo
1758 2178 1867 2222 dicit

384 2239 619 2287 Dominus,
643 2237 852 2279 “Omnes
872 2253 951 2279 vos
969 2239 1127 2280 fratres
1146 2241 1254 2281 estis
1272 2240 1305 2291 ;''
1331 2240 1551 2281 Dominus
1569 2242 1687 2282 enim
1709 2255 1867 2283 omnes

379 2302 423 2341 in
456 2301 585 2342 caelo
618 2307 663 2341 et
695 2302 738 2341 in
771 2301 977 2350 ecclesia,
1007 2316 1065 2342 ex
1098 2303 1437 2343 consociatione
1469 2316 1547 2356 per
1577 2317 1778 2345 amorem
1809 2305 1867 2346 ab

381 2364 499 2417 Ipso,
525 2370 570 2404 et
597 2364 699 2404 inde
726 2378 804 2416 per
830 2378 1032 2405 amorem
1056 2371 1274 2414 mutuum,
1300 2366 1372 2419 qui
1399 2372 1468 2406 est
1495 2366 1705 2415 charitas,
1730 2374 1866 2408 vocat

379 2426 481 2466 illos
511 2425 663 2466 “filios
677 2426 695 2441 ’'
722 2432 767 2466 et
796 2426 1023 2467 “heredes
1041 2426 1073 2477 ;”
1105 2427 1208 2468 inde
1235 2434 1305 2468 est
1337 2428 1456 2481 quod
1487 2442 1514 2468 a
1544 2428 1742 2470 Domino
1774 2429 1865 2470 sint

382 2488 580 2529 “fratres
598 2488 631 2538 ;‘'
653 2489 721 2528 ita·
738 2488 1083 2541 intelligendum
1107 2496 1191 2538 est,
1216 2490 1335 2543 quod
1358 2491 1527 2531 usitato
1549 2483 1724 2540 dicitur,
1743 2492 1864 2545 quod

380 2564 540 2591 omnes
565 2551 723 2591 fratres
750 2552 839 2591 sint
865 2552 907 2590 in
937 2551 1148 2592 Domino.

446 2614 548 2671 ’[Ῑῖ]
592 2618 667 2657 Ex
698 2618 766 2658 his
792 2633 970 2671 quoque
996 2626 1210 2660 constare
1236 2625 1391 2672 potest
1417 2621 1600 2673 quinam
1630 2635 1710 2674 per
1738 2622 1862 2663 “sra-

379 2685 472 2720 tres
487 2679 505 2694 ’'
527 2693 553 2719 a
575 2679 771 2719 Domino
795 2679 1120 2732 intelliguntur,
1146 2694 1308 2733 nempe
1331 2694 1489 2721 omnes
1511 2682 1584 2735 qui
1606 2689 1862 2735 agnoscunt

380 2742 546 2795 Ipsum,
575 2755 626 2781 ac
654 2742 697 2781 in
724 2742 844 2782 bono
871 2741 1104 2782 charitatis
1129 2743 1186 2783 ab
1213 2743 1317 2796 Ipso
1344 2750 1462 2791 sunt,
1490 2745 1676 2796 proinde
1703 2746 1776 2798 qui
1804 2745 1863 2786 ab

379 2805 573 2845 ecclesia
610 2804 751 2857 Ipsius
789 2811 905 2844 sunt.
968 2804 1028 2845 Hi
1065 2806 1202 2846 etiam
1239 2819 1317 2859 per
1350 2806 1575 2847 “fratres”
1606 2821 1632 2847 a
1663 2806 1862 2848 Domino

380 2866 695 2919 intelliguntur
720 2867 763 2906 in
790 2867 1080 2920 sequentibus
1106 2867 1216 2908 locis
1234 2867 1443 2921 :—Apud
1468 2868 1645 2918 Lucam,

453 2954 557 2997 Jesus
577 2955 665 3010 dixit
679 2955 728 3039 (ad
742 2954 907 3039 nl³etr>um,
930 2956 1012 2987 “Tu
1031 2956 1172 2997 quando
1192 2966 1384 2988 conversus
1404 2956 1523 2995 fueris,
1544 2957 1715 2989 confirma
1733 2957 1860 2990 fratres

553 3005 632 3030 tuos
692 3009 773 3030 xxii.
792 3007 832 3038 32
860 3010 866 3031 z

2047 2630 2054 2639 .
2023 1825 2054 2596 ’ς-ιω-κῦηκὶιῖμζὶεςώω,ωώοῆιᾈω
2036 1799 2047 1806 ³¹
2032 1769 2044 1782 ⁴·
2043 1741 2048 1746 -
2038 1698 2050 1707 τ
2026 1652 2051 1673 .”“’
2043 1623 2046 1627 >
2043 1566 2046 1567 ¹
2030 1502 2037 1523 ’“
2032 1467 2034 1469 ”
2030 1438 2046 1446 ³
2035 1391 2037 1393 ’
2034 1366 2037 1367 ’
2034 1291 2047 1323 “⁵
2028 1262 2046 1272 .‘
2029 1230 2038 1244 ”
2038 1195 2042 1203 ‘⁴
