2008 3458
605 363 712 397 CAP.
737 363 853 404 xlv„
877 362 1016 395 VERS.
1046 361 1216 394 12.—N.
1241 352 1336 405 895.
1607 357 1720 401 2429

114 474 155 517 ’ί
223 485 331 523 unt:
369 478 473 521 inde
499 483 628 533 patet
654 491 768 532 quae
795 476 1047 518 differentia
1077 482 1146 517 est
1169 475 1296 516 inter
1322 473 1554 527 antiquam
1585 470 1720 512 fidem

223 549 271 584 et
291 540 570 591 hodiernam,
595 553 757 594 nempe
779 541 894 581 sicut
917 540 1033 580 inter
1054 539 1098 579 id
1121 537 1241 592 quod
1263 537 1441 578 videtur
1462 542 1508 576 et
1534 535 1578 576 id
1600 534 1721 589 quod

223 617 316 651 non
339 604 546 656 videtur;
580 610 628 646 at
656 617 704 644 re
729 603 826 656 ipsa
850 615 1004 643 verum
1031 601 1150 656 quod
1179 600 1357 641 videtur
1381 613 1460 640 seu
1485 595 1722 639 intellectu

222 667 398 722 capitur
419 680 509 708 non
536 666 810 708 nominanda
832 673 901 706 est
927 664 1051 713 fides,
1076 664 1155 704 sed
1181 663 1301 717 quod
1325 675 1415 703 non
1437 661 1615 702 videtur
1640 666 1718 700 aut

223 743 314 773 non
336 728 571 772 intellectu
589 730 790 783 capitur;
823 728 926 769 inde
949 735 1018 769 est
1042 727 1161 781 quod
1181 726 1332 779 angeli
1354 726 1396 766 in
1419 723 1720 778 superioribus

224 793 361 836 caelis
383 807 438 835 ne
460 793 642 848 quidem
659 793 891 834 nominare
914 791 1055 832 velint
1078 790 1228 838 fidem,
1248 789 1405 830 vident
1428 789 1548 829 enim
1566 787 1722 828 verum

224 870 286 899 ex
308 869 463 899 amore
485 856 592 898 boni
617 862 664 898 et
689 869 750 897 ex
773 854 872 895 luce
894 855 1001 902 veri,
1027 867 1139 907 quae
1167 854 1210 893 in
1236 852 1323 893 illis
1345 858 1416 893 est
1442 865 1468 892 a
1495 851 1718 901 Domin03

90 917 157 969 '⁴
185 934 190 938 »
225 927 273 963 et
297 919 454 963 dicunt
479 919 600 974 quod
626 919 798 961 fatuum
825 918 882 958 sit
908 916 1043 957 fidem
1070 916 1235 956 habere
1258 915 1389 956 alicui
1411 914 1579 955 dicenti
1602 912 1723 966 quod

224 983 312 1027 hoc
334 989 414 1025 aut
435 982 544 1024 illud
566 982 843 1024 credendum
866 981 938 1030 sit,
963 986 1009 1021 et
1035 993 1125 1020 non
1148 977 1384 1019 intellectu
1406 978 1593 1030 capitur,
1619 989 1723 1016 nam

193 1040 312 1088 who'c
343 1046 457 1088 foret
482 1046 685 1099 cogitare
716 1046 780 1086 ita
810 1058 909 1085 esse
936 1044 1029 1084 sive
1056 1055 1211 1083 verum
1237 1043 1295 1082 sit
1327 1042 1419 1082 sive
1451 1040 1637 1089 falsum;
1677 1045 1724 1080 et

226 1109 409 1152 credere
433 1109 608 1159 falsum,
633 1109 902 1150 damnosum
925 1114 994 1148 est
1015 1120 1023 1146 :
1058 1112 1292 1160 praeterea
1315 1104 1435 1158 quod
1459 1103 1655 1144 creditur
1676 1109 1724 1143 et

214 1171 319 1215 *non
341 1172 532 1222 videtur,
551 1184 634 1214 nec
657 1173 797 1213 intrat
819 1171 1050 1212 hominem
1068 1169 1202 1210 altius
1220 1181 1353 1222 quam
1377 1169 1421 1208 in
1445 1166 1722 1215 memoriam,

191 1239 194 1242 ⁴
226 1235 350 1291 quod
369 1235 410 1277 ei
436 1248 527 1277 non
550 1241 704 1289 potest
725 1233 1014 1289 appropriari.
1076 1232 1188 1273 Inde
1212 1232 1410 1285 sequitur
1433 1229 1552 1284 quod
1575 1230 1725 1283 potius

226 1299 483 1343 omittenda
513 1300 570 1341 sit
601 1313 694 1339 vox
726 1297 842 1347 fidei,
870 1303 917 1338 et
949 1296 1051 1337 loco
1083 1295 1175 1349 ejus
1201 1294 1394 1336 dicenda
1418 1294 1608 1334 veritas:
1647 1292 1726 1333 sed

171 1372 175 1374 ’
229 1376 370 1418 usque
395 1362 517 1418 quod
547 1361 759 1411 creditur,
787 1367 834 1402 et
865 1373 957 1401 non
983 1359 1176 1408 videtur,
1204 1358 1288 1399 hoc
1322 1357 1540 1398 nominari
1573 1361 1727 1409 potest

227 1425 354 1476 fides,
388 1425 468 1467 sed
502 1425 614 1467 haec
651 1424 762 1465 fides
798 1430 869 1465 est
907 1423 1044 1464 modo
1085 1422 1299 1471 scientia;
1343 1427 1413 1461 ast
1451 1426 1499 1460 ut
1537 1420 1727 1474 primum

230 1488 369 1531 homo
400 1487 458 1530 'fit
497 1487 753 1542 spiritualis,
792 1487 912 1542 quod
954 1485 1004 1527 fit
1046 1486 1151 1526 dum
1193 1485 1418 1525 internum
1460 1482 1566 1535 ejus,
1608 1481 1728 1535 quod

229 1551 538 1594 communicat
575 1564 677 1593 cum
718 1550 860 1600 caelo,
898 1550 1109 1603 aperitur,
1145 1555 1252 1589 tunc
1291 1545 1585 1588 scientificum
1618 1544 1727 1586 illud

154 1611 170 1646 -’
229 1614 351 1670 quod
381 1621 572 1657 vocatur
602 1613 714 1656 fides
745 1613 795 1655 fit
826 1614 1006 1662 veritas,
1041 1625 1146 1653 nam
1178 1618 1285 1653 tunc
1318 1625 1377 1651 ex
1410 1610 1508 1650 luce
1545 1623 1568 1650 e
1601 1607 1729 1649 caelo

229 1678 420 1720 videtur.
481 1677 723 1720 Sciendum
746 1683 816 1719 est
839 1677 960 1731 quod
982 1689 1140 1717 omnes
1166 1674 1318 1728 angeli
1343 1680 1389 1715 et
1416 1687 1574 1714 omnes
1599 1672 1727 1725 spiri-

229 1748 305 1784 tus
340 1741 448 1783 boni
486 1740 672 1782 videant
713 1754 820 1781 vera
858 1739 986 1788 caeli,
1020 1740 1135 1780 sicut
1174 1738 1328 1779 oculus
1369 1737 1566 1789 corporis
1603 1735 1729 1775 videt

231 1802 409 1859 objefta
439 1804 607 1853 mundi,
635 1817 740 1846 nam
771 1802 949 1857 objecta
974 1803 1086 1845 caeli
1118 1809 1222 1843 sunt
1249 1815 1354 1842 vera
1385 1800 1470 1841 illis
1501 1799 1575 1854 qui
1602 1799 1728 1852 spiri-

230 1867 378 1911 tuales
408 1874 540 1919 sunt;
583 1881 718 1909 causa
753 1872 825 1909 est
861 1868 965 1922 quia
1001 1864 1259 1908 intellectus
1291 1865 1468 1906 illorum
1505 1870 1574 1904 est
1610 1863 1730 1903 visus

231 1930 475 1986 spiritualis
500 1930 692 1972 illorum.
755 1929 889 1984 Quod
912 1931 1077 1972 veritas
1105 1930 1205 1971 loco
1232 1928 1333 1969 fidei
1356 1926 1630 1968 nominanda
1655 1925 1727 1974 sit,

230 2001 302 2037 est
327 1994 431 2049 quia
456 2007 536 2048 per
559 1994 776 2036 veritates
805 2000 876 2036 est
902 1995 1048 2035 omnis
1075 1992 1378 2046 intelligentia
1403 1997 1449 2031 et
1481 1989 1728 2043 sapientia3

230 2070 311 2112 per
335 2056 471 2099 fidem
492 2063 660 2106 autem,
685 2057 901 2110 imprimis
927 2071 1007 2110 per
1032 2056 1167 2098 fidem
1194 2061 1463 2108 separatam,
1489 2059 1558 2094 est
1585 2052 1730 2094 omnis

231 2121 502 2176 ignorantia,
523 2133 685 2174 nempe
707 2121 751 2161 in
774 2120 1078 2174 spiritualibus
1096 2134 1105 2171 ;
1133 2125 1406 2174 quapropter
1424 2116 1573 2170 angeli
1596 2128 1730 2168 supe-

231 2185 398 2226 riorum
423 2183 652 2226 caelorum
675 2190 888 2225 avertunt
915 2198 962 2225 se
988 2183 1169 2238 quando
1191 2182 1379 2223 audiunt
1401 2179 1562 2229 fidem;
1596 2192 1731 2220 causa

232 2252 318 2297 est,
350 2247 453 2302 quia
483 2259 612 2288 mens
644 2246 823 2288 illorum
855 2254 1087 2288 aversatur
1119 2245 1238 2299 quod
1275 2245 1332 2286 ab
1368 2243 1454 2284 illis
1485 2243 1728 2296 cogitatur,

233 2322 398 2364 nempe
413 2310 535 2364 quod
558 2307 817 2351 intellectus
835 2309 1134 2363 captivandus
1151 2309 1207 2349 sit
1226 2308 1308 2348 sub
1326 2307 1583 2348 obedientia
1601 2305 1702 2346 fidei
1719 2319 1729 2356 ;

233 2380 282 2416 et
294 2387 388 2415 non
409 2373 561 2414 videre
579 2386 686 2414 vera
702 2373 817 2414 foret
835 2373 1129 2426 exstinguere
1148 2372 1293 2412 lucem
1312 2370 1423 2411 caeli
1447 2371 1490 2410 in
1508 2382 1594 2423 qua
1609 2374 1728 2417 sunt,

234 2443 283 2479 et
313 2449 428 2491 quae
452 2435 572 2490 apud
603 2435 731 2477 illos:
770 2436 988 2476 mirantur
1019 2435 1156 2476 etiam
1189 2434 1309 2488 quod
1341 2433 1551 2474 credatur
1582 2445 1608 2472 a
1638 2431 1732 2484 qui-

233 2499 426 2541 busdam
448 2499 570 2553 quod
595 2497 707 2540 fides
729 2497 1048 2540 intellectualis
1070 2511 1160 2538 non
1187 2498 1244 2538 sit
1271 2495 1525 2550 spiritualis,
1550 2494 1732 2548 quando

235 2561 314 2604 illa
344 2560 455 2603 fides
485 2568 556 2604 est
582 2563 774 2613 veritas;
818 2575 919 2603 cum
951 2560 1062 2602 fides
1088 2561 1256 2614 absque
1287 2556 1520 2601 intellectu
1550 2557 1640 2609 ejus
1673 2557 1731 2598 sit

234 2623 348 2666 fides
373 2624 600 2676 historica,
628 2626 731 2680 quia
761 2625 820 2667 ab
846 2624 949 2674 alio,
978 2637 1091 2678 quae
1122 2624 1165 2664 in
1193 2636 1239 2664 se
1267 2619 1471 2676 speetata
1497 2626 1566 2661 est
1593 2619 1731 2661 modo

236 2687 441 2734 scientia.
1045 2678 1053 2687 '
