2098 3476
414 376 519 420 1912
822 374 1152 408 APOCALYPSIS
1184 374 1480 407 EXPLICATA.

411 506 606 536 versum
633 489 816 542 orbem,
843 487 1086 552 projeetus
1113 499 1186 536 est
1223 489 1271 536 in
1308 499 1502 541 terram,
1529 497 1577 535 et
1609 486 1767 551 angeli
1794 487 1896 548 ejus

407 582 521 618 ,cum
549 564 628 611 illo
654 563 857 628 projeeti
883 576 1006 612 sunt.

485 661 555 693 10.
606 647 667 693 Et
708 648 868 694 audivi
906 665 1076 695 vocem
1110 665 1342 711 magnam
1379 648 1621 695 dicentem
1666 648 1711 694 in
1749 647 1894 700 caelo,

409 721 455 767 N
462 739 554 769 unc
578 721 705 770 faeta
729 734 802 770 est
825 723 951 770 salus
977 735 1026 771 et
1058 724 1274 786 potentia
1299 734 1348 770 et
1372 740 1578 787 regnum
1606 723 1702 770 Dei
1729 723 1894 775 nostri,

408 809 458 845 et
491 810 706 860 potestas
733 799 910 847 Christi
939 800 1108 862 Ipsius,
1135 800 1246 862 quia
1270 799 1514 863 projeetus
1540 810 1615 847 est
1644 810 1892 847 accusator

407 873 606 921 fratrum
642 885 931 930 nostrorum,
966 892 1196 923 accusans
1233 875 1336 922 illos
1371 893 1533 923 coram
1574 876 1687 923 Deo
1726 886 1894 923 nostro

407 949 511 996 dies
537 961 585 997 et
611 949 796 998 noetes.

481 1049 551 1079 11.
602 1033 663 1079 Et
699 1033 761 1080 illi
799 1034 1019 1081 vicerunt
1051 1051 1163 1081 eum
1202 1051 1290 1096 per
1327 1034 1616 1097 sanguinem
1655 1034 1805 1098 Agni,
1842 1045 1893 1082 et

405 1125 492 1170 per
520 1110 723 1156 verbum
756 1110 1018 1157 testimonii
1053 1110 1253 1164 illorum,
1280 1121 1329 1157 et
1361 1127 1458 1158 non
1493 1110 1766 1158 dilexerunt
1790 1111 1890 1158 ani-

405 1201 534 1231 mam
560 1203 696 1232 suam
723 1203 876 1248 usque
902 1186 964 1233 ad
990 1197 1212 1233 mortem.

479 1285 549 1315 12.
600 1269 803 1331 Propter
822 1268 913 1316 hoe
930 1269 1158 1332 gaudete.
1179 1269 1309 1322 caeli,
1337 1280 1386 1316 et
1411 1269 1458 1315 in
1485 1268 1572 1316 illis
1591 1269 1892 1318 habitantes:

405 1361 497 1391 vae
523 1344 848 1391 habitantibus
865 1355 1042 1392 terram
1069 1355 1117 1391 et
1142 1362 1288 1398 mare,
1310 1345 1424 1407 quia
1448 1345 1697 1392 descendit
1722 1345 1889 1392 diabo-

405 1419 479 1466 lus
503 1420 564 1466 ad
589 1437 689 1473 vos,
711 1419 894 1467 habens
920 1420 1036 1467 iram
1061 1437 1305 1484 magnam,
1326 1421 1482 1467 sciens
1503 1420 1635 1483 quod
1657 1421 1891 1484 exiguum

403 1505 599 1558 tempus
624 1495 816 1543 habeat.

477 1593 547 1638 13.
597 1578 659 1624 Et
694 1596 802 1625 cum
836 1578 956 1625 vidit
993 1578 1139 1626 draco
1174 1579 1307 1641 quod
1340 1578 1585 1643 projeetus
1621 1579 1668 1626 in
1701 1590 1891 1633 terram,

403 1664 686 1715 persecutus
711 1665 784 1701 est
810 1654 1062 1701 mulierem
1088 1672 1214 1717 quae
1239 1656 1430 1718 peperit
1455 1655 1619 1702 filium.

477 1752 547 1795 14.
599 1737 661 1784 Et
693 1737 835 1784 datae
870 1737 1058 1784 mulieri
1092 1738 1220 1785 duae
1246 1738 1350 1785 alae
1380 1738 1566 1801 aquilae
1592 1756 1814 1803 magnae,
1841 1750 1893 1786 ut
1935 1799 1948 1805 .,

404 1811 590 1860 volaret
626 1814 671 1860 in
711 1814 958 1861 desertum
996 1814 1042 1860 in
1079 1813 1237 1862 locum
1274 1832 1428 1868 suum,
1466 1815 1546 1862 ubi
1582 1815 1792 1863 aleretur
1827 1815 1891 1862 ibi

402 1898 596 1951 tempus
621 1900 670 1936 et
698 1900 921 1952 tempora
946 1901 994 1937 et
1023 1890 1273 1937 dimidium
1299 1892 1544 1953 temporiS,
1569 1908 1598 1938 a
1632 1891 1753 1939 facie
1789 1909 1888 1939 ser-

407 1965 581 2025 pentis.

478 2048 548 2093 15.
597 2048 660 2094 Et
701 2034 842 2111 ejecit
882 2065 1084 2111 serpens
1126 2059 1237 2111 post
1279 2048 1530 2096 mulierem
1574 2067 1636 2097 ex
1673 2067 1758 2098 ore
1799 2067 1889 2098 suo

402 2139 578 2185 aquam
605 2134 836 2186 tanquam
863 2125 1058 2178 flumen,
1086 2136 1136 2171 ut
1169 2124 1291 2172 illam
1322 2142 1350 2172 a
1384 2125 1582 2173 flumine
1607 2126 1888 2189 absorptam

405 2198 594 2246 faceret.

478 2285 548 2327 16.
599 2282 661 2328 Et
690 2283 871 2345 adjuvit
902 2293 1029 2329 terra
1061 2282 1326 2336 mulierem,
1361 2294 1410 2330 et
1447 2285 1635 2346 aperuit
1672 2294 1800 2332 terra
1831 2303 1887 2333 os

403 2374 559 2410 suum,
589 2368 638 2404 et
670 2357 924 2421 deglutivit
960 2358 1142 2406 flumen
1177 2359 1309 2421 quod
1345 2360 1486 2423 ejecit
1521 2359 1669 2407 draco
1705 2378 1767 2408 ex
1804 2378 1888 2409 ore

404 2449 508 2479 suo.

476 2527 546 2573 17.
596 2515 659 2562 Et
696 2516 840 2562 iratus
875 2526 948 2563 est
985 2516 1128 2563 draco
1158 2527 1324 2564 contra
1360 2517 1625 2571 mulierem,
1660 2529 1710 2566 et
1738 2519 1888 2566 abivit

404 2591 560 2638 facere
597 2591 775 2638 bellum
812 2609 920 2638 cum
959 2591 1152 2654 reliquis
1191 2593 1388 2640 seminis
1425 2595 1544 2658 ejus,
1583 2595 1885 2643 observanti-

402 2668 493 2713 bus
541 2668 771 2715 mandata
814 2668 922 2721 Dei,
967 2679 1016 2715 et
1062 2668 1354 2716 habentibus
1401 2671 1730 2717 testimonium
1769 2671 1884 2734 Jesu

405 2741 598 2790 Christi.

481 2826 535 2871 18
570 2837 628 2881 [B.
645 2841 687 2872 A.
705 2840 774 2871 xiii.
795 2837 843 2881 1].
883 2825 944 2872 Et
967 2826 1078 2873 steti
1103 2843 1248 2889 supra
1272 2843 1469 2874 arenam
1495 2828 1652 2876 maris.
