2008 3458
580 407 687 441 CAP.
711 408 827 450 xm,
851 409 990 442 VERs.
1019 409 1190 442 10.—-N.
1214 400 1309 454 887.
1576 409 1683 454 2417

192 531 300 573 pere
315 518 623 563 characterem
638 535 771 575 super
787 522 932 564 fronte
945 522 964 538 ’‘
981 521 1258 576 significatur
1274 535 1425 564 amare
1447 521 1537 571 illa,
1557 528 1602 564 et
1625 523 1687 564 sic

193 595 442 636 agnoscere
460 597 540 637 pro
555 585 773 626 ecclesiae
796 586 939 635 bonis,
956 599 1060 627 nam
1078 590 1102 607 ‘⁴
1115 586 1258 627 frons”
1273 585 1496 640 significat
1518 585 1687 627 bonum

191 644 361 685 amoris
391 655 552 694 (videatur
570 665 676 695 supra,
692 666 722 686 n.
735 651 851 698 427),
874 646 945 687 hic
977 660 1232 700 agnoscere
1263 647 1385 687 mala
1414 660 1497 700 pro
1526 647 1686 697 bonis;

192 714 240 750 et
280 721 361 762 per
403 710 644 763 “accipere
685 709 990 752 characterem
1032 725 1165 764 super
1206 711 1371 752 manu’'
1411 710 1689 765 significatur

189 784 440 825 agnoscere
458 772 570 814 salsa
586 772 702 814 illius
726 772 828 814 fidei
851 787 931 827 pro
949 775 1064 815 veris
1081 774 1313 823 ecclesiae,
1333 787 1437 815 nam
1458 778 1483 795 ⁴‘
1499 774 1688 815 manus”

190 834 404 878 dicuntur
427 837 484 878 de
509 837 627 877 veris
658 847 818 887 (videatur
832 857 938 886 supra,
954 858 986 878 n.
1006 839 1132 891 298);
1169 839 1274 879 inde
1301 845 1429 892 patet
1455 839 1577 893 quod
1608 853 1688 893 per

192 897 436 951 “accipere
454 896 762 940 characterem
785 913 916 952 super
938 900 1083 941 fronte
1106 906 1183 941 aut
1206 914 1339 953 super
1356 900 1531 950 manu,''
1548 901 1687 954 signi-

190 958 351 1002 ficatur
381 961 580 1014 recipere
611 975 671 1002 ex
708 963 940 1015 agnitione
972 962 1091 1003 mala
1122 961 1353 1004 doctrinae
1386 964 1442 1005 de
1474 963 1570 1005 sola
1601 963 1688 1005 fide

171 1035 272 1077 >pro
297 1023 428 1065 bonis
453 1024 685 1074 ecclesiae,
711 1033 756 1066 et
783 1025 893 1066 falsa
915 1026 1008 1079 ejus
1030 1039 1111 1079 pro
1133 1027 1248 1067 veris
1271 1026 1502 1068 ecclesiae.
1564 1027 1687 1069 Dici-

171 1092 276 1136 tur,
294 1093 382 1140 pro
401 1087 602 1129 ecclesiae
623 1087 746 1129 bonis
772 1095 851 1129 aut
867 1095 955 1142 pro
978 1089 1179 1130 ecclesiae
1202 1090 1336 1139 veris,
1361 1091 1464 1144 quia
1486 1098 1588 1132 sunt
1615 1093 1688 1146 qui

188 1147 324 1190 fidem
361 1149 499 1200 illam,
542 1165 655 1205 quae
697 1165 776 1204 per
810 1151 1072 1193 “bestiam”
1104 1152 1394 1206 significatur,
1433 1161 1602 1203 amant,
1641 1162 1688 1196 et

187 1219 295 1255 sunt
331 1213 404 1268 qui
439 1213 575 1255 fidem
611 1214 735 1255 illam
773 1228 854 1268 pro
886 1215 1105 1256 ecclesiae
1137 1230 1244 1256 vero
1276 1223 1557 1268 agnoscunt;
1602 1217 1687 1258 hoc

187 1275 356 1318 faciunt
396 1277 623 1330 simplices
663 1279 737 1332 qui
777 1277 900 1319 illam
940 1277 1074 1320 fidem
1115 1279 1350 1332 recipiunt,
1389 1279 1498 1320 illud
1535 1287 1687 1321 autem

170 1340 351 1381 ¹eruditi
372 1341 446 1395 qui
467 1340 719 1394 gloriantur
741 1355 799 1382 ex
823 1342 1090 1391 eruditione,
1110 1342 1212 1396 quia
1229 1341 1562 1395 justificationis
1584 1357 1687 1397 gra-

189 1402 277 1444 dus
312 1403 357 1444 in
389 1403 556 1445 scholis
588 1404 855 1453 didicerunt,
890 1418 941 1446 ac
974 1405 1078 1446 inde
1109 1406 1398 1446 crediderunt
1431 1405 1550 1459 quod
1583 1419 1688 1459 prae

148 1465 327 1520 „vulgo
350 1473 587 1520 saperent;
621 1474 718 1508 tum
741 1469 879 1509 etiam
901 1468 964 1508 illi
990 1469 1063 1522 qui
1090 1468 1259 1510 mundo
1285 1475 1331 1510 et
1358 1469 1493 1522 genio
1515 1470 1686 1517 vivunt,

190 1535 239 1571 et
262 1543 403 1584 usque
429 1543 509 1583 per
533 1531 655 1572 vices
687 1531 743 1572 de
776 1532 870 1573 vita
901 1538 1088 1573 aeterna
1113 1533 1336 1586 cogitant,
1364 1545 1469 1573 nam
1501 1532 1546 1573 hi
1578 1546 1687 1574 con-

186 1591 368 1635 firmant
393 1594 533 1635 vitam
560 1607 686 1635 suam
714 1608 792 1647 per
817 1593 966 1636 fidem.
1021 1625 1025 1633 .

266 1654 398 1720 '887-
429 1675 535 1715 [Vm.
554 1677 616 1715 10.]
646 1666 724 1706 “Et
748 1666 816 1707 ille
846 1666 954 1708 bibet
978 1679 1033 1708 ex
1052 1666 1137 1708 vino
1159 1667 1250 1708 irae
1268 1665 1352 1708 ‘oei
1369 1667 1493 1708 mixto
1514 1681 1628 1709 mero
1651 1668 1690 1708 in

182 1725 332 1779 poculo
353 1726 728 1767 “canusso-entiae
757 1727 1124 1780 lpsius.''—Quod
1155 1727 1383 1781 significet
1413 1729 1687 1781 appropria-

187 1786 346 1828 tionem
350 1787 478 1840 falsi
488 1794 530 1828 et
541 1788 642 1829 inde
654 1788 776 1838 mali,
791 1788 1008 1843 coizjunai
1019 1803 1113 1830 cum
1118 1789 1387 1844 falszficatz‘s
1401 1790 1520 1831 veris
1534 1804 1689 1831 sensus

187 1849 364 1891 litterae
398 1850 542 1900 Verbi,
571 1857 754 1892 constat
781 1866 839 1893 ex
867 1851 1197 1906 significatione
1227 1852 1458 1901 “bibere,”
1484 1853 1603 1907 quod
1631 1854 1688 1894 sit

187 1911 392 1954 imbuere
409 1918 456 1954 et
473 1914 767 1967 appropriare
785 1913 869 1954 sibi
887 1925 942 1962 (de
956 1933 1022 1962 qua
1035 1933 1141 1963 supra,
1154 1934 1185 1955 n.
1199 1914 1437 1967 617[a,c-c]);
1469 1929 1529 1955 ex
1547 1915 1687 1968 signi-

187 1975 400 2018 ficatione
435 1977 601 2026 “vini‚‘’
633 1978 754 2031 quod
785 1978 843 2019 sit
875 1992 1030 2019 verum
1063 1992 1122 2019 ex
1154 1978 1290 2028 bono,
1324 1985 1370 2020 et
1402 1980 1445 2020 in
1478 1979 1689 2032 opposito

187 2053 325 2082 sensu
341 2041 504 2082 falsum
522 2055 582 2082 ex
601 2041 723 2082 malo
739 2052 793 2090 (de
806 2062 880 2090 qua,
894 2062 924 2083 n.
938 2042 1035 2095 376)
1054 2056 1062 2093 ;
1089 2056 1149 2083 ex
1168 2042 1503 2096 significatione
1519 2044 1689 2092 “irae,”

187 2103 309 2156 quod
331 2103 388 2144 sit
412 2102 594 2153 malum,
612 2104 715 2157 quia
736 2103 821 2145 hoe
843 2104 1048 2145 irascitur
1069 2104 1205 2153 bono,
1229 2111 1275 2145 et
1298 2104 1394 2146 vult
1418 2104 1687 2146 destruffio-

188 2179 294 2208 nem
311 2167 406 2220 ejus
424 2178 479 2217 (de
494 2187 569 2216 qua,
585 2187 616 2209 n.
632 2168 728 2221 693,
745 2178 844 2222 754)
863 2183 871 2219 ;
898 2173 923 2189 ‘⁴
937 2169 1001 2209 ira
1020 2168 1138 2210 Dei”
1153 2169 1333 2218 dicitur,
1349 2175 1396 2210 at
1415 2170 1689 2223 intelligitur

186 2229 253 2270 ira
277 2236 438 2270 contra
460 2229 622 2279 Deum,
651 2231 766 2271 sicut
793 2230 993 2284 pluribus
1025 2231 1068 2271 in
1086 2230 1211 2272 locis
1243 2231 1317 2271 ubi
1350 2231 1557 2272 tribuitur
1589 2231 1689 2273 Deo

186 2286 253 2330 ira
274 2295 322 2331 et
343 2291 752 2339 excandescentia,
776 2297 822 2332 et
848 2291 892 2332 in
914 2304 1085 2345 genere
1107 2292 1278 2332 malum
1301 2303 1461 2341 (videatur
1475 2312 1508 2333 n.
1525 2294 1604 2344 481
1624 2303 1688 2338 fin„

186 2349 315 2402 647);
346 2350 418 2392 hic
449 2351 605 2405 itaque
632 2365 711 2404 per
739 2351 932 2392 “bibere
957 2353 1111 2392 vinum
1138 2353 1230 2393 irae
1262 2352 1380 2393 Dei'’
1406 2352 1689 2406 significatur

188 2412 394 2454 imbuitio
419 2419 466 2454 et
497 2414 804 2467 appropriatio
830 2413 928 2454 falsi
959 2420 1006 2455 et
1038 2414 1141 2455 inde
1169 2414 1299 2455 mali:
1338 2415 1458 2468 quod
1485 2415 1688 2456 imbuitio

187 2481 235 2516 et
259 2477 566 2531 appropriatio
589 2477 694 2517 mali
717 2475 793 2517 fiat
820 2490 899 2530 per
924 2476 1059 2518 fidem
1085 2484 1342 2530 separatam
1370 2492 1395 2518 a
1421 2478 1551 2518 bonis
1579 2491 1688 2531 ope-

188 2537 324 2588 ribus,
356 2545 427 2580 est
463 2540 567 2593 quia
607 2540 713 2580 dum
754 2540 873 2581 bona
909 2540 1044 2589 vitae,
1078 2554 1192 2594 quae
1229 2547 1333 2581 sunt
1374 2541 1495 2582 bona
1535 2554 1686 2594 opera,

188 2607 453 2656 separantur
484 2603 599 2644 sicut
631 2616 722 2644 non
750 2602 1055 2656 justificantia,
1089 2604 1153 2644 ita
1185 2617 1275 2644 non
1308 2604 1545 2652 salvantia,
1579 2610 1687 2645 tunc

189 2664 292 2706 loco
312 2663 490 2706 illorum
512 2666 760 2707 succedunt
784 2666 930 2716 mala;
963 2679 1068 2706 nam
1091 2673 1310 2720 quantum
1333 2667 1453 2707 bona
1471 2667 1688 2708 recedunt

190 2733 371 2769 tantum
403 2727 523 2769 mala
554 2730 740 2777 intrant,
772 2732 946 2770 “nemo
978 2729 1096 2770 enim
1130 2729 1296 2770 servire
1328 2735 1481 2782 potest
1513 2729 1688 2770 duobus

191 2791 424 2841 dominis,”
461 2805 623 2845 nempe
658 2792 779 2833 malo
820 2799 866 2834 et
903 2792 1025 2834 bono
1061 2792 1218 2843 simul;
1261 2807 1320 2833 ex
1358 2792 1687 2846 significatione

192 2855 407 2896 “misceri
432 2855 595 2903 mero‚''
622 2855 742 2909 quod
769 2856 827 2897 sit
854 2854 1065 2909 conjungi
1090 2855 1337 2896 falsificatis
1363 2857 1492 2903 veris,
1517 2856 1574 2897 de
1600 2870 1688 2910 qua

189 2918 414 2972 sequitur3
458 2932 517 2959 ex
554 2917 883 2971 significatione
922 2917 1148 2972 “poculi,''
1185 2919 1304 2972 quod
1346 2919 1404 2960 sit
1446 2925 1687 2960 externum

189 2982 428 3023 continens
464 2982 570 3030 veri,
609 2983 672 3022 ita
709 2981 912 3022 Verbum
953 2983 996 3022 in
1032 2995 1167 3023 sensu
1202 2982 1380 3023 litterae
1418 2982 1542 3036 ejus;
1585 2997 1686 3024 cum

189 3046 309 3087 enim
354 3059 433 3100 per
476 3045 700 3087 “vinum’‘
741 3045 1018 3099 significatur
1061 3059 1230 3095 verum,
1278 3059 1356 3100 per
1403 3046 1687 3100 “poculum”
