2098 3476
456 348 559 401 1988
859 357 1190 391 APOCALYPSIS
1221 359 1518 393 EXPLICATA.

448 470 752 511 dominabitur
777 470 839 511 illi
857 470 890 522 ;''
922 485 1000 524 per
1028 472 1236 513 “virum’'
1262 473 1536 526 significatur
1566 474 1636 515 hic
1669 480 1718 516 ut
1748 474 1928 517 alibi-ih

448 532 603 573 Verbo
625 547 777 574 verum
801 533 1016 574 ecclesiae
1035 548 1044 584 ;
1077 535 1196 588 quod
1219 548 1297 587 per
1317 549 1422 576 vera
1444 542 1489 577 et
1511 550 1590 589 per
1606 537 1746 578 vitam
1766 549 1925 579 secun-

450 594 556 635 dum
583 595 658 635 illa
690 596 825 636 homo
850 596 1114 636 reformetur
1139 602 1184 637 et
1210 605 1512 650 regeneretur,
1540 612 1671 652 supra
1696 606 1927 641 ostensum

448 663 531 697 est.
594 657 668 697 Ex
696 658 762 697 his
790 671 904 698 nunc
931 665 1139 699 constare
1170 666 1321 712 potest
1348 660 1465 713 quod
1498 674 1576 713 per
1603 660 1928 715 “conceptus‚’'

450 722 476 739 “
491 719 683 772 partus,'‘
713 721 1013 761 “nativitates
1026 720 1043 735 ”
1065 727 1111 762 et
1136 723 1520 775 “generationes”
1541 724 1585 763 in
1610 723 1766 765 Verbo
1790 723 1927 777 signi-

448 788 638 829 ficentur
656 796 916 842 conceptus,
936 796 1102 842 partus,
1122 791 1382 832 nativitates
1400 797 1445 832 et
1467 793 1783 847 generationes
1801 792 1927 845 spiri-

447 851 607 891 tuales.

525 920 643 964 722.
679 916 702 934 ‘¹
720 912 770 952 vt
807 916 1020 965 postquam
1059 913 1281 966 pepenerit,
1320 914 1445 954 fetum
1490 914 1578 968 ejus
1618 914 1929 955 devonarot.'¹--

448 971 582 1024 Quod
609 973 830 1026 significet
862 980 910 1014 ut
940 974 1212 1015 destruerent
1235 975 1480 1016 doc‘lrz'nam
1511 975 1632 1016 illius
1656 974 1855 1016 ecclesiae
1881 974 1928 1016 in

440 1035 590 1089 primo
626 1037 717 1089 ejus
753 1043 866 1085 ortu,
901 1043 1081 1078 constat
1118 1051 1176 1078 ex
1214 1037 1538 1090 significatione
1573 1037 1764 1087 “fetus‚”
1795 1050 1927 1092 quem

447 1098 604 1139 mulier
635 1099 831 1151 paritura
862 1105 996 1148 esset,
1030 1099 1149 1152 quod
1189 1101 1245 1140 sit
1282 1098 1485 1141 doctrina
1523 1100 1766 1151 ecclesiae;
1807 1099 1927 1154 quod

445 1161 557 1202 haec
598 1161 880 1214 intelligatur
919 1175 998 1214 per
1040 1161 1216 1202 “filium
1253 1162 1530 1203 masculum''
1566 1176 1698 1216 quern
1737 1163 1925 1216 peperit,

445 1224 672 1264 videbitur
702 1225 745 1264 in
778 1224 966 1264 articulo
997 1238 1105 1265 mox
1138 1231 1382 1278 sequente:
1426 1231 1472 1266 et
1508 1239 1567 1266 ex
1602 1224 1928 1278 significatione

449 1286 740 1334 “devorare,''
758 1287 876 1340 quod
895 1287 952 1327 sit
975 1287 1232 1338 destruere;
1265 1287 1523 1340 praedicata
1545 1289 1663 1328 enim
1681 1293 1927 1341 sequuntur

445 1362 525 1389 sua
555 1348 781 1420 subje&a;
819 1363 954 1403 quum
989 1349 1192 1390 “draco‘’
1222 1356 1291 1390 est
1323 1348 1583 1402 subjectum,
1616 1356 1724 1391 tunc
1755 1349 1928 1403 praedi-

446 1419 597 1454 catum
626 1413 719 1465 ejus
751 1419 819 1453 est
849 1412 1140 1462 “devorare,”
1166 1419 1213 1454 at
1244 1426 1344 1454 cum
1377 1411 1580 1454 doctrina
1610 1412 1826 1454 ecclesiae
1856 1418 1926 1453 est

445 1474 709 1528 subjectum,
738 1482 843 1516 tunc
877 1476 1182 1528 praedicatum
1213 1475 1305 1528 ejus
1336 1481 1405 1516 est
1437 1476 1694 1526 destruere3
1726 1474 1830 1516 inde
1854 1480 1925 1518 est

445 1539 565 1591 quod
583 1538 813 1579 destruere
831 1538 901 1579 hic
920 1551 997 1590 per
1017 1541 1042 1558 “
1055 1537 1301 1578 devorare’'
1319 1537 1619 1591 significetur;
1651 1537 1772 1591 quod
1788 1537 1926 1590 signi·
1960 1534 1962 1537 ’

404 1633 407 1635 .
445 1600 602 1640 ficetur
628 1601 860 1641 destruere
892 1602 935 1640 in
967 1601 1110 1653 primo
1142 1600 1234 1653 ejus
1260 1606 1374 1649 ortu,
1403 1606 1471 1641 est
1497 1601 1599 1654 quia
1624 1600 1783 1640 dicitur
1805 1598 1926 1652 quod
1984 1608 1987 1609 ’

447 1665 473 1683 “
488 1669 729 1716 postquam
752 1663 908 1704 mulier
929 1663 1165 1715 pepererit,
1184 1663 1323 1703 fetum
1345 1662 1437 1715 ejus
1459 1661 1732 1704 devoraret.'‘
1791 1660 1925 1714 Quod

447 1728 472 1746 “
488 1726 704 1766 devorare
717 1725 736 1740 ’'
754 1732 799 1766 et
822 1726 1097 1766 “comedere
1112 1725 1131 1740 ’'
1153 1726 1288 1766 etiam
1311 1725 1414 1765 alibi
1436 1724 1657 1778 significet
1678 1723 1922 1773 destruere,

444 1789 625 1841 quando
657 1789 819 1828 dicitur
850 1788 904 1828 de
939 1787 1118 1836 “feris‚’'
1149 1801 1226 1840 per
1257 1801 1366 1841 quas
1397 1786 1702 1841 significantur
1731 1786 1842 1828 falsa
1877 1792 1924 1829 et

444 1850 577 1900 mala,
606 1857 787 1891 constat
814 1850 931 1903 apud
956 1849 1238 1899 Ezechielem,
1313 1860 1318 1862 “

510 1940 528 1953 “
540 1939 698 1971 Surrexit
717 1949 808 1970 unus
826 1939 869 1970 de
886 1938 1010 1970 catulis
1021 1937 1039 1950 ''
1050 1938 1174 1976 leonis,
1187 1938 1245 1978 qui
1254 1939 1276 1960 ι’·
1284 1937 1425 1978 juvenis
1442 1937 1498 1969 leo
1511 1935 1626 1969 faetus
1639 1936 1726 1977 est‚”
1739 1937 1798 1979 qui
1809 1938 1828 1952 “
1837 1937 1925 1970 didi-

616 1984 662 2014 cit
679 1993 802 2023 rapere
820 1982 990 2022 rapinam,
1007 1982 1189 2012 hominem
1206 1980 1419 2012 devoravit''
1436 1981 1518 2022 (xix.
1537 1989 1566 2020 3,
1583 1981 1637 2021 6):

445 2070 711 2112 “hominem
744 2071 959 2111 devorare
975 2069 993 2085 ”
1022 2069 1244 2122 significat
1273 2067 1552 2110 intellectum
1584 2068 1676 2109 veri
1706 2081 1757 2110 ac
1787 2066 1923 2110 i'ntel-

443 2132 678 2186 ligentiam
705 2133 948 2173 destruere.
1009 2131 1146 2184 Apud
1171 2131 1430 2180 Hosclzeam,

509 2221 729 2253 “Occurram
748 2221 816 2252 illis
834 2222 923 2252 sicut
940 2230 1043 2252 ursus
1061 2221 1204 2252 orbatus
1208 2244 1319 2258 ......
1327 2226 1362 2251 et
1381 2220 1565 2252 comedam
1585 2229 1663 2252 eos.
1677 2220 1783 2253 .sicut
1801 2220 1924 2253 imma-

616 2265 671 2296 nis
689 2266 754 2302 leo,
773 2265 848 2296 fera
864 2265 940 2304 agri
956 2264 1115 2295 diffindet
1132 2263 1221 2295 eos''
1241 2264 1324 2303 (xiii.
1343 2264 1396 2303 8);

441 2341 560 2395 apud
584 2341 825 2390 Danielem,

508 2418 526 2431 ‘⁸
539 2416 628 2448 Ecce
646 2416 798 2447 bestia..
812 2415 954 2447 similis
973 2414 1079 2453 urso,’
1083 2414 1162 2446 'cui
1181 2415 1281 2447 “tres
1300 2420 1420 2446 costae
1440 2415 1476 2446 in
1495 2425 1557 2446 ore
1577 2415 1669 2447 inter
1687 2414 1847 2454 dentes,”
1865 2415 1922 2448 cui

614 2458 759 2497 dietum,
781 2460 930 2499 “,Surge
948 2459 1082 2490 devora
1101 2468 1243 2490 carnem
1261 2458 1438 2490 multam”
1455 2458 1526 2499 (vii.
1545 2458 1587 2499 5).

442 2548 715 2589 Praeterea
704 2561 748 2587 1n
771 2529 924 2599 lingua
947 2546 1157 2587 Hebraea
1178 2545 1362 2587 multis
1351 2559 1395 2586 1n
1418 2545 1527 2586 locis
1549 2545 1708 2587 dicitur
1732 2538 1920 2586 “come—

440 2611 547 2651 dere
558 2610 577 2626 ’'
617 2623 696 2663 pro
737 2622 1013 2657 consumere,
1056 2608 1242 2661 perdere
1286 2614 1332 2648 et
1374 2607 1602 2648 destruere
1622 2607 1758 2650 :—Ut
1802 2606 1920 2660 apud

441 2673 700 2723 Jeremz'am,

508 2762 777 2795 “Comederunt
802 2761 984 2803 Jacobum,
1013 2760 1242 2792 comederunt
1270 2770 1360 2798 eum,
1385 2765 1420 2792 et
1447 2763 1743 2801 consumpserunt
1770 2768 1862 2798 eum,
1885 2763 1919 2792 et

614 2805 850 2838 habitationes
868 2804 944 2845 ejus
962 2804 1220 2837 devastarunt'’
1237 2803 1282 2845 (x,
1300 2811 1339 2843 25
1355 2813 1362 2843 ;
1386 2810 1421 2835 et
1437 2803 1544 2844 alibi).
