2054 3464
365 348 476 390 2026
775 360 1108 394 APOCALYPSIS
1136 362 1432 395 EXPLICATA.

361 470 552 524 amplius
584 478 653 513 est
685 473 786 526 quia
819 488 908 515 non
945 474 1138 516 bonum:
1172 477 1290 530 quod
1327 476 1405 518 ille
1439 483 1586 518 status
1624 476 1843 519 ecclesiae

364 535 662 575 “desertum”
684 536 872 585 dicatur,
894 544 962 578 est
986 539 1088 591 quia
1110 539 1154 579 in
1177 540 1345 580 mundo
1368 539 1601 593 spirituali,
1622 540 1694 580 ubi
1713 553 1841 582 com·

361 604 593 637 morantur
625 597 687 638 illi
714 600 786 652 qui
819 613 908 640 non
941 601 984 640 in
1010 602 1126 641 veris
1153 608 1257 643 sunt
1280 603 1383 655 quia
1415 616 1504 643 non
1537 603 1579 642 in
1611 602 1746 652 bono,
1771 609 1842 644 est

360 660 474 699 sicut
507 660 751 709 desertum,
786 662 857 702 ubi
896 675 984 702 non
1017 663 1155 704 viride
1192 665 1235 704 in
1272 665 1455 717 campis,
1490 678 1570 705 nec
1604 665 1762 706 messis
1798 665 1842 706 in

359 722 491 774 agris,
513 735 593 762 nec
618 723 749 763 arbor
770 722 935 764 fructus
959 726 1002 765 in
1026 725 1183 773 hortis,
1204 727 1282 766 sed
1307 733 1426 767 terra
1449 727 1629 776 sterilis,
1649 727 1773 768 arida
1795 734 1841 769 et

360 785 477 824 sicca
495 798 503 824 ε
524 792 758 837 praeterea
773 800 851 839 per
865 791 890 807 “
905 787 1132 829 desertum
1146 788 1219 829 ”in
1232 788 1386 830 Verbo
1402 789 1680 842 significatur
1693 795 1842 831 status

358 846 580 887 ecclesiae
614 849 732 900 apud
770 855 946 901 gentes,
981 864 1095 903 quae
1131 852 1174 891 in
1212 852 1470 904 ignorantia
1508 853 1599 893 veri
1637 859 1756 901 sunt,
1794 858 1842 894 et

359 923 499 962 usque
531 911 574 950 in
611 911 734 951 bono
762 913 884 953 vitae
920 914 1165 954 secundum
1198 928 1324 954 suurn
1357 915 1629 967 religiosum,
1663 930 1723 956 ex
1754 929 1843 970 quo

358 972 617 1014 desiderant
637 988 741 1014 vera
758 987 766 1014 :
801 981 846 1015 et
865 989 1041 1029 quoque
1059 990 1137 1030 per
1154 980 1178 997 “
1191 967 1419 1018 desertum
1432 977 1451 992 ”
1468 979 1512 1018 in
1532 974 1686 1019 Verb‘o
1703 979 1841 1031 signi-

358 1033 516 1075 ficatur
539 1042 687 1076 status
711 1036 888 1077 illorum
913 1039 985 1091 qui
1008 1039 1051 1078 in
1075 1040 1407 1080 tentationibus
1430 1047 1549 1089 sunt,
1574 1041 1676 1094 quia
1698 1041 1741 1082 in
1773 1040 1842 1082 his

358 1098 477 1138 bona
499 1105 545 1139 et
569 1113 674 1139 vera
696 1099 941 1140 interclusa
963 1107 1067 1142 sunt
1100 1116 1178 1155 per
1200 1101 1319 1142 mala
1350 1108 1397 1143 et
1428 1102 1540 1143 salsa
1562 1117 1677 1156 quae
1697 1116 1840 1144 emer-

358 1167 486 1212 gunt,
507 1167 553 1201 et
572 1162 721 1202 animo
739 1162 1050 1204 obversantur.
1113 1163 1245 1217 Quod
1264 1164 1341 1205 illa
1359 1171 1404 1205 et
1423 1165 1534 1206 haec
1553 1179 1632 1218 per
1651 1165 1840 1207 “deser-

359 1229 455 1263 tum
468 1223 487 1238 ”
510 1225 554 1263 in
578 1224 732 1265 Verbo
755 1225 1078 1277 significentur,
1104 1234 1315 1267 constare
1347 1234 1500 1280 potest
1533 1242 1592 1269 ex
1625 1227 1735 1269 locis
1766 1228 1839 1277 ibi,

359 1286 432 1326 ubi
462 1287 760 1327 “desertum”
786 1288 960 1328 dicitur.

441 1353 523 1406 [b.]
558 1353 691 1406 Quod
701 1355 902 1406 primum
917 1356 1101 1404 attinet,
1118 1370 1282 1410 nempe
1300 1357 1421 1410 quod
1440 1371 1519 1410 per
1538 1361 1563 1378 ‘⁶
1576 1357 1841 1399 desertum”

356 1415 638 1467 intelligatur
661 1421 807 1456 status
831 1416 1051 1458 ecclesiae
1072 1419 1251 1470 quando
1277 1419 1336 1458 ibi
1363 1431 1453 1458 non
1479 1418 1660 1472 aliquod
1686 1432 1841 1460 verum

357 1477 561 1531 amplius,
586 1479 688 1531 quia
715 1492 803 1518 non
830 1479 1011 1527 bonum,
1036 1486 1218 1521 constat
1241 1495 1300 1521 ex
1323 1482 1616 1534 sequentibus
1632 1481 1840 1536 z—-Apud

357 1540 559 1589 Esaiam,

425 1635 548 1667 “Num
566 1636 622 1667 hic
640 1636 693 1667 vir
710 1646 940 1668 commovens
961 1644 1104 1676 terram,
1120 1638 1368 1670 tremefaciens
1389 1649 1510 1679 regna,
1526 1640 1644 1680 posuit
1663 1641 1785 1673 orbem
1806 1641 1842 1672 in

530 1680 718 1718 desertum,
737 1687 771 1712 et
788 1682 892 1712 urbes
909 1681 986 1721 ejus
1004 1682 1176 1713 destruxit
1186 1681 1222 1714 ?'’
1238 1682 1320 1722 (xiv.
1341 1683 1390 1720 16,
1411 1691 1449 1721 17
1463 1684 1485 1723 2)

357 1775 468 1816 haec
510 1775 566 1816 de
607 1775 826 1823 Luciferoy
866 1790 943 1829 per
983 1789 1114 1830 quem
1154 1776 1424 1830 intelligitur
1464 1777 1631 1828 Babel;
1678 1784 1725 1820 et
1764 1793 1843 1833 per

360 1842 683 1878 “commovere
710 1844 890 1886 terram,
920 1839 1210 1880 tremefacere
1236 1853 1389 1892 regna,
1418 1846 1463 1880 et
1491 1854 1657 1892 ponere
1684 1841 1838 1882 orbem

357 1902 401 1940 in
433 1900 702 1949 desertum,”
735 1901 1012 1954 significatur
1043 1902 1273 1942 destruere
1305 1903 1455 1943 omnia
1487 1902 1705 1944 ecclesiae
1735 1917 1841 1945 vera

357 1970 402 2003 et
435 1963 579 2013 bona;
624 1963 814 2004 “terra’'
846 1971 914 2004 est
956 1963 1160 2012 ecclesia,
1198 1964 1406 2017 “regna''
1443 1971 1547 2006 sunt
1587 1979 1692 2006 vera
1731 1966 1838 2019 ejus,

360 2025 547 2066 “orbis”
580 2032 683 2067 sunt
725 2026 844 2066 bona
884 2026 989 2079 ejus,
1024 2039 1074 2066 ac
1110 2027 1376 2067 “desertum
1391 2026 1410 2042 ”
1442 2034 1512 2068 est
1545 2028 1725 2081 quando
1764 2028 1841 2070 illa

357 2102 447 2129 non
475 2095 604 2129 sunt:
640 2103 717 2142 per
746 2089 914 2129 “urbes
941 2089 1034 2141 ejus
1059 2089 1321 2130 destruere”
1344 2090 1653 2142 significantur
1674 2090 1840 2132 (1οᾶτί-

358 2151 505 2202 nalia;
540 2151 712 2191 “urbs'’
735 2151 958 2203 significat
985 2151 1262 2192 doetrinam:
1296 2152 1570 2193 adulteratio
1589 2152 1743 2202 Verbi,
1763 2167 1841 2207 per

358 2227 491 2266 quam
524 2212 727 2254 do&ri11a
759 2221 803 2254 et
837 2215 939 2255 inde
966 2214 1156 2255 ecclesia
1183 2215 1440 2264 destruitur,
1468 2214 1539 2255 hic
1566 2215 1842 2269 significatur

358 2290 437 2329 per
466 2276 757 2316 “Babelem.''
818 2276 956 2329 Apud
983 2277 1189 2326 eundern,

423 2375 563 2415 “Super
587 2381 680 2405 terra
704 2374 824 2414 populi
849 2374 916 2404 mei
947 2375 1049 2414 spina
1072 2375 1182 2406 sentis
1207 2375 1376 2413 ascendit,
1402 2372 1519 2415 [¹]quia
1543 2384 1650 2415 super
1673 2375 1840 2407 omnibus

531 2419 695 2449 domibus
713 2418 875 2454 laetitiae,
893 2418 978 2448 urbe
996 2418 1099 2448 hilari
1114 2427 1120 2454 ;
1146 2428 1227 2448 nam
1246 2418 1414 2457 palatium
1435 2419 1501 2449 erit
1517 2418 1705 2456 desertum,
1723 2418 1842 2450 multi-

530 2462 614 2492 tudo
628 2461 724 2500 urbis
738 2459 905 2491 dereliCta
918 2472 923 2492 :
951 2461 1061 2492 clivus
1075 2467 1110 2492 et
1127 2461 1269 2500 specula
1282 2462 1347 2492 erit
1360 2471 1467 2501 super
1479 2461 1656 2501 speluncis
1674 2462 1710 2492 in
1727 2467 1840 2493 aeter-

531 2515 626 2543 num,
644 2504 811 2544 gaudium
830 2514 1056 2544 onagrorum,
1075 2514 1244 2544 pascuum
1261 2514 1408 2544 gregum
1421 2504 1438 2516 ”
1456 2504 1574 2544 (xxxii.
1595 2513 1643 2543 13,
1663 2504 1734 2544 14):

361 2607 531 2655 “super
562 2608 682 2642 terra
714 2601 864 2654 populi
897 2602 983 2641 mei
1015 2602 1143 2653 spina
1175 2602 1315 2641 sentis
1347 2601 1583 2642 ascendit’'
1614 2601 1838 2654 significat

357 2665 516 2706 falsum
550 2664 655 2704 mali
686 2665 729 2704 in
762 2664 978 2714 ecclesia;
1024 2664 1189 2716 “spina
1220 2663 1392 2704 sentis''
1424 2670 1492 2704 est
1524 2664 1684 2704 salsum
1716 2665 1836 2715 mali,

360 2727 547 2768 “terra''
579 2733 649 2767 est
682 2727 899 2767 ecclesia:
944 2730 1112 2779 “super
1144 2727 1349 2766 omnibus
1381 2726 1586 2767 domibus
1619 2727 1835 2777 laetitiae,

357 2791 464 2830 urbe
487 2789 654 2837 hilaris
672 2788 894 2842 significat
919 2789 991 2829 ubi
1014 2790 1131 2829 bona
1153 2795 1199 2829 et
1222 2802 1326 2829 vera
1348 2787 1580 2829 doffiinae
1601 2803 1659 2830 ex
1683 2789 1837 2831 Verbo

357 2865 457 2892 cum
490 2850 722 2892 affectione
754 2858 936 2904 recepta
969 2858 1097 2892 sunt:
1131 2851 1235 2905 quid
1267 2858 1418 2892 autem
1451 2852 1727 2904 significatur
1760 2868 1837 2907 per

357 2915 475 2967 quod
506 2914 760 2967 “palatium
793 2916 875 2955 erit
908 2915 1150 2963 desertum,
1179 2914 1424 2955 multitudo
1455 2915 1573 2955 urbis
1605 2915 1833 2965 dereli&a‚

357 2977 496 3017 clivus
537 2984 582 3018 et
624 2978 805 3030 specula
847 2992 978 3031 super
1014 2977 1251 3031 speluncis,
1295 2978 1507 3031 gaudium
1548 2972 1834 3032 onagrorum,
