2098 3476
596 372 702 405 CAP.
727 373 829 414 xn„
853 373 992 406 VERs.
1019 373 1164 417 3.-Ν,
1189 364 1348 419 714[c].
1613 377 1721 422 1959

71 510 138 549 4
185 496 188 500 ’
217 485 406 541 gatione
428 490 476 527 et
498 484 729 527 clamare‘'
752 485 979 539 significat
1002 487 1120 528 inter
1141 501 1248 528 vera
1270 493 1316 529 et
1340 502 1479 542 usque
1506 489 1548 529 in
1572 489 1719 539 falsis3

219 548 395 591 “frater
418 548 511 590 fieri
532 549 818 598 draconibus,
843 556 889 590 et
912 550 1061 591 socius
1083 549 1258 591 filiabus
1282 550 1470 600 ululae,”
1493 552 1720 604 significat

214 611 260 653 in
287 610 606 665 conjunctione
633 626 733 653 esse
759 619 806 653 et
834 626 946 653 unus
973 626 1075 654 cum
1102 613 1189 654 illis
1215 614 1288 667 qui
1321 614 1364 654 in
1393 614 1524 654 malis
1550 615 1721 669 absque

215 674 340 717 bono
364 681 484 724 sunt,
509 682 556 716 et
587 676 660 729 qui
692 676 735 716 in
763 675 886 716 falsis
914 676 1084 730 absque
1111 678 1258 727 veris;
1295 677 1554 718 “dracones
1567 678 1586 692 ”
1615 686 1721 720 sunt

216 739 292 794 qui
321 738 694 780 adulteraverunt
727 739 847 779 bona
879 746 925 780 et
958 746 1275 792 perverterunt
1307 740 1384 781 illa
1420 741 1464 781 in
1503 741 1638 791 mala,
1673 748 1720 783 et

218 801 376 844 “filiae
402 802 582 843 ululae‘'
609 809 714 843 sunt
741 803 814 856 qui
841 802 973 843 simul
1000 817 1119 844 vera.
1182 803 1322 858 Apud
1347 804 1581 854 Davidem,

282 891 395 925 “Non
411 892 559 925 recessit
579 898 674 924 retro
692 902 753 924 cor
773 898 948 930 nostrum,
966 898 1001 924 et
1018 892 1211 924 declinavit
1228 903 1373 933 gressus
1392 900 1515 925 noster
1534 904 1555 925 a
1575 894 1634 925 via
1651 900 1720 933 tua,

390 946 473 968 nam
483 937 682 968 contrivisti
694 947 760 968 nos
772 937 805 967 in
817 937 895 967 loco
907 937 1114 975 draconum,
1125 943 1160 968 et
1170 937 1349 969 obduxisti
1361 948 1469 979 super
1479 948 1545 970 nos
1555 939 1720 970 umbram

390 979 546 1012 mortis''
563 980 635 1020 (Ps.
653 981 736 1012 xliv.
758 989 807 1021 19,
822 989 865 1011 20
880 979 939 1022 [B.
957 981 1001 1012 A.
1019 981 1068 1019 18,
1087 978 1176 1022 19]):

158 1119 169 1125 „
202 1069 328 1112 haec
369 1082 548 1123 quoque
593 1069 649 1110 de
691 1068 1050 1110 tentationibus:
1098 1069 1219 1123 quod
1261 1076 1369 1110 tunc
1412 1060 1718 1111 seclusus'ab

213 1133 387 1179 influxu
413 1146 438 1174 e
464 1132 608 1182 caelo,
637 1133 753 1173 sicut
781 1132 1002 1173 sensualis
1029 1132 1182 1180 homo,
1213 1146 1304 1174 non
1331 1134 1584 1186 perceperit
1612 1134 1718 1187 quid

213 1197 384 1239 bonum
415 1202 463 1238 et
495 1196 602 1251 quid
634 1209 804 1244 verum,
841 1194 1122 1248 significatur
1153 1209 1232 1249 per
1263 1196 1383 1250 quod
1414 1196 1577 1236 “Deus
1609 1210 1718 1237 con-

213 1261 391 1304 triverit
427 1273 531 1302 eum
566 1260 610 1300 in
649 1259 752 1300 loco
785 1259 1049 1308 draconum,
1085 1266 1131 1300 et
1170 1259 1414 1300 obduxerit
1453 1273 1586 1313 super
1617 1274 1719 1300 eum

214 1323 422 1366 umbram
454 1324 615 1365 mortis
633 1323 667 1374 ;”
702 1323 869 1364 “locus
902 1323 1151 1364 draconum
1165 1323 1184 1338 ”
1211 1330 1281 1364 est
1309 1324 1382 1364 ubi
1414 1330 1519 1364 sunt
1551 1323 1615 1365 illi
1647 1325 1721 1377 qui

213 1388 438 1439 dracones
465 1393 571 1428 sunt
597 1388 641 1428 in
668 1387 855 1435 inferno,
881 1400 1046 1440 nempe
1069 1387 1143 1440 qui
1167 1400 1303 1428 omne
1330 1387 1500 1427 bonum
1523 1387 1643 1440 apud
1670 1400 1719 1427 se

213 1451 568 1502 destruxerunt;
600 1450 777 1499 falsum,
806 1451 850 1490 in
877 1464 966 1504 quo
992 1450 1128 1491 iidem
1157 1456 1278 1500 sunt,
1307 1456 1498 1491 vocatur
1523 1450 1720 1490 “umbra

214 1514 414 1557 mortis.”
473 1513 613 1568 Apud
640 1514 851 1562 eundem,

281 1604 424 1646 “Super
440 1604 583 1637 leonem
601 1610 637 1636 et
653 1604 815 1645 aspidem
829 1603 994 1640 calcabis,
1009 1601 1273 1635 fflconculcabis
1291 1603 1435 1635 leonem
1449 1610 1485 1635 et
1502 1604 1696 1635 draconem
1711 1613 1720 1641 ;

389 1648 472 1690 quia
492 1648 553 1680 Me
572 1648 762 1685 desiderat,
782 1648 932 1688 eripiam
954 1647 1045 1686 eum,
1067 1648 1232 1679 exaltabo
1252 1658 1344 1686 eum,
1362 1648 1446 1690 quia
1465 1648 1566 1679 novit
1587 1657 1720 1679 nomen

389 1702 510 1725 meum
522 1692 541 1705 ”
557 1692 630 1734 (Ps.
648 1693 714 1724 xci.
731 1701 781 1731 13,
799 1693 872 1732 14);

217 1779 452 1821 destruere
477 1778 592 1820 falsa
617 1779 832 1819 interiora
859 1785 905 1819 et
933 1779 1166 1820 exteriora
1187 1779 1419 1819 vastantia
1440 1792 1548 1819 vera
1569 1778 1719 1819 eccle-

215 1842 324 1892 siae,
364 1841 645 1896 significatur
681 1855 760 1896 per
801 1841 1021 1882 “calcare
1059 1841 1240 1882 leonem
1279 1848 1326 1882 et
1363 1842 1566 1895 aspidem
1586 1841 1619 1892 ;''
1665 1855 1717 1882 ac

217 1905 450 1948 destruere
471 1905 585 1947 falsa
608 1905 824 1947 interiora
846 1911 892 1946 et
916 1906 1147 1946 exteriora
1169 1906 1402 1946 vastantia
1425 1906 1545 1946 bona
1568 1905 1717 1946 eccle-

215 1969 323 2019 siae,
356 1968 638 2023 significatur
668 1982 748 2022 per
781 1968 1090 2010 “conculcare
1123 1968 1303 2009 leonem
1337 1975 1383 2010 et
1416 1969 1662 2010 draconem
1683 1968 1720 2009 :‘’

213 2032 441 2074 abducere
477 2046 504 2074 a
540 2032 677 2081 falsis,
717 2038 764 2073 et
802 2032 968 2072 ducere
1009 2031 1067 2072 ad
1105 2032 1322 2072 interiora
1360 2046 1468 2072 vera
1510 2038 1556 2073 et
1598 2033 1721 2073 bona

214 2094 342 2138 illum
360 2097 434 2152 qui
455 2097 500 2138 in
523 2094 730 2137 doctrina
751 2110 811 2136 ex
830 2094 988 2136 Verbo
1006 2102 1091 2144 est,
1112 2094 1393 2149 significatur
1410 2110 1489 2149 per
1509 2096 1719 2150 “eripere

216 2172 334 2210 eum,
362 2159 572 2202 exaltare
599 2173 717 2207 eum,
746 2157 885 2213 [²]quia
912 2159 1039 2200 novit
1067 2172 1234 2199 nomen
1262 2172 1439 2210 meum;
1476 2162 1501 2179 “
1518 2159 1719 2212 eripere”

213 2221 540 2264 est·abducere
572 2236 599 2264 a
629 2222 766 2271 falsis,
799 2221 1080 2263 “exaltare’'
1113 2229 1184 2263 est
1217 2223 1381 2263 ducere
1414 2222 1471 2263 ad
1503 2223 1720 2263 interiora

214 2299 337 2336 vera,
364 2292 412 2328 et
441 2290 616 2327 “nosse
648 2299 817 2327 nomen
850 2285 1032 2327 meum”
1058 2292 1130 2327 est
1162 2286 1207 2326 in
1239 2284 1446 2327 doetrina
1476 2300 1536 2327 ex
1563 2285 1720 2327 Verbo

215 2363 329 2392 esse.
391 2349 532 2404 Apud
558 2347 886 2399 ¹³¹Malaclzz'am,

279 2439 468 2472 “Esavum
493 2439 577 2472 odio
600 2439 718 2478 habui,
738 2445 774 2471 et
798 2439 902 2480 posui
926 2445 1070 2472 montes
1090 2439 1168 2481 ejus
1189 2440 1406 2478 vastitatem,
1427 2445 1462 2472 et
1485 2440 1720 2472 hereditatem

390 2483 469 2525 ejus
486 2484 700 2516 draconibus
720 2484 853 2515 deserti
864 2483 882 2495 ’¹
899 2483 934 2524 (i.
953 2484 1003 2524 3):

213 2580 293 2622 per
321 2566 592 2608 “Esavum”
615 2566 935 2620 intelliguntur
961 2568 1034 2621 qui
1060 2568 1104 2608 in
1132 2568 1254 2609 bono
1277 2574 1382 2609 sunt
1408 2568 1558 2622 quoad
1585 2575 1718 2610 natu-

213 2629 355 2672 ralem
382 2629 630 2679 hominem,
659 2630 730 2671 hic
758 2631 832 2684 qui
862 2631 907 2671 in
934 2630 1056 2672 malo
1082 2638 1187 2672 sunt
1214 2632 1364 2685 quoad
1391 2632 1517 2672 illum
1539 2646 1547 2682 ;
1582 2646 1719 2686 quare

214 2693 379 2735 dicitur
420 2697 446 2714 ‘⁴
464 2693 665 2734 Esavurn
712 2695 817 2735 odio
863 2694 999 2735 habui
1020 2694 1054 2735 :’'
1093 2696 1214 2748 quod
1260 2695 1553 2737 destruentur
1598 2696 1719 2736 bona

214 2757 381 2798 amoris
414 2756 634 2798 naturalis
666 2757 876 2806 hominis,
911 2758 1191 2811 significatur
1224 2773 1302 2813 per
1331 2759 1502 2800 “Posui
1535 2765 1717 2799 montes

213 2819 307 2873 ejus
332 2821 377 2861 in
402 2821 670 2862 vastitatem
690 2820 723 2871 ;'’
754 2817 875 2875 quod
903 2822 1198 2862 destruentur
1223 2836 1330 2863 vera
1355 2822 1472 2863 illius
1499 2822 1606 2862 boni
1639 2835 1718 2875 per

213 2882 326 2925 salsa
343 2883 564 2924 sensualis
581 2883 792 2932 hominis,
813 2884 1094 2938 significatur
1114 2899 1193 2938 per
1214 2890 1238 2905 ‘⁴
1254 2885 1385 2926 Posui
1408 2885 1716 2926 hereditatem

215 2946 308 3000 ejus
334 2947 607 2989 draconibus
639 2948 845 2990 deserti.”
909 2948 1049 3002 Apud
1074 2948 1363 2997 Ezechielem,

213 3074 218 3079 ⁵
281 3038 300 3052 ⁴⁸
312 3037 401 3070 Ecce
421 3044 547 3071 contra
562 3044 607 3078 te,
628 3039 778 3078 Pharao,
797 3049 859 3071 rex
877 3039 1044 3080 Aegypti,
1063 3040 1169 3071 draco
1187 3040 1255 3079 (vel
1276 3039 1364 3080 cete)
1382 3049 1522 3080 magne,
1536 3039 1593 3080 qui
1611 3040 1716 3071 cubat
