2008 3458
368 387 479 430 2310
779 386 1110 420 APOCALYPSIS
1141 387 1439 420 EXPLICATA.

367 514 473 541 vera
494 514 572 554 per
589 500 916 553 cogitationem
935 506 980 541 et
1003 500 1106 542 inde
1131 499 1382 554 loquelam;
1411 515 1470 542 ex
1493 500 1561 542 his
1579 507 1707 555 patet
1729 501 1849 550 unde

367 569 436 603 est
463 563 581 616 quod
605 562 799 614 Jacobus
826 569 872 603 et
895 563 1126 615 johannes
1151 562 1256 604 diffl
1286 564 1447 604 fuerint
1477 563 1591 604 “filii
1622 563 1846 611 tonitrui.”
1898 570 1905 573 “

369 621 470 663 (Quid
485 625 502 635 ‘⁴
514 627 669 664 fulgura,·'
682 624 698 635 ‘⁴
711 627 850 656 tonitrua
861 627 877 637 '⁹
894 632 925 656 et
938 624 955 635 ‘⁴
967 636 1061 656 voces
1076 627 1092 637 '¹
1109 628 1141 656 in
1150 628 1258 657 Verbo
1273 629 1461 665 significant,
1475 629 1619 658 videatur
1632 629 1728 658 etiam
1742 636 1859 668 supms

365 695 395 715 n.
410 685 502 727 273,
517 685 610 727 702.
625 685 733 726 704.)
781 675 916 727 Quod
935 675 1158 716 Dominus
1176 678 1469 729 assumpserit
1492 677 1690 726 Petrum,
1711 677 1866 730 Jacoffi
1893 722 1899 724 μ

366 737 470 776 bum
498 743 543 777 et
565 737 817 789 Johannem
840 737 884 777 in
907 744 1110 778 montem
1133 751 1232 778 cum
1257 739 1602 779 transformatus
1627 744 1712 788 est,
1737 752 1847 781 con·
1878 750 1881 751 ’
1916 739 1918 742 ’

365 805 457 839 stat
490 800 607 851 apud
638 799 842 839 Marcum
875 798 991 852 (cap.
1025 801 1085 840 ix,
1120 800 1180 853 2),
1215 807 1261 840 et
1294 801 1410 853 apud
1442 801 1606 841 Lucam
1639 800 1756 855 (cap.
1782 802 1844 843 ix.
1883 851 1886 854 ἢ

365 860 437 914 28)
458 875 466 911 ;
500 875 634 902 causa
657 862 776 914 quod
798 861 861 902 illi
883 863 1102 915 assumpti
1128 863 1232 910 sint,
1257 870 1352 903 erat
1376 864 1477 916 quia
1500 877 1590 903 non
1617 863 1692 904 alii
1713 876 1847 918 quam

365 924 427 964 illi
450 925 522 977 qui
545 925 588 964 in
611 925 726 964 veris
749 938 807 964 ex
826 925 946 965 bono
966 924 1152 966 caelesti
1175 932 1293 972 sunt,
1314 931 1502 978 possunt
1520 926 1670 966 videre
1689 925 1846 967 Domi-

365 1000 471 1027 num
498 987 540 1026 in
573 986 731 1039 gloria,
758 993 804 1027 et
831 1000 912 1027 nec
941 986 1014 1027 alii
1041 994 1230 1039 possunt
1256 987 1481 1035 illustrari,
1507 994 1552 1028 et
1579 988 1622 1027 in
1648 986 1847 1029 illustra·-

364 1050 489 1089 tione
512 1049 741 1102 percipere
764 1049 967 1089 Verbum
988 1063 996 1099 ;
1031 1049 1251 1090 Dominus
1274 1050 1406 1097 enirn,
1428 1063 1528 1090 cum
1551 1050 1844 1092 transforma-

365 1118 436 1152 tus
469 1118 538 1152 est
566 1124 718 1151 coram
745 1111 845 1160 illis,
873 1111 1245 1164 repraesentabat
1275 1112 1485 1152 Divinum
1513 1112 1697 1161 Verum,
1725 1113 1846 1166 quod

366 1180 436 1214 est
463 1174 692 1223 Verbum;
730 1187 865 1227 quare
892 1174 1030 1214 etiam
1059 1173 1211 1214 Moses
1243 1181 1289 1214 et
1322 1174 1447 1214 Elias
1474 1175 1556 1214 visi
1587 1181 1693 1215 sunt
1724 1174 1846 1228 loqui

366 1249 467 1276 cum
505 1237 636 1289 Ipso;
678 1250 756 1289 per
795 1236 993 1276 “Mosen
1031 1242 1077 1276 et
1114 1236 1294 1276 Eliam”
1331 1236 1608 1289 significatur
1643 1237 1844 1278 Verbum

364 1308 419 1345 (de
433 1317 497 1344 qua
511 1317 544 1336 re
559 1307 667 1336 adium
682 1307 829 1336 videatur
842 1316 946 1344 supra,
963 1316 993 1336 n.
1014 1306 1175 1348 594[α]).
1235 1297 1369 1349 Quod
1406 1297 1628 1338 Dominus
1662 1298 1844 1338 lOCUtUS

363 1359 421 1398 sit
448 1371 549 1397 cum
577 1358 724 1405 Petro,
747 1358 919 1409 Jacobo
945 1364 991 1398 et
1016 1357 1222 1410 Johanne
1249 1358 1304 1398 de
1331 1359 1844 1400 consummatione'sae-
1883 1413 1886 1415 Α

362 1420 463 1468 culi,
492 1426 538 1460 et
570 1421 625 1460 de
657 1421 855 1460 adventu
887 1434 982 1468 suo,
1011 1426 1194 1460 constat
1226 1421 1344 1472 apud
1368 1420 1573 1461 Marcum
1606 1419 1722 1474 (cap.
1750 1421 1842 1463 xiii.

367 1483 425 1534 3).
486 1482 547 1523 Et
570 1483 688 1535 quod
714 1482 777 1522 illi
804 1488 896 1523 tres
921 1483 1082 1523 fuerint
1106 1496 1206 1523 cum
1230 1483 1426 1523 Domino
1452 1484 1496 1523 in
1520 1482 1842 1534 Gethsemane,

360 1545 525 1585 Mattlz.
554 1546 680 1585 xxvi.
710 1555 786 1597 37;
830 1545 975 1585 Marc.
1003 1546 1093 1585 xiv.
1124 1556 1187 1596 33.
1260 1544 1483 1597 Quoniam
1513 1545 1744 1598 Johannes
1773 1560 1843 1587 re-

362 1608 684 1660 praesentabat
716 1607 953 1648 ecclesiam
980 1608 1127 1661 quoad
1160 1608 1278 1648 bona
1306 1621 1456 1660 opera,
1485 1614 1530 1648 et
1562 1608 1680 1649 bona
1705 1622 1843 1662 opera

362 1671 600 1710 continent
632 1671 782 1710 omnia
816 1670 980 1710 amoris
1017 1670 1060 1709 in
1095 1669 1340 1710 Dominum
1378 1676 1424 1710 et
1462 1670 1697 1711 charitatis
1733 1684 1842 1724 erga

362 1734 633 1785 proximum,
662 1733 763 1773 ideo
795 1732 870 1773 ille
901 1732 981 1773 fuit
1013 1746 1119 1785 prae
1150 1732 1330 1786 reliquis
1362 1746 1387 1773 a
1419 1732 1616 1774 Domino
1647 1739 1839 1782 amatus,

362 1802 410 1836 ut
437 1802 648 1836 constare
675 1801 828 1848 potest
855 1809 914 1835 ex
940 1809 1009 1844 eo,

433 1890 537 1930 Quod
554 1890 755 1920 accubuerit
772 1890 806 1920 in
827 1890 907 1920 sinu
930 1889 1086 1928 Domini,
1104 1895 1139 1921 et
1157 1890 1315 1930 allapsus
1334 1891 1379 1922 ad
1399 1888 1522 1931 pectus
1540 1890 1678 1923 locutus
1698 1891 1743 1923 sit
1762 1899 1842 1923 cum

535 1933 619 1973 Ipso
636 1933 734 1974 (Jolz.
753 1933 824 1964 xiii.
844 1941 894 1972 23,
912 1932 986 1973 25):

359 2034 438 2073 per
466 2020 680 2060 “sinum''
706 2026 752 2060 et
785 2034 863 2073 per
889 2018 1117 2074 “pectus‘'
1142 2021 1187 2061 in
1218 2020 1374 2061 Verbo
1406 2020 1684 2074 significatur
1713 2034 1839 2062 amor

360 2082 614 2135 spiritualis,
649 2084 721 2136 qui
754 2090 823 2123 est
856 2097 982 2123 amor
1012 2081 1142 2133 a&u;
1180 2097 1231 2123 ac
1265 2096 1343 2136 per
1371 2083 1588 2124 “sinum''
1614 2090 1661 2125 et
1693 2088 1837 2138 “pec-

358 2145 462 2185 tus'’
495 2145 678 2185 Domini
714 2147 808 2198 ipse
841 2146 1027 2185 Divinus
1060 2145 1234 2196 Amor;
1277 2160 1411 2199 quare
1450 2146 1512 2186 illi
1548 2146 1592 2186 in
1629 2146 1758 2187 caelo
1792 2147 1837 2187 in

359 2208 589 2260 provincia
620 2206 813 2260 pectoris
845 2214 950 2248 sunt
981 2209 1054 2261 qui
1090 2209 1133 2248 in
1165 2222 1317 2248 amore
1350 2208 1566 2261 spirituali
1597 2214 1715 2250 sunt.
1774 2207 1839 2250 Et

358 2270 460 2311 ideo
486 2284 661 2323 quoque
685 2270 916 2322 Johannes
942 2271 1118 2324 accepit
1145 2277 1336 2311 matrem
1364 2271 1546 2311 Domini
1577 2271 1621 2311 in
1652 2271 1836 2312 domum

357 2346 497 2381 suam,
526 2339 572 2373 et
599 2333 765 2373 mansit
791 2345 892 2373 cum
919 2332 1009 2381 illa,
1037 2333 1092 2373 de
1119 2346 1205 2386 qua
1230 2347 1276 2373 re
1302 2333 1366 2372 ita
1392 2333 1510 2386 apud
1535 2332 1801 2382 Johannem,

411 2427 532 2469 .Jesus
558 2437 576 2458 e
604 2437 705 2459 cruce
731 2427 848 2458 “vidit
872 2433 1021 2458 matrem
1046 2433 1081 2458 et
1104 2427 1312 2467 discipulum
1338 2433 1524 2464 astantem,
1548 2436 1653 2467 quem
1676 2427 1839 2465 amabat;

528 2471 611 2502 dicit
635 2471 739 2502 matri
763 2481 858 2507 suae.
886 2470 1014 2501 Mulier
1037 2480 1116 2501 ecce
1145 2470 1236 2501 filius
1262 2476 1361 2506 tuus:
1394 2470 1521 2501 deinde
1549 2470 1632 2501 dicit
1655 2470 1838 2511 discipulo,

530 2514 619 2545 Ecce
637 2520 749 2597 11(iater
766 2520 826 2545 tua
841 2523 848 2551 ;
865 2524 980 2596 >quare
997 2514 1041 2544 ab
1061 2514 1129 2545 ista
1147 2514 1235 2544 hora
1251 2514 1384 2553 accepit
1401 2523 1479 2544 eam
1496 2513 1690 2554 discipulus
1706 2513 1741 2545 in
1759 2523 1839 2554 pro-

529 2557 633 2598 pria’'
665 2558 733 2588 xix.
753 2558 802 2595 26,
823 2565 862 2595 27
890 2568 896 2588 :
1839 2564 1842 2565 ’

354 2660 432 2699 per
459 2645 570 2685 haec
599 2644 937 2697 significabatur
959 2643 1078 2698 quod
1100 2643 1293 2684 ecclesia
1319 2644 1376 2684 sit
1403 2644 1476 2684 ubi
1498 2644 1696 2685 charitas
1717 2642 1835 2693 actu,

354 2722 431 2748 seu
463 2708 536 2748 ubi
568 2708 687 2747 bona
713 2720 874 2760 opera;
914 2720 992 2760 per
1020 2710 1250 2746 “matrem
1264 2706 1281 2720 ”
1309 2707 1427 2746 enim
1454 2706 1651 2755 Domini,
1679 2713 1726 2748 et
1757 2720 1837 2760 per

356 2769 666 2816 “mulierem,'’
708 2768 986 2822 significatur
1029 2768 1246 2818 ecclesia;
1299 2775 1344 2809 et
1391 2782 1469 2821 per
1511 2768 1803 2821 “johannem
1816 2768 1836 2784 ''

353 2831 552 2871 charitas
575 2830 692 2878 actu,
720 2843 835 2883 quae
860 2836 966 2870 sunt
996 2830 1117 2870 bona
1142 2843 1280 2882 opera
1302 2843 1310 2879 ;
1348 2840 1450 2877 (quod
1465 2849 1522 2877 per
1536 2836 1726 2869 “matrem''
1742 2840 1837 2877 signi-

352 2894 463 2922 ficetur
475 2894 617 2928 ecclesia,
628 2894 772 2922 videatur
782 2894 813 2922 in
825 2893 964 2923 Arcanis
980 2892 1172 2926 Caelestibus,
1187 2902 1216 2921 n.
1228 2895 1295 2929 289,
1308 2893 1395 2930 2691,
1407 2901 1495 2928 2717,
1507 2901 1596 2930 3703,
1605 2899 1695 2930 4257,
1708 2890 1833 2930 [¹15581,

352 2949 448 2983 8897:
473 2947 561 2983 quod
580 2956 636 2984 per
652 2944 668 2954 ‘¹
682 2938 878 2980 mulierem,''
894 2946 1044 2979 similiter,
1060 2954 1164 2982 supra,
1185 2954 1215 2974 n.
1241 2944 1331 2986 555,
1352 2944 1446 2986 707,
1467 2945 1614 2986 721[a],
1635 2943 1798 2986 730[a,b]
1811 2945 1834 2983 ς)

352 2997 469 3050 quod
497 2996 688 3037 ecclesia
715 2996 896 3037 Domini
928 2996 984 3037 sit
1016 2996 1134 3049 apud
1165 2995 1268 3036 illos
1300 2996 1372 3049 qui
1405 2997 1448 3036 in
1481 2995 1703 3036 charitate
1728 2992 1832 3036 actu
