2098 3476
649 367 756 401 CAP.
783 369 887 410 XII„
915 369 1055 402 VERs.
1089 370 1230 402 1.—N.
1258 371 1353 415 709.
1645 375 1745 418 1931

250 494 332 525 seu
351 479 612 524 intellefitus
633 481 854 524 formatus
871 488 942 524 est
963 483 1022 524 ad
1043 483 1350 538 recipiendum
1374 482 1521 525 lucem
1545 483 1749 526 lunarem

250 544 326 595 ibi,
353 550 402 587 et
434 558 526 587 non
551 545 609 586 ad
635 545 942 599 recipiendum
970 546 1118 587 lucem
1145 546 1340 587 solarem
1367 547 1452 598 ibi;
1492 554 1596 588 sunt
1623 561 1748 588 com·

251 608 458 661 parative
479 604 572 650 non
593 608 824 650 absimiles
842 609 930 649 illis
948 610 1104 650 avibus
1123 624 1238 663 quae
1257 611 1414 651 vident
1434 609 1571 652 noctu
1589 617 1635 652 et
1659 624 1750 652 non

244 669 472 721 ,interdiu3
510 683 647 724 quare
679 683 781 711 cum
813 671 856 711 in
890 670 1036 712 lucem
1069 671 1277 720 solarem,
1311 685 1425 725 quae
1457 677 1527 712 est
1559 670 1645 711 illis
1678 672 1750 724 qui

251 731 336 791 sub
361 731 560 774 Domino
585 739 634 774 ut
667 731 773 774 Sole
806 740 925 783 sunt,
955 734 1157 783 veniunt,
1185 733 1408 787 caligatur
1433 735 1553 774 visus
1579 747 1748 774 eorum.

251 793 342 837 Sed
367 794 432 836 illi
457 795 501 836 in
527 796 578 837 iis
600 796 737 837 caelis
759 803 864 838 sunt
888 798 962 850 qui
988 798 1032 838 in
1056 797 1278 838 charitate
1300 797 1478 838 fuerunt
1501 797 1750 838 secundum

250 857 512 912 religiosum
549 872 692 909 suurn,
727 866 804 901 aut
841 861 1089 901 secundum
1126 860 1260 901 fidem
1298 874 1450 902 suam:
1494 867 1542 901 at
1578 860 1640 901 illi
1677 862 1751 914 qui

250 920 367 963 tales
399 928 518 972 sunt,
553 935 717 976 nempe
750 923 979 964 naturales
1011 930 1057 964 et
1096 937 1186 964 non
1225 925 1268 964 in
1301 923 1390 965 fide
1422 924 1671 972 charitatis,
1705 925 1749 964 in

250 984 433 1026 infernis
455 991 560 1026 sunt
587 985 670 1026 sub
692 985 778 1026 illis
805 986 954 1027 caelis.
1018 986 1092 1027 Ex
1120 986 1188 1027 his
1214 993 1426 1027 constare
1449 993 1603 1040 potest
1630 987 1751 1040 quod

250 1061 330 1102 per
353 1047 548 1090 “lunam
561 1048 579 1064 '’
602 1049 671 1090 hic
699 1049 983 1102 intelligatur
1009 1048 1120 1090 fides
1147 1050 1265 1102 apud
1292 1049 1394 1090 illos
1421 1050 1494 1103 qui
1521 1049 1751 1090 naturales

250 1117 356 1154 sunt
387 1117 434 1153 et
465 1112 510 1152 in
537 1112 788 1163 charitate3
827 1119 873 1153 et
900 1113 1020 1166 quod
1050 1112 1194 1153 “luna
1216 1113 1299 1153 sub
1326 1113 1515 1166 pedibus
1540 1113 1636 1153 visa
1662 1113 1719 1153 sit
1733 1112 1751 1126 '’

250 1175 356 1229 quia
384 1174 448 1216 illi
479 1176 554 1229 qui
584 1176 627 1216 in
661 1175 798 1216 caelis
830 1177 904 1230 qui
937 1176 1020 1216 sub
1047 1175 1246 1217 Domino
1274 1183 1321 1217 ut
1355 1175 1484 1216 Luna
1511 1182 1629 1224 sunt,
1659 1189 1751 1216 non

250 1251 492 1280 commune
524 1238 696 1280 habent
729 1252 830 1279 cum
867 1239 955 1279 illis
991 1239 1065 1293 qui
1102 1239 1147 1280 in
1185 1239 1320 1280 caelis
1358 1239 1440 1280 sub
1474 1239 1671 1280 Domino
1703 1245 1751 1280 ut

252 1299 359 1343 Sole
385 1308 505 1352 sunt,
530 1315 670 1356 usque
697 1308 746 1343 ut
772 1302 835 1342 illi
859 1315 1095 1355 assurgere
1123 1302 1180 1343 ad
1206 1302 1290 1343 hos
1316 1309 1558 1356 nequeant.

328 1381 467 1428 709.
505 1373 584 1414 ’Ἢ
603 1386 731 1427 supet·
752 1373 885 1426 eapite
915 1373 1003 1427 ejus
1028 1386 1183 1414 cot-ona
1209 1375 1424 1414 stellarum
1446 1373 1754 1414 duodecim.”——

250 1433 386 1489 Quod
412 1435 636 1489 significet
662 1435 930 1488 sapientiam
956 1442 998 1476 et
1022 1435 1360 1489 intelligentiam
1386 1436 1565 1477 illorum
1595 1436 1676 1489 qui
1696 1436 1752 1476 ab

247 1512 301 1540 ea
333 1498 523 1548 ecclesia,
550 1505 637 1552 per
675 1499 946 1540 doHrinalia
981 1505 1023 1539 et
1057 1499 1320 1552 cognitiones
1355 1500 1551 1540 omnium
1583 1499 1682 1539 veri
1712 1505 1754 1540 et

251 1560 355 1602 boni
385 1575 443 1603 ex
488 1561 640 1611 Verbo,
675 1569 858 1604 constat
895 1576 955 1603 ex
994 1561 1323 1615 significatione
1358 1562 1598 1615 “capitis‚''
1629 1562 1751 1616 quod

249 1623 309 1665 sit
339 1624 567 1678 sapientia
592 1630 639 1665 et
664 1623 979 1677 intelligentia
1010 1635 1065 1672 (de
1080 1643 1146 1672 qua
1161 1643 1267 1672 supra,
1283 1644 1314 1664 n.
1334 1633 1427 1677 553,
1444 1623 1648 1677 [¹1577[a])‚
1677 1624 1748 1665 hic

248 1684 428 1726 illorum
459 1685 535 1740 qui
566 1692 670 1727 sunt
702 1685 760 1726 ab
791 1681 845 1726 ea
875 1685 1067 1726 ecclesia
1098 1699 1213 1740 quae
1245 1699 1323 1739 per
1358 1686 1632 1727 “mulierem
1665 1686 1749 1727 cir·

249 1748 511 1790 cumdatam
538 1748 647 1798 sole,
671 1755 718 1790 et
742 1748 848 1789 luna
873 1749 956 1789 sub
982 1749 1171 1802 pedibu's
1196 1748 1328 1802 ejus‚’'
1351 1748 1656 1802 significatur;
1690 1763 1749 1789 ex

249 1808 586 1862 significatione
606 1810 885 1859 “coronae,’‘
904 1810 1025 1864 quod
1049 1810 1189 1850 etiam
1212 1811 1270 1851 sit
1293 1811 1520 1863 sapientia
1541 1816 1588 1851 et
1610 1810 1748 1851 intel-

249 1869 444 1925 ligentia
473 1881 529 1920 (de
548 1890 614 1919 qua
632 1882 728 1911 etiam
747 1890 854 1919 supra,
875 1891 906 1911 n.
933 1870 1023 1916 126,
1045 1872 1140 1916 218,
1158 1881 1258 1923 272)
1277 1885 1285 1922 ;
1322 1884 1382 1911 ex
1414 1870 1750 1924 significatione

251 1931 565 1982 “stellarum,”
597 1933 716 1988 quod
754 1933 843 1974 sint
876 1931 1143 1974 doctrinalia
1175 1940 1220 1974 et
1255 1933 1540 1986 cognitiones
1572 1933 1664 1973 veri
1702 1940 1748 1973 et

248 1993 358 2036 boni
387 2008 449 2035 ex
479 1993 639 2035 Verbo
671 2005 726 2043 (de
746 2014 819 2042 qua.
836 2014 867 2035 n.
885 2004 1062 2046 72,402‚
1083 2004 1207 2047 535);
1244 2000 1291 2035 et
1323 2008 1383 2035 ex
1414 1993 1750 2047 significatione

251 2055 568 2106 “duodecim,”
599 2057 721 2110 quod
754 2057 846 2098 sint'
877 2058 1042 2105 omnia,
1077 2063 1123 2097 et
1156 2057 1277 2110 quod
1309 2057 1517 2097 dicantur
1548 2056 1604 2096 de
1635 2058 1750 2097 veris

248 2123 298 2159 et
317 2117 451 2160 bonis
477 2127 533 2168 (de
548 2137 730 2167 quasupra,
747 2129 920 2170 n.430):
958 2118 1064 2159 inde
1090 2124 1307 2158 constare
1333 2124 1491 2171 potest
1518 2118 1639 2171 quod
1671 2131 1750 2171 per

251 2183 506 2222 “coronam
523 2180 758 2222 stellarum
776 2181 1017 2222 duodecim
1041 2194 1172 2234 super
1191 2181 1338 2233 capite
1362 2180 1558 2221 mulieris
1571 2179 1590 2195 ”
1608 2180 1746 2233 signi·

248 2250 377 2286 cetur
401 2244 623 2298 sapientia
647 2250 694 2285 et
721 2244 1030 2298 intelligentia
1056 2243 1235 2285 illorum
1267 2244 1341 2297 qui
1373 2243 1432 2284 ab
1463 2257 1516 2284 ea
1543 2243 1747 2290 ecclesia,

249 2320 329 2361 per
364 2305 631 2365 doetrinalia
670 2314 717 2349 et
758 2308 1046 2361 cognitiones
1086 2308 1287 2348 omnium
1322 2308 1414 2348 veri
1455 2313 1501 2348 et
1542 2307 1648 2348 boni
1689 2321 1748 2348 ex

248 2370 418 2413 Verbo.
471 2370 615 2427 ‚Quod
641 2371 752 2412 haec
779 2370 988 2412 dicantur
1010 2378 1254 2425 postquam
1277 2369 1447 2412 dictum
1470 2377 1540 2411 est
1567 2371 1623 2411 de
1650 2383 1747 2410 mu-

248 2434 356 2477 liere
381 2434 502 2489 quod
527 2434 845 2476 “circumdata
871 2435 929 2475 sit
956 2434 1066 2483 sole,
1091 2441 1138 2476 et
1165 2434 1270 2475 luna
1296 2434 1378 2474 sub
1402 2434 1591 2487 pedibus
1617 2433 1748 2486 ejus,’'

248 2504 319 2540 est
350 2499 455 2553 quia
484 2511 564 2552 per
591 2498 775 2539 “solem
788 2497 806 2513 ”
834 2497 1113 2551 significatur
1144 2511 1270 2539 amor
1303 2497 1511 2539 caelestis
1543 2503 1590 2538 et
1622 2497 1748 2550 spiri-

248 2561 398 2611 tualis,
425 2574 476 2605 ac
509 2575 588 2616 per
616 2552 837 2602 “lunam”
864 2560 975 2602 fides
1002 2561 1252 2610 charitatis,
1280 2567 1326 2602 et
1359 2575 1418 2601 ex
1452 2560 1538 2601 illis
1570 2559 1748 2613 profluit

248 2625 395 2666 omnis
420 2625 641 2678 sapientia
667 2631 714 2665 et
740 2624 1072 2678 intelligentia;
1111 2637 1215 2664 nam
1247 2638 1306 2665 ex
1335 2623 1534 2664 Domino
1561 2630 1610 2664 ut
1642 2622 1748 2664 Sole

249 2688 456 2742 procedit
487 2687 611 2730 calor
642 2694 687 2729 et
721 2688 815 2736 lux,
849 2701 900 2728 ac
934 2687 1057 2728 calor
1088 2694 1158 2728 est
1190 2687 1360 2727 bonum
1391 2687 1556 2728 amoris
1588 2693 1634 2727 et
1668 2686 1746 2726 lux

249 2757 320 2793 est
345 2763 501 2792 verum
532 2765 592 2792 ex
624 2750 702 2792 illo
733 2751 868 2800 bono,
897 2757 943 2792 et
975 2750 1052 2791 illa
1084 2750 1174 2791 duo
1205 2750 1374 2791 faciunt
1406 2749 1525 2803 apud
1557 2749 1746 2802 angelos

249 2821 297 2857 et
341 2814 460 2868 apud
504 2814 711 2856 homines
753 2814 1021 2867 sapientiam
1066 2820 1113 2855 et
1153 2813 1532 2867 intelligentiam;
1578 2812 1747 2853 bonum

248 2878 414 2920 amoris
450 2878 569 2923 enim
607 2878 745 2935 intrat
778 2877 1064 2919 voluntatem
1097 2889 1267 2926 eorum,
1302 2883 1348 2917 et
1380 2888 1534 2916 verum
1573 2889 1631 2916 ex
1668 2875 1747 2915 illo

250 2941 372 2982 bono
403 2941 543 2982 intrat
574 2939 857 2982 intellefmm
889 2953 1059 2990 eorum,
1093 2954 1144 2982 ac
1182 2941 1225 2981 in
1258 2939 1497 2981 voluntate
1529 2945 1575 2980 et
1613 2937 1744 2978 simul

250 3004 294 3045 in
321 3002 555 3046 intellectu
580 3004 748 3046 residet
774 3004 1009 3058 sapientia.
