2054 3464
618 365 726 399 CAP.
749 365 853 407 κη,
875 365 1016 399 VERs.
1042 366 1187 411 5.—N.
1209 358 1358 412 726<v·)·
1629 372 1740 415 2013

239 478 531 532 iii‘ecclesia,
563 493 678 536 quae
719 486 827 523 tunc
870 480 950 522 fuit
987 482 1107 535 apud
1145 489 1334 536 gentem
1373 483 1622 536 Judaicam,
1661 484 1744 526 nisi

238 543 523 587 falsificatum
559 550 607 586 et
647 557 922 598 perversum,
955 558 1008 586 ac
1049 545 1154 586 inde
1195 550 1296 587 nec·
1320 546 1400 587 suit
1438 546 1588 601 aliqua
1623 547 1744 588 basis

115 599 144 616 ’
210 607 407 659 ἷεεεὶίεη
445 621 582 662 quare
620 607 704 648 nisi
745 607 967 648 Dominus
1007 608 1051 648 in
1093 609 1310 650 mundum
1343 610 1559 659 venisset,
1593 616 1640 651 et
1681 611 1743 651 sic

240 669 578 725 Ipse'ultimum
603 670 945 724 assumpsisset,
963 671 1174 713 translati
1205 672 1394 714 fuissent
1422 673 1549 721 caeli,
1578 674 1652 728 qui
1684 687 1744 714 ex

110 772 118 779 j
173 727 175 730 ’
236 733 399 776 incolis
438 732 566 787 hujus
607 733 781 775 telluris
821 733 1015 783 fuerunt,
1059 731 1291 784 blaliunde,
1336 743 1382 777 et
1424 750 1558 777 omne
1600 749 1744 789 genus

238 791 485 839 humanum
507 797 551 838 in
573 796 657 838 hac
681 796 843 838 tellu‘re
870 798 1076 850 periisset
1100 804 1247 840 morte
1270 805 1470 840 aeterna.
1533 799 1600 840 At
1624 811 1742 840 nunc

231 863 311 902 fest
341 858 564 901 Dominus
594 860 639 901 in
671 873 752 901 suo
784 859 936 913 pleno,
971 867 1018 902 et
1050 861 1112 902 sic
1145 862 1190 902 in
1222 876 1302 903 sua
1334 863 1668 915 omnipotentia
1698 862 1743 903 in

103 919 151 977 {j
183 915 202 938 ⁵
237 921 370 967 terris
394 923 510 964 sicut
541 929 612 964 est
643 923 689 964 in
718 923 869 973 caelis,
897 924 1001 978 quia
1026 931 1096 966 est
1129 925 1173 966 in
1206 925 1374 966 ultimis
1406 932 1453 966 et
1486 926 1529 966 in
1562 925 1741 979 primis:

195 1011 197 1013 ·
235 987 305 1031 sta
329 985 504 1028 salvare
535 993 691 1040 potest
718 986 941 1028 Dominus
967 1001 1126 1029 omnes
1152 989 1226 1042 qui
1257 990 1301 1030 in
1327 990 1444 1030 veris
1477 990 1650 1030 Divinis
1682 1003 1742 1030 ex

236 1049 396 1092 Verbo
427 1056 547 1099 sunt,
581 1056 628 1091 et
659 1050 704 1091 in
736 1051 831 1092 vita
862 1051 1111 1092 secundum
1142 1051 1250 1103 illa;
1294 1066 1399 1093 nam
1432 1053 1551 1106 apud
1582 1053 1666 1094 hos
1698 1053 1743 1093 in

236 1104 408 1156 ultimis
438 1114 555 1155 veris
586 1127 646 1155 ex
679 1113 836 1156 Verbo
867 1120 1022 1169 potest
1059 1128 1274 1168 praesens
1306 1130 1404 1157 esse
1437 1123 1483 1156 et
1520 1116 1740 1165 habitare,

222 1174 452 1233 >quoniam
477 1176 637 1219 ultima
662 1191 768 1219 vera
799 1178 937 1219 etiam
971 1178 1115 1231 Ipsius
1147 1186 1268 1227 sunt,
1298 1186 1344 1220 et
1371 1186 1477 1221 sunt
1511 1179 1614 1233 Ipse
1641 1180 1745 1234 quia

94 1231 169 1289 ’,Ξ
191 1256 194 1259 ’
234 1233 302 1298 ab·
322 1239 443 1295 Ipso,
471 1241 720 1283 secundum
748 1241 892 1296 Ipsius
918 1241 1058 1283 verba
1083 1242 1204 1295 apud
1230 1242 1500 1292 Jolzannem,

305 1330 405 1374 “Qui
420 1330 528 1363 habet
545 1336 735 1372 praecepta
753 1341 843 1370 mea,
857 1337 893 1363 et
909 1330 994 1363 facit
1010 1331 1080 1370 illa,
1095 1331 1155 1363 ille
1168 1338 1224 1364 est
1236 1332 1296 1373 qui
1310 1338 1407 1364 amat
1422 1332 1510 1371 Me„
1525 1358 1532 1365 .
1546 1358 1554 1365 .
1569 1339 1620 1366 ‚et
1638 1333 1744 1366 Pater

413 1384 515 1407 meus
535 1372 707 1407 [²]amabit
731 1375 842 1414 illum,
863 1381 899 1407 et
922 1376 968 1407 ad
993 1376 1093 1408 illum
1118 1376 1316 1415 veniemus,
1337 1383 1373 1408 et
1397 1377 1625 1409 mansionem
1649 1378 1744 1419 apud

344 1454 353 1465 ⁸
412 1418 514 1452 illum
530 1418 705 1451 faciemus
715 1418 734 1431 ’'
750 1419 835 1460 (xiv,
854 1427 906 1458 21,
924 1420 990 1460 23).

324 1506 423 1564 (iv.)
469 1507 600 1560 Quod
614 1508 767 1562 angeli
782 1515 825 1550 et
844 1508 1056 1559 homines,
1076 1516 1291 1563 quantum
1308 1510 1569 1564 receptiones
1586 1511 1748 1553 Divini

231 1564 357 1621 fVerz'
377 1585 406 1614 a
429 1570 618 1613 Domino
638 1578 755 1621 sunt,
780 1579 954 1613 tantum
973 1573 1199 1626 potentiae
1219 1574 1325 1622 sint,
1351 1580 1563 1615 constare
1586 1581 1742 1628 potest

229 1635 300 1689 ‘fex
323 1633 412 1677 illis
432 1649 547 1690 quae
570 1649 687 1677 nunc
710 1649 845 1689 supra
867 1634 1038 1678 dictum
1061 1643 1180 1686 sunt,
1206 1637 1327 1691 quod
1354 1651 1518 1691 nempe
1543 1637 1742 1680 Domino

228 1697 298 1740 'sit
317 1696 492 1746 infinita
512 1699 734 1752 potentia,
754 1705 800 1740 et
824 1699 915 1752 Ipsi
937 1699 1020 1740 soli
1043 1701 1251 1753 potentia
1274 1713 1352 1753 per
1375 1700 1588 1741 Divinum
1611 1714 1741 1742 suum

238 1759 441 1814 Verum;
471 1767 519 1803 et
545 1775 605 1803 ex
631 1775 701 1811 eo,
731 1762 852 1816 quod
877 1762 1031 1815 angeli
1062 1776 1153 1804 non
1179 1764 1270 1804 sint
1297 1764 1379 1804 nisi
1405 1777 1540 1817 quam
1572 1764 1741 1806 formae

236 1823 511 1879 recipientes
543 1824 695 1866 Divini
722 1824 846 1874 Veri,
875 1825 1083 1866 similiter
1113 1826 1348 1878 homines;
1380 1827 1485 1868 inde
1517 1833 1588 1868 est
1619 1827 1741 1881 quod

230 1881 318 1942 per
341 1886 571 1942 “angelos
582 1887 603 1903 ”
622 1888 668 1929 in
695 1887 854 1930 Verbo
879 1888 1192 1942 significentur
1219 1889 1383 1930 Divina
1404 1904 1524 1939 vera,
1550 1896 1597 1932 et
1619 1890 1741 1944 quod

192 1953 198 1955 ⁴
237 1949 446 1992 dieantur
473 1951 573 1992 “dii
591 1950 626 1992 :'‘
657 1965 717 1992 ex
750 1965 806 1992 eo
837 1953 1040 2006 sequitur
1065 1952 1187 2006 quod
1219 1959 1437 2007 quantum
1470 1960 1516 1994 et
1548 1952 1742 2008 qualiter

225 2013 458 2070 *recipiunt
498 2013 712 2056 Divinum
750 2014 924 2057 Verum
963 2029 991 2056 a
1031 2015 1244 2066 Domino,
1283 2022 1464 2058 tanturn
1502 2023 1549 2058 et
1588 2017 1742 2058 taliter

161 2068 166 2069 ⁷
204 2077 471 2138 *potentiae
496 2079 601 2120 sint.

323 2138 407 2196 (v.)
453 2140 583 2192 Quod
595 2141 799 2196 potentia
824 2142 1021 2184 resideat
1053 2142 1099 2183 in
1130 2142 1250 2184 veris
1277 2143 1502 2185 naturalis
1533 2143 1739 2193 hominis,

235 2209 450 2258 quantum
474 2203 515 2245 is
536 2205 693 2258 recipit
708 2204 927 2260 influxum
949 2220 978 2247 a
998 2205 1186 2247 Domino
1200 2212 1287 2259 per
1301 2206 1582 2259 spiritualem
1599 2207 1739 2248 homi-

224 2264 346 2317 snem,
382 2269 672 2323 consequitur
708 2282 768 2310 ex
809 2268 896 2310 illis
933 2283 1047 2323 quae
1085 2270 1379 2323 praecedunt,
1418 2270 1539 2324 quod
1577 2283 1739 2324 nempe

235 2330 383 2372 omnis
414 2332 624 2385 potentia
660 2332 718 2373 sit
757 2331 932 2373 Divinis
964 2333 1081 2373 veris
1116 2333 1160 2373 in
1193 2332 1361 2374 ultimis
1394 2347 1453 2374 ex
1487 2334 1654 2387 primis,
1687 2347 1738 2375 ac

235 2393 453 2436 naturalis
474 2394 612 2436 homo
630 2401 701 2436 est
719 2394 1057 2449 receptaculum
1076 2395 1350 2437 ultimorum.
1412 2395 1502 2438 Sed
1525 2397 1582 2437 ad
1605 2402 1738 2438 natu-

235 2455 376 2499 ralem
394 2463 598 2499 mentem
623 2458 817 2499 hominis
842 2465 948 2499 sunt
974 2458 1107 2500 binae
1129 2459 1243 2508 viae,
1268 2473 1356 2500 una
1378 2473 1402 2500 e
1428 2459 1572 2508 caelo,
1595 2460 1740 2501 altera

218 2525 261 2561 'e
292 2519 490 2572 mundo;
530 2521 604 2562 via
641 2535 666 2562 e
706 2521 835 2562 caelo
872 2521 1000 2562 ducit
1038 2534 1118 2575 per
1149 2522 1428 2575 spiritualem
1460 2529 1663 2564 mentem
1694 2523 1768 2576 in⁴

235 2583 508 2626 rationalem
533 2590 582 2626 et
607 2597 687 2638 per
712 2584 830 2626 hanc
856 2585 902 2626 in
928 2583 1210 2635 naturalem;
1243 2591 1289 2627 et
1316 2586 1388 2626 via
1412 2600 1436 2626 e
1466 2586 1635 2627 mundo
1661 2599 1740 2639 per

235 2645 505 2696 sensualem,
533 2661 647 2702 quae
679 2647 886 2700 proxime
917 2654 1074 2688 exstat
1107 2648 1278 2689 mundo
1309 2655 1356 2689 et
1388 2648 1606 2690 adhaeret
1639 2663 1738 2690 cor-

235 2709 358 2763 pori:
402 2710 508 2751 inde
544 2717 756 2752 constare
797 2717 968 2764 potest,
1003 2711 1123 2764 quod
1165 2711 1388 2752 Dominus
1429 2725 1531 2752 cum
1572 2712 1738 2753 Divino

219 2769 368 2812 ‘'Vero
393 2785 484 2812 non
515 2771 672 2813 influat
704 2773 748 2813 in
781 2772 1036 2813 naturalem
1067 2772 1298 2814 hominem
1331 2774 1413 2813 nisi
1446 2787 1524 2826 per
1556 2774 1736 2826 spiritu-

235 2833 371 2884 alem,
407 2841 456 2876 et
486 2841 717 2889 quantum·
743 2835 962 2876 naturalis
998 2835 1137 2877 homo
1172 2835 1277 2876 inde
1311 2837 1469 2889 recipit
1501 2835 1735 2885 influxum,

236 2901 417 2938 tantum
455 2897 516 2947 ibi
556 2899 763 2951 potentia
803 2899 875 2940 sit.
948 2898 1031 2939 Per
1070 2899 1325 2952 potentiam
1365 2899 1425 2939 ibi
1466 2898 1737 2952 intelligitur

236 2959 443 3013 potentia
467 2966 626 3002 contra
651 2960 836 3010 inferna,
864 2975 979 3015 quae
1005 2968 1076 3002 est
1102 2962 1310 3015 potentia
1336 2961 1577 3002 resistendi
1604 2961 1735 3002 malis

236 3027 285 3064 et
314 3021 449 3073 falsis,
477 3029 524 3065 et
555 3023 817 3065 removendi
848 3023 952 3076 illa;
985 3037 1098 3078 quae
1127 3031 1349 3079 quantum
1382 3025 1652 3066 resistuntur
1683 3030 1731 3066 et
