2054 3464
375 352 487 393 2104
742 400 744 403 r
791 351 1120 385 APOCALYPSIS
1151 353 1447 386 EXPLICATA.

373 464 636 505 intentionis
667 465 785 514 inde,
820 466 938 519 quod
970 473 1038 507 est
1074 466 1270 516 “dicere‚
1305 467 1484 519 Raka;”
1523 474 1568 509 et
1601 469 1759 510 tertius
1789 475 1860 511 est

372 541 535 579 pravae
554 527 814 577 voluntatis,
835 529 954 581 quod
977 535 1045 569 est
1071 529 1270 578 “dicere‚
1296 529 1444 571 Stulte
1462 530 1495 581 ;”
1514 544 1670 571 omnes
1693 531 1736 572 hi
1757 544 1860 584 gra-

373 589 454 629 dus
481 596 585 630 sunt
611 590 776 643 gradus
806 591 894 631 odii
925 598 1085 631 contra
1109 591 1278 632 bonum
1304 593 1550 641 charitatis,
1579 606 1683 633 nam
1709 594 1860 635 odium

372 658 441 692 est
475 652 596 692 bono
628 653 859 694 charitatis
891 654 1175 706 oppositum:
1214 661 1260 695 et
1297 661 1388 696 tres
1420 656 1585 708 gradus
1618 655 1861 708 punitionis

371 714 679 767 significantur
710 729 788 767 per
815 715 1098 768 “judicium‚”
1127 717 1461 769 “synedrium‚''
1488 725 1534 758 et
1564 718 1860 773 “gehennam

371 778 486 829 ignis
506 777 539 827 ;”
576 778 831 830 punitiones
875 792 954 831 pro
996 778 1123 827 malis
1159 779 1397 820 levioribus
1434 774 1744 832 significantur
1780 793 1861 834 per

374 839 656 891 “judicium'’
689 841 942 892 punitiones
980 855 1060 894 pro
1097 842 1224 882 malis
1253 834 1535 895 'gravioribus
1574 855 1652 894 per
1686 846 1860 896 “syne-

370 902 552 951 drium‚’'
574 909 620 943 et
643 904 898 955 punitiones
921 917 1000 957 pro
1023 904 1150 944 malis
1172 905 1444 957 gravissimis
1466 918 1544 957 per
1564 905 1859 958 “gehennam

369 964 522 1016 ignis.’'
582 964 806 1017 Quoniam
833 967 1085 1007 universum
1112 967 1285 1007 caelum
1311 974 1380 1008 est
1407 968 1450 1008 in
1476 968 1597 1008 bono
1626 968 1860 1009 charitatis

369 1040 477 1079 erga
508 1029 777 1080 proximum,
812 1034 857 1069 et
891 1029 1144 1070 universum
1175 1029 1393 1070 infernum
1425 1036 1494 1070 est
1534 1030 1578 1069 in
1615 1030 1858 1079 iracundia,

369 1090 598 1131 inimicitia
637 1097 683 1131 et
724 1091 828 1131 odio
868 1098 1027 1132 contra
1064 1092 1333 1144 proximum,
1375 1099 1419 1133 et
1460 1092 1562 1132 inde
1601 1092 1713 1133 haec
1754 1099 1860 1134 sunt

369 1153 577 1205 opposita
613 1152 675 1193 illi
714 1153 860 1203 bono;
900 1160 944 1194 et
983 1154 1084 1207 quia
1119 1154 1264 1195 cultus
1297 1154 1478 1194 Domini
1509 1161 1578 1196 est
1611 1154 1759 1196 cultus
1799 1169 1859 1196 ex

369 1214 510 1263 caelo,
535 1215 638 1268 quia
663 1222 732 1256 est
758 1216 974 1265 internus,
999 1222 1049 1256 ac
1078 1216 1224 1256 nullus
1250 1216 1396 1257 cultus
1419 1217 1454 1257 si
1481 1216 1572 1269 ejus
1594 1216 1761 1270 aliquid
1788 1223 1859 1259 est

370 1291 429 1317 ex
451 1277 636 1326 inferno,
662 1284 707 1318 et
730 1271 883 1319 tamen
907 1293 965 1319 ex
992 1279 1163 1319 inferno
1184 1285 1253 1319 est
1279 1278 1425 1319 cultus
1448 1275 1666 1320 externus
1687 1279 1859 1333 absque

370 1340 562 1386 interno,
582 1340 684 1381 ideo
706 1341 880 1389 dicitur,
901 1345 925 1361 “
943 1340 987 1382 Si
1010 1341 1226 1382 obtuleris
1250 1354 1407 1381 munus
1425 1347 1550 1382 tuum
1568 1355 1700 1394 super
1714 1341 1859 1391 altari,

371 1409 417 1443 et
443 1403 561 1455 apud
592 1403 676 1444 hoc
703 1404 966 1444 recordatus
993 1404 1123 1444 fueris
1149 1404 1268 1457 quod
1300 1404 1436 1445 frater
1462 1410 1563 1444 tuus
1588 1404 1754 1446 habeat
1779 1403 1860 1446 ali-

371 1466 475 1519 quid
499 1472 659 1506 contra
679 1472 739 1513 te,
754 1466 840 1515 abi,
858 1467 976 1518 prius
998 1466 1286 1507 reconciliare
1309 1466 1445 1515 fratri,
1471 1473 1517 1507 et
1543 1473 1650 1508 tunc
1673 1467 1860 1508 veniens

371 1527 478 1568 offer
509 1541 668 1568 munus
700 1541 831 1581 super
856 1528 997 1569 altare
1014 1527 1047 1579 ;'’
1084 1542 1162 1581 per
1190 1531 1387 1569 “munus
1419 1542 1550 1582 super
1581 1529 1742 1570 altari”
1768 1529 1860 1582 sig-

372 1589 577 1631 nificatur
593 1590 740 1631 cultus
759 1591 939 1631 Domini
957 1605 1015 1631 ex
1034 1604 1186 1632 amore
1203 1597 1249 1631 et
1268 1591 1501 1639 charitate,
1518 1605 1596 1644 per
1612 1595 1637 1612 “
1650 1591 1831 1632 fratrem
1841 1591 1862 1607 ”

372 1652 638 1706 intelligitur
660 1654 905 1706 proximus,
926 1660 971 1694 et
994 1652 1220 1694 abstracte
1239 1653 1514 1706 significatur
1532 1654 1699 1694 bonum
1717 1653 1861 1695 chari·

372 1717 493 1763 tatis,
509 1730 587 1769 per
604 1716 805 1757 “habere
821 1723 978 1757 contra
995 1724 1041 1757 te
1053 1716 1071 1731 ”
1085 1716 1360 1768 significatur
1374 1717 1614 1766 iracundia,
1632 1717 1862 1758 inimicitia

373 1794 449 1820 seu
496 1780 660 1828 odium,
708 1786 754 1820 et
799 1793 877 1832 per
923 1779 1236 1820 “reconciliari
1249 1779 1267 1795 '³
1312 1778 1588 1832 significatur
1631 1779 1862 1833 dissipatio

374 1855 542 1891 eorum,
577 1849 622 1883 et
659 1842 763 1882 inde
794 1856 985 1895 sequens
1018 1840 1273 1894 conjunctio
1305 1855 1382 1894 per
1413 1855 1626 1882 amorem.
1687 1842 1763 1883 Ex
1793 1843 1862 1884 his

373 1912 580 1945 constare
607 1911 758 1957 potest
785 1905 904 1958 quod
931 1918 1009 1957 per
1038 1904 1284 1945 “fratrem'’
1310 1918 1335 1944 a
1362 1904 1556 1945 Domino
1581 1904 1862 1958 intelligatur

374 1968 515 2008 simile
542 1968 662 2021 quod
689 1981 766 2020 per
794 1968 1087 2020 “proximum
1105 1967 1138 2017 ;''
1170 1974 1215 2008 et
1242 1980 1319 2019 per
1348 1966 1673 2019 “proximum''
1698 1968 1743 2008 in
1769 1968 1859 2020 spi·

374 2030 521 2071 rituali
561 2044 694 2070 sensu
734 2029 1011 2083 significatur
1048 2030 1215 2070 bonum
1255 2030 1298 2069 in
1339 2030 1459 2070 omni
1499 2029 1769 2082 complexu;
1815 2036 1862 2071 et

374 2094 541 2134 bonum
578 2094 621 2133 in
655 2093 776 2133 omni
811 2092 1055 2144 complexu
1092 2098 1162 2133 est
1198 2092 1367 2132 bonum
1404 2092 1647 2132 charitatis.
1710 2090 1863 2133 Simile

375 2169 452 2207 per
471 2155 719 2196 “fratrem''
737 2156 779 2195 in
798 2155 955 2195 Veteri
973 2154 1272 2195 Testamento
1294 2155 1337 2194 in
1356 2154 1508 2195 multis
1531 2154 1640 2195 locis
1663 2154 1706 2194 in
1728 2167 1863 2195 sensu

375 2218 591 2271 spirituali
617 2218 884 2270 intelligitur
900 2217 1037 2258 :—Ut
1064 2217 1181 2269 apud
1205 2217 1373 2266 Mosen,

521 2314 539 2328 ‘⁴
550 2313 630 2344 Non
649 2314 730 2344 odio
747 2313 894 2344 habebis
913 2312 1057 2344 fratrem
1075 2318 1173 2344 tuum
1191 2312 1295 2344 corde
1312 2311 1402 2343 tuo'”
1419 2311 1539 2352 (Levit.
1556 2311 1625 2343 xix.
1645 2310 1717 2351 17);

377 2402 494 2455 apud
520 2401 752 2450 Davidem,

443 2479 461 2491 ¹⁸
474 2477 562 2508 Ecce
576 2486 680 2517 quam
695 2478 828 2508 bonum
843 2482 877 2508 et
891 2485 995 2517 quam
1010 2475 1202 2516 jucundum
1217 2475 1376 2506 habitare
1389 2474 1515 2506 fratres
1526 2484 1598 2506 una
1608 2473 1707 2514 ”(Ps.
1721 2473 1861 2507 cxxxiii.

554 2520 593 2560 1).

379 2606 429 2646 In
456 2606 540 2646 hoc
567 2619 698 2646 sensu
725 2605 860 2646 etiam

497 2680 631 2711 Lothus
647 2680 863 2711 habitatores
882 2680 1058 2711 Sodomae
1075 2678 1266 2720 appellavit
1284 2679 1302 2693 ‘¹
1312 2678 1439 2710 fratres
1449 2678 1467 2691 '¹
1484 2678 1580 2719 (Gen.
1603 2679 1672 2710 xix.
1691 2677 1742 2719 7):

379 2776 424 2810 et
452 2782 627 2822 quoque
657 2767 923 2820 intelligitur

467 2845 534 2875 Per
552 2843 704 2875 “foedus
721 2843 867 2874 fratrum
880 2842 897 2854 '’
915 2843 1007 2874 inter
1024 2843 1114 2874 filios
1133 2842 1275 2874 Israelis
1292 2848 1326 2874 et
1345 2841 1519 2874 Edomum
1537 2841 1655 2881 (Amos
1671 2842 1691 2874 i.
1710 2842 1763 2882 9);

466 2888 518 2919 Ac
535 2897 598 2928 per
614 2887 898 2918 “fraternitatem
920 2887 1011 2917 inter
1026 2886 1200 2928 Jehudam
1218 2892 1253 2917 et
1271 2885 1439 2917 Israelem
1452 2885 1469 2897 ''
1487 2885 1598 2925 (Such.
1617 2886 1661 2916 xi.
1678 2883 1786 2924 [¹114):

379 2989 483 3020 nam
509 2989 586 3028 per
614 2973 764 3016 “filios
796 2959 972 3015 Israelis
1004 2987 1055 3015 ac
1083 2973 1346 3024 Edomum,“
1372 2979 1467 3015 tum
1499 2986 1576 3026 per
1605 2972 1875 3026 “Jehudam-
