2098 3476
620 377 727 411 CAP.
750 377 853 419 ΧΠ,
877 376 1017 411 vERs.
1038 377 1187 421 4.—N.
1210 370 1306 422 718.
1601 378 1710 423 1973

87 482 144 534 'f'
209 490 472 550 fistionibuS,
491 505 572 547 per
591 504 704 546 quas
725 490 1077 533 falsificaverunt
1100 490 1332 542 Verbum3
1366 497 1413 532 et
1437 490 1579 532 Verbi
1602 505 1710 532 vera

208 553 323 598 fiunt
348 555 620 598 traditiones
641 555 825 609 quando
846 555 942 596 vita
963 554 1202 596 charitatis
1226 554 1351 594 nulla
1373 560 1443 595 est
1462 568 1471 605 ;
1507 554 1716 595 similiter

208 624 318 662 vera
343 619 486 662 Verbi
513 618 627 661 fiunt
657 618 771 660 falsa
796 618 980 673 quando
1013 617 1126 659 fides
1153 624 1392 672 separatur
1417 631 1443 658 a
1475 617 1713 658 charitate.

121 679 135 701 ‘³
158 689 167 694 “
209 681 288 725 Ex
306 682 394 738 *his
430 688 646 724 constare
671 688 832 736 potest
865 682 986 736 quod
1024 695 1104 735 per
1132 685 1327 734 “regem
1354 680 1682 734 septentrionis
1695 679 1715 695 ’'

205 742 696 799 -et'iarn‘intelligantur
721 746 795 799 qui
831 745 876 786 in
915 744 1013 786 sola
1039 744 1126 786 fide
1160 750 1281 793 sunt,
1310 744 1398 785 hoc
1441 750 1525 793 est,
1555 744 1628 798 qui
1669 744 1714 783 in

98 795 161 858 ’ἷξτ
208 807 299 869 fide
336 808 508 863 absque
536 808 764 850 charitate
802 814 923 849 sunt.
986 808 1130 849 Iidem
1157 807 1277 861 apud
1303 806 1537 848 Danielem
1575 806 1714 847 etiam

155 927 157 929 -
206 870 528 926 intelliguntur
546 885 626 926 per
645 871 890 912 “hircum'’
907 871 981 926 qui
1004 873 1226 925 pugnavit
1249 884 1351 912 cum
1370 871 1513 911 ariete
1532 883 1540 910 ε
1577 870 1714 911 iidem

208 930 350 978 etiarn
374 948 455 990 per
484 936 732 977 draconem
745 934 764 951 ”
789 935 834 976 in
870 935 958 976 hoc
987 936 1152 988 capite,
1182 948 1284 975 cum
1311 934 1566 975 differentia
1593 933 1714 987 quod

158 1029 165 1050 3
185 993 590 1055 ''per“draconem
602 998 621 1014 ‘'
636 999 815 1053 proprie
833 997 1154 1051 intelligantur
1169 998 1332 1039 eruditi
1350 997 1424 1051 qui
1443 1011 1491 1037 se
1508 994 1715 1037 doctrina

207 1067 258 1114 et
277 1061 374 1104 vita
395 1060 780 1104 confirmaverunt
803 1062 847 1102 in
870 1060 957 1102 fide
980 1067 1192 1115 separata
1213 1074 1240 1101 a
1263 1060 1504 1108 charitate,
1524 1059 1570 1100 hi
1593 1059 1714 1100 enim

207 1136 436 1168 venenum
461 1125 650 1175 habent,
679 1125 796 1166 sicut
827 1125 1066 1174 dracones,
1095 1124 1216 1178 quod
1244 1123 1519 1164 charitatem
1547 1128 1711 1164 necat:

209 1180 317 1245 inde
338 1194 411 1230 est
432 1188 552 1243 quod
576 1188 696 1243 apud
716 1187 948 1229 Danielem
970 1188 1108 1229 etiam
1133 1186 1324 1241 angelus
1347 1186 1547 1228 Michael
1566 1186 1713 1227 norni-

84 1243 139 1309 ’,ἑ-’.ξ
161 1296 163 1298 ,
205 1250 345 1294 'netur
368 1249 487 1306 (cap.
507 1251 583 1292 xii.
613 1250 669 1306 1).
732 1249 867 1305 Quod
893 1251 958 1292 illi
984 1257 1251 1305 pervertant
1274 1256 1321 1292 et
1344 1249 1586 1291 falsificent
1607 1263 1715 1290 vera

177 1337 182 1341 ’
211 1313 356 1357 Verbi
386 1315 462 1371 qui
487 1327 623 1356 omne
648 1314 871 1356 ecclesiae
898 1321 1074 1368 ponunt
1106 1315 1150 1355 in
1178 1314 1370 1355 scientia
1398 1314 1715 1367 cognitionum

87 1375 140 1427 {‚·{·.
194 1377 332 1428 inde,
356 1383 404 1420 et
426 1377 538 1419 nihil
560 1379 606 1419 in
627 1378 737 1428 vita,
757 1377 1028 1432 intelligitur
1050 1392 1130 1432 per
1153 1378 1274 1432 quod
1295 1381 1414 1419 “rex
1437 1376 1714 1431 septentrio-

211 1441 282 1483 nis
307 1441 601 1483 honoraverit
627 1441 763 1482 deum
789 1441 1002 1491 alienum,
1027 1451 1279 1496 quem'non
1307 1447 1533 1482 noverunt
1560 1446 1714 1494 patres

45 1521 60 1544 ν,
82 1501 157 1553 ξῖ·
211 1504 408 1555 eorum‚”
433 1511 481 1546 et
507 1505 628 1559 quod
658 1504 823 1546 “illurn
850 1505 1145 1546 honoraverit
1172 1519 1295 1554 auro,
1324 1510 1534 1558 argento,
1564 1503 1714 1557 lapide

209 1569 413 1624 pretioso
449 1573 496 1610 et
535 1565 886 1621 1'lmargaritisy’
918 1582 998 1622 per
1031 1567 1236 1609 “deum‘’
1268 1567 1363 1621 ejus
1395 1566 1716 1620 intelliguntur

211 1645 322 1674 vera
335 1629 477 1673 Verbi
494 1630 731 1672 falsificata
747 1645 757 1683 ;
784 1631 998 1685 quoniam
1015 1631 1088 1672 ubi
1103 1631 1321 1672 diciturin
1336 1630 1494 1672 Verbo
1511 1634 1537 1650 ‘⁴
1551 1628 1715 1678 Deus,’‘

209 1691 484 1750 intelligitur
515 1694 740 1736 Dominus
776 1695 927 1749 quoad
966 1694 1179 1736 Divinum
1212 1695 1399 1744 Verum,
1434 1695 1499 1735 ita
1535 1707 1714 1748 quoque

209 1756 426 1801 Divinum
444 1758 618 1800 Verum
635 1758 890 1814 procedens
912 1773 939 1800 a
957 1759 1172 1809 Domino,
1192 1765 1239 1800 et
1262 1759 1335 1800 ubi
1354 1759 1518 1799 dic-itur
1538 1755 1714 1812 “Je‘ho-

210 1821 342 1872 vah,'’
381 1821 655 1877 intelligitur
677 1821 919 1864 *Dominus
965 1822 1114 1877 quoad
1156 1822 1371 1863 Divinum
1414 1821 1607 1871 Bonum,
1650 1822 1715 1863 ita

213 1899 393 1941 quoque
420 1885 634 1927 Divinum
662 1885 839 1927 Bonum
867 1885 1121 1940 procedens
1152 1900 1179 1927 a
1205 1885 1432 1936 Domino;
1466 1899 1603 1939 quare
1636 1898 1715 1939 per

213 1948 388 1991 “deum
410 1948 623 2004 alienum,
647 1963 783 2004 quem
810 1963 902 1990 non
929 1955 1154 1990 noverunt
1178 1948 1371 2004 patres,'’
1393 1948 1713 2001 intelliguntur

211 2025 321 2055 vera
341 2011 486 2054 Verbi
511 2011 765 2061 falsificata,
790 2027 904 2067 quae
931 2014 975 2053 in
1002 2026 1050 2053 se
1077 2019 1183 2054 sunt
1209 2011 1337 2061 falsa,
1363 2018 1410 2053 et
1437 2025 1529 2052 non
1557 2011 1716 2065 agnita

208 2074 268 2130 ab
289 2074 378 2118 illis
399 2076 475 2131 qui
497 2077 618 2131 prius
639 2076 698 2118 ab
715 2075 912 2118 ecclesia
933 2076 1137 2117 fuerunt:
1171 2076 1270 2130 ipsa
1291 2074 1370 2116 illa
1391 2089 1499 2116 vera
1522 2081 1570 2116 et
1594 2075 1715 2115 bona

209 2137 367 2197 Verbi,
395 2139 582 2181 tametsi
613 2139 871 2190 falsificata,
905 2139 1221 2193 significantur
1251 2153 1330 2194 per
1365 2139 1580 2193 “lapides
1612 2152 1714 2192 pre-

210 2201 386 2244 tiosos’'
426 2208 474 2244 et
514 2216 596 2258 per
638 2202 1038 2253 “desiderabilia,'’
1079 2209 1177 2244 tum
1218 2216 1298 2257 per
1342 2206 1626 2256 “argentum
1667 2208 1714 2242 et

184 2264 409 2325 *aurumss’
439 2279 547 2307 vera
584 2266 705 2308 enim
738 2265 880 2308 Verbi
919 2280 1010 2307 non
1049 2273 1231 2308 mutant
1269 2267 1518 2307 essentiam
1557 2279 1617 2306 ex
1658 2279 1714 2307 eo

209 2329 457 2384 quod·sint
489 2329 610 2383 apud
642 2328 815 2371 malos:
853 2343 934 2384 per
961 2330 1277 2371 “munitiones
1306 2343 1440 2383 super
1473 2328 1715 2378 statione,''

172 2448 174 2450 v
208 2397 258 2435 et
295 2405 376 2447 per
403 2393 727 2434 “munimenta
757 2393 1101 2442 munitionum,’'
1133 2392 1447 2446 significantur
1483 2392 1562 2433 illa
1598 2406 1714 2446 quae

209 2461 318 2501 sunt
343 2457 552 2510 propriae
574 2455 911 2510 intelligentiae
929 2455 1199 2498 confirmata
1221 2470 1301 2510 per
1322 2469 1504 2497 sensum
1530 2456 1712 2497 litterae

211 2517 372 2569 Verbi,
405 2519 481 2573 qui
517 2518 623 2561 talis
660 2525 746 2569 est,
779 2519 816 2560 si
848 2533 939 2560 non
971 2520 1159 2561 interius
1190 2518 1478 2572 intelligitur,
1514 2525 1562 2560 ut
1594 2519 1714 2560 trahi

207 2582 355 2637 possit
369 2582 427 2624 ad
450 2595 742 2637 quascunque
763 2582 978 2624 haereses
994 2580 1344 2632 confirmandas.
1406 2582 1483 2623 Ex
1506 2582 1575 2623 his
1594 2595 1712 2623 nunc

101 2665 106 2674 ·
139 2651 142 2657 ’
209 2646 426 2688 constare
452 2651 608 2700 potest
635 2646 740 2700 quid
763 2659 842 2700 per
866 2649 892 2666 ‘⁴
909 2646 1172 2687 diademata
1193 2652 1373 2701 septem
1396 2659 1530 2700 super
1551 2646 1714 2699 capiti-

179 2768 182 2776 .
208 2707 293 2751 bus
317 2708 560 2751 draconis’'
586 2708 880 2764 significatur.

288 2776 416 2831 718.
455 2787 563 2826 [Vers.
578 2787 623 2827 4]
663 2777 742 2817 “Et
755 2777 890 2818 cauda
905 2790 983 2819 sua
1000 2776 1130 2818 traxit
1144 2777 1310 2818 tertiam
1320 2781 1483 2830 partem
1499 2777 1715 2817 stellarum

210 2835 556 2891 matisc—Quod
591 2837 823 2891 significet
850 2837 1229 2892 falsificationem
1263 2844 1307 2878 et
1339 2836 1714 2878 adulterationem

208 2898 402 2942 omnium
421 2899 662 2941 veritatum
690 2898 836 2950 Verbi,
856 2906 1070 2942 constare
1091 2914 1152 2941 ex
1175 2898 1508 2953 significatione
1530 2898 1714 2939 “cauda

211 2961 433 3013 trahere,”
456 2975 558 3004 curn
580 2963 638 3005 de
658 2962 936 3012 “dracone‚”
953 2963 1075 3018 quod
1098 2964 1157 3004 sit
1179 2961 1436 3004 falsificatio
1459 2968 1505 3003 et
1530 2960 1713 3002 adulte-

210 3023 330 3066 ratio
350 3033 407 3075 (de
421 3043 486 3073 qua
499 3035 656 3076 sequitur)
676 3038 687 3078 ;
713 3038 774 3066 ex
797 3023 1134 3079 significatione
1160 3023 1366 3066 “tertiae
1384 3022 1567 3077 partis,'’
1590 3021 1713 3077 quod
