2008 3458
349 392 462 445 2456
762 400 1091 433 APOCALYPSIS
1123 402 1419 434 EXPLICATA.

347 514 420 554 hic
447 513 584 553 etiam
611 527 688 566 per
717 515 937 566 “tempus
965 514 1121 554 messis
1134 513 1154 529 ''
1175 515 1446 568 intelligitur
1473 515 1655 556 ultimus
1681 522 1831 558 status

347 575 578 624 ecclesiae,
606 575 787 629 quando
813 575 1003 628 amplius
1038 590 1127 616 non
1160 577 1343 631 aliquod
1376 578 1543 618 bonum
1575 585 1622 620 et
1648 592 1831 630 verum;

349 638 606 678 devastatio
639 637 731 690 ejus
763 638 1031 678 describitur
1063 652 1141 691 per
1175 641 1481 681 “exscindere
1514 641 1832 690 seminantem,

349 707 396 741 et
419 700 779 753 prehendentem
797 700 958 740 falcem
981 701 1024 740 in
1049 708 1254 755 tempore
1277 703 1475 750 messis,‘’
1493 709 1588 744 turn
1612 717 1690 757 per
1713 705 1834 745 “tri-

350 764 622 804 turationem
661 764 775 804 sicut
813 764 856 803 in
895 764 1048 814 area;”
1090 778 1168 818 per
1202 765 1488 806 “Babelem''
1519 766 1836 820 intelliguntur

349 827 420 879 qui
448 840 524 879 per
550 824 707 866 samsta
734 826 952 866 ecclesiae
979 827 1225 868 dominium
1253 835 1485 881 quaerunt.
1547 828 1685 882 Apud
1711 827 1831 870 Esa-

348 902 450 936 zam,

413 977 590 1008 “Deflebo
609 977 801 1018 Jaeserem,
819 978 926 1008 vitem
949 978 1099 1015 Sibmae,
1118 979 1240 1019 rigabo
1261 985 1294 1010 te
1314 979 1510 1020 lachryma.
1525 1005 1548 1018 .,
1570 980 1782 1013 Chesehbon
1801 987 1837 1013 et

521 1020 654 1104 (Εὶέεἰειίξὶ
669 1021 751 1079 quia
768 1031 873 1061 super
891 1022 1070 1063 vindemia
1087 1028 1146 1053 tua
1163 1029 1198 1054 et
1217 1032 1322 1063 super
1339 1033 1455 1054 messe
1472 1029 1533 1055 tua
1548 1024 1663 1055 hedad
1679 1024 1806 1056 cecidit
1817 1023 1837 1037 ’'

348 1150 486 1190 etiam
514 1164 591 1203 per
617 1154 641 1170 “
658 1163 851 1191 messem
868 1151 886 1166 ’¹
909 1151 979 1191 hic
1008 1151 1286 1204 significatur
1308 1152 1493 1193 ultimus
1516 1159 1664 1194 status
1688 1153 1835 1195 eccle-

347 1213 453 1261 siae,
492 1226 594 1253 nam
633 1227 710 1266 per
750 1214 971 1254 “hedad'’
1008 1214 1287 1266 significatur
1328 1214 1441 1263 finis,
1481 1216 1661 1269 quando
1702 1230 1836 1271 super

349 1274 531 1329 peracta
573 1277 798 1316 vindemia
839 1283 885 1316 et
928 1275 1123 1318 colleeta
1164 1291 1310 1318 messe
1353 1278 1562 1320 solebant
1608 1293 1742 1320 ovare
1787 1285 1834 1320 et

350 1338 576 1378 celeusma
612 1339 771 1389 edere3
814 1339 885 1379 hic
930 1339 1181 1389 lamentari,
1221 1342 1323 1394 quia
1359 1341 1535 1390 dicitur,
1577 1341 1781 1383 “cecidit
1801 1341 1836 1382 :”

352 1415 430 1453 per
458 1401 736 1453 “Jaeserem,
765 1402 904 1442 vitem
939 1401 1158 1450 Sibmae,”
1184 1417 1235 1443 ac
1269 1417 1347 1456 per
1375 1403 1763 1445 “Cheschbonem
1789 1410 1836 1446 et

354 1463 599 1512 Elealem,’'
625 1470 844 1504 externae
871 1465 1091 1506 ecclesiae
1117 1465 1336 1514 homines,
1366 1467 1439 1520 qui
1462 1466 1663 1508 Verbum
1689 1466 1836 1520 expli-

354 1533 460 1566 cant
493 1527 549 1566 ad
575 1527 774 1567 favorem
802 1541 1003 1568 amorum
1035 1528 1214 1578 mundi3
1253 1541 1357 1568 nam
1389 1528 1465 1569 illa
1497 1528 1598 1570 loca
1628 1535 1758 1570 erant
1791 1530 1836 1571 in

350 1589 653 1630 hereditatem
687 1590 795 1630 data
830 1590 1096 1631 Reubenitis
1129 1597 1175 1631 et
1207 1589 1435 1640 1¹]Gaditis,
1464 1605 1541 1645 per
1572 1605 1698 1646 quOS,
1731 1593 1836 1646 quia
1887 1640 1889 1642 v

351 1659 484 1693 extra
508 1653 750 1705 Jordanem
775 1653 1060 1701 habitabant,
1086 1654 1513 1707 repraesentabatur
1535 1655 1728 1696 ecclesia
1753 1669 1836 1696 ex—

351 1722 507 1765 terna;
549 1716 690 1755 “vitis
723 1715 935 1756 Sibmae’'
964 1715 1187 1769 significat
1220 1717 1459 1757 ecclesiam
1491 1717 1698 1758 illorum:
1737 1719 1836 1758 exi-

351 1779 462 1818 tium
489 1792 656 1826 eorum,
685 1779 865 1832 quando
894 1779 1114 1819 Dominus
1140 1786 1356 1820 venturus
1388 1787 1433 1820 et
1456 1779 1669 1833 judicium
1695 1779 1836 1822 faetu-

351 1855 424 1881 rus
451 1848 535 1890 est,
564 1843 702 1882 etiam
730 1843 772 1882 in
800 1856 853 1882 eo
880 1843 1028 1895 capite
1056 1843 1334 1883 describitur.
1397 1843 1534 1896 Apud
1561 1842 1821 1892 Jeremiam,

418 1932 435 1943 ‘⁴
448 1930 632 1961 Praeteriit
646 1931 783 1967 messis,
798 1937 1028 1971 consumptus
1043 1937 1098 1962 est
1114 1937 1315 1970 autumnus,
1330 1938 1365 1963 et
1382 1942 1447 1963 nos
1465 1942 1536 1963 non
1551 1932 1681 1964 servati
1695 1941 1816 1964 sumus
1829 1941 1837 1970 ;

525 1984 630 2014 super
647 1973 890 2005 confractione
909 1974 998 2006 filiae
1016 1985 1116 2006 meae
1133 1974 1334 2006 confradtus
1352 1985 1430 2007 sum
1442 1975 1460 1987 ’'
1476 1976 1560 2015 (viii.
1579 1976 1652 2016 20):

352 2076 430 2114 per
455 2061 718 2102 “messem''
741 2063 878 2102 etiam
906 2062 976 2102 hic
1004 2061 1282 2115 significatur
1304 2062 1487 2103 ultimus
1514 2069 1662 2104 status
1689 2062 1835 2104 eccle-

353 2125 473 2174 siae;
511 2130 557 2164 et
588 2138 665 2177 per
690 2124 992 2165 “Confractus
1020 2138 1116 2164 sum
1144 2138 1276 2178 super
1302 2124 1645 2173 consra&ione,”
1667 2124 1836 2178 signifi-

352 2193 478 2227 catur
493 2187 622 2226 dolor
637 2187 755 2239 quod
774 2201 864 2227 non
880 2188 1047 2227 bonum
1063 2194 1108 2228 et
1124 2201 1278 2228 verum
1293 2188 1508 2240 amplius:
1533 2201 1612 2241 per
1629 2190 1654 2207 “
1668 2186 1804 2228 filiam
1817 2187 1836 2202 ”

352 2249 630 2302 significatur
667 2248 843 2290 affe6'tio
880 2251 984 2297 veri,
1025 2257 1070 2290 et
1112 2251 1215 2291 inde
1258 2251 1462 2298 ecclesia,
1501 2263 1605 2290 nam
1646 2249 1724 2291 illa
1764 2256 1835 2291 est

352 2312 584 2360 ecclesiae,
612 2319 658 2352 et
685 2326 744 2352 ex
770 2312 847 2352 illa
873 2319 943 2353 est
970 2313 1173 2353 ecclesia.
1235 2313 1374 2366 Apud
1399 2313 1602 2362 Esaiam,

418 2402 436 2415 ⁴⁴
448 2401 533 2438 Fiet,
548 2411 626 2432 cum
640 2401 816 2440 colligitur
829 2402 966 2438 messis,
983 2411 1084 2441 seges
1099 2407 1207 2439 stans,
1223 2407 1258 2433 et
1274 2402 1455 2432 brachium
1469 2401 1546 2441 ejus
1561 2402 1689 2433 aristas
1707 2407 1816 2434 metet
1830 2411 1837 2440 ;

531 2469 538 2476 .
553 2469 560 2476 .
576 2469 583 2476 .
596 2450 646 2476 ‚et
664 2445 905 2484 relinquentur
926 2446 960 2475 in
983 2455 1024 2476 eo
1046 2445 1313 2482 racemafiones,
1331 2445 1420 2476 sicut
1439 2445 1474 2475 in
1495 2445 1705 2476 decussione
1725 2445 1836 2482 oleae,

525 2495 597 2519 tres
617 2486 745 2519 baccae
770 2489 805 2518 in
826 2488 941 2527 capite
962 2489 1060 2525 rami,
1082 2494 1232 2528 quatuor
1251 2489 1404 2529 quinque
1424 2489 1459 2519 in
1484 2489 1592 2519 ramis
1612 2487 1835 2520 fructiferae:

533 2556 540 2563 .
555 2556 562 2562 .
577 2531 650 2563 ..in
681 2532 737 2562 die
762 2531 918 2571 plantam
944 2537 1041 2562 tuam
1065 2541 1222 2562 crescere
1246 2531 1366 2569 facies,
1392 2537 1426 2562 et
1453 2541 1559 2562 mane
1587 2541 1709 2563 semen
1738 2538 1837 2563 tuum

526 2575 755 2611 efflorescere,
776 2584 923 2605 acervus
945 2575 1072 2606 messis
1093 2575 1127 2605 in
1149 2575 1204 2606 die
1224 2575 1475 2615 possessionis,
1495 2581 1530 2606 et
1553 2575 1655 2606 dolor
1673 2575 1839 2615 despera-

526 2617 610 2649 tus”
628 2618 722 2657 (xvii.
742 2626 770 2656 5,
788 2618 818 2657 6,
840 2618 908 2657 11):

352 2706 501 2757 agitur
538 2706 581 2745 in
618 2719 671 2745 eo
710 2706 857 2758 capite
895 2705 949 2745 de
988 2705 1322 2758 cognitionibus
1359 2706 1451 2746 veri
1492 2711 1538 2747 et
1579 2705 1686 2746 boni
1722 2718 1836 2758 quae

353 2768 586 2816 ecclesiae,
606 2768 725 2821 quod
744 2768 1006 2820 deperditae
1025 2769 1114 2808 sint
1134 2782 1143 2819 ;
1175 2767 1278 2808 illae
1301 2768 1359 2808 ibi
1382 2782 1459 2821 per
1480 2771 1504 2788 “
1522 2767 1837 2815 Damascum,”

354 2831 409 2870 de
437 2844 522 2883 qua
554 2832 597 2870 in
625 2845 678 2871 eo
706 2831 852 2883 capite
879 2832 1041 2883 agitur,
1069 2837 1114 2871 et
1148 2844 1225 2883 per
1254 2830 1554 2880 “Aroerem,'’
1579 2829 1835 2883 significan-

354 2900 451 2943 tur;
496 2893 615 2946 quod
653 2893 915 2946 deperditae
953 2894 1056 2941 sint,
1092 2893 1359 2933 describitur
1396 2907 1474 2946 per
1506 2893 1626 2946 quod
1662 2891 1834 2933 “relin-

354 2962 547 3008 quentur
569 2957 612 2995 in
636 2970 689 2996 eo
712 2957 1055 3004 racemationes,
1082 2957 1196 2996 sicut
1223 2957 1266 2995 in
1290 2956 1553 2996 decussione
1577 2955 1719 3003 oleae,
1744 2961 1836 2995 tres

353 3018 520 3060 baccae
553 3019 595 3058 in
629 3020 777 3072 capite
810 3020 1155 3072 rami,dquatu0r
1187 3019 1379 3072 quinque
1411 3019 1455 3058 in
1487 3016 1654 3059 1²¹ramis
1680 3016 1830 3058 fructi-
