2008 3458
148 254 157 262 »a
186 262 190 264 .

136 263 243 278 ........

518 409 626 444 CAP.
650 409 773 451 xm„
797 408 938 442 VERS.
966 408 1138 441 11.—N.
1162 398 1323 454 817[e].
1564 409 1677 455 2297

103 514 332 585 ‘stamen'
350 516 757 577 repraesentarent
787 520 1050 570 ecclesiam,
1078 534 1193 575 quae
1225 520 1270 560 in
1300 519 1425 560 bono
1451 519 1675 574 spirituali

163 577 217 629 di:
235 585 450 641 caelesti,
477 591 524 627 et
550 585 656 626 inde
682 585 728 625 in
754 585 872 625 veris
898 590 985 633 est,
1013 583 1284 624 mandatum
1311 589 1382 624 est
1405 589 1454 624 ut
1481 583 1673 624 circum-

88 640 442 705 ''biderentun
502 647 580 689 Ex
605 648 675 689 his
701 654 920 689 constare
946 653 1102 701 potest
1129 646 1252 701 quod
1277 645 1543 699 religiosum
1560 647 1674 688 illud

164 706 318 762 h'bdie,
342 712 467 768 quod
493 718 678 766 separat
705 710 982 752 charitatem
1005 724 1031 751 a
1053 709 1155 760 fide,
1178 710 1222 750 in
1249 723 1386 750 sensu
1404 723 1671 764 repraesen-

80 766 318 827 ·ἵξ-’ᾓκῗὲῒίνο
342 775 403 817 sit
431 774 729 816 Philisthaea.

80 828 146 891 '‘‚j'‘
195 843 197 845 ’
249 837 331 895 [8.]
376 836 617 880 Hactenus
642 838 698 878 de
723 837 1042 878 Philisthaeis:
1076 850 1196 878 nunc
1223 837 1395 890 aliquid
1418 837 1596 878 dicetur
1617 837 1673 877 de

164 894 308 945 hircis
338 906 386 943 et
418 901 476 943 de
512 901 690 948 ovibus,
724 914 858 954 super
889 914 1003 953 quos
1040 901 1125 940 erit
1151 899 1387 953 judicium,
1420 900 1674 940 secundum

91 959 353 1009 ἐῡοτηίηὶ
387 963 529 1005 verba
568 963 689 1017 apud
728 962 1014 1003 Matthaeum
1058 962 1178 1016 (cap.
1219 977 1331 1003 xxv.
1371 974 1420 1015 31
1463 963 1522 1003 ad
1561 962 1672 1016 fin).

86 1022 133 1071 ”ff
164 1012 436 1070 Communis
465 1027 621 1080 opinio
647 1032 718 1066 est
750 1025 872 1080 quod
899 1039 980 1079 per
1008 1025 1231 1066 “hircos’'
1262 1026 1323 1066 ibi
1352 1025 1674 1079 intelligantur

28 1102 30 1105 ’
71 1087 327 1147 somnes
351 1089 488 1141 mali;
520 1095 568 1130 et
595 1089 819 1130 hactenus
845 1088 1058 1142 ignotum
1085 1088 1166 1129 suit
1193 1089 1316 1143 quod
1343 1103 1424 1143 per
1451 1089 1640 1129 “hircos
1653 1088 1674 1103 ”

161 1150 225 1195 ibi
253 1151 577 1206 intelligantur
607 1152 682 1206 qui
713 1152 755 1192 in
789 1151 877 1192 fide
909 1159 1124 1206 separata
1155 1166 1181 1192 a
1212 1152 1441 1194 charitate
1472 1158 1594 1201 sunt,
1626 1159 1674 1193 et

162 1224 245 1273 per
263 1214 446 1257 “oves”
466 1215 533 1256 illi
555 1216 630 1270 qui
655 1215 699 1256 in
722 1214 810 1256 fide
833 1229 894 1256 ex
917 1215 1147 1256 charitate
1165 1222 1285 1257 sunt.
1346 1216 1430 1256 Per
1451 1215 1673 1256 “hircos’'

78 1279 130 1325 ’.,μζ
161 1278 208 1320 in
231 1291 370 1320 sensu
399 1278 525 1320 bono
557 1278 883 1332 intelliguntur
908 1278 984 1333 qui
1014 1279 1059 1319 in
1086 1278 1211 1319 bono
1241 1279 1441 1320 naturali
1471 1285 1593 1327 sunt,
1625 1285 1673 1319 et

72 1327 96 1397 -ἶ
116 1338 123 1342 ’
160 1340 330 1384 inde‘m
347 1342 482 1391 veris,
499 1355 617 1396 quae
631 1355 741 1382 vera
759 1349 985 1383 vocantur
1002 1342 1296 1395 cognitiones
1312 1342 1407 1383 veri
1423 1348 1470 1383 et
1489 1342 1598 1383 boni
1613 1356 1672 1383 ex

149 1402 301 1447 'sensu
331 1403 532 1445 naturali
558 1402 730 1455 Verbi;
762 1403 807 1444 hi
839 1418 918 1445 seu
948 1404 993 1446 id
1025 1404 1197 1445 bonum
1229 1411 1275 1446 et
1306 1405 1413 1446 inde
1443 1404 1488 1445 id
1514 1418 1672 1445 verum

80 1460 140 1526 ,ς’-’ῃ
162 1466 451 1522 significatur
475 1480 556 1522 per
583 1471 609 1488 ‘⁴
628 1466 812 1508 hircos''
838 1467 914 1522 qui
945 1467 1348 1509 sacrificabantur:

207 1558 348 1604 (Quod
364 1560 538 1598 sacrificia
550 1561 659 1592 etiam
674 1559 770 1592 facta
786 1561 859 1593 sint
872 1571 916 1592 ex
929 1561 1047 1599 hircis,
1062 1567 1204 1593 constat
1221 1571 1265 1593 ex
1281 1561 1440 1599 Levitzco,
1458 1571 1534 1602 cap.
1550 1561 1594 1593 iv.
1610 1570 1673 1600 23;

337 1613 413 1645 cap.
425 1604 472 1637 ix.
485 1612 559 1643 2-4,
572 1605 678 1644 8—23;
699 1614 775 1645 cap.
788 1605 858 1636 xvi.
872 1612 978 1642 2-20;
1000 1615 1076 1646 cap.
1089 1605 1184 1637 xxiii.
1200 1605 1249 1643 18,
1265 1613 1323 1646 19:
1342 1606 1455 1637 Num.
1467 1615 1525 1636 xv.
1541 1613 1673 1645 22—29;

336 1658 414 1690 cap.
430 1648 555 1681 xxviii.
575 1656 692 1687 11-15,
713 1649 752 1679 18
769 1649 815 1680 ad
833 1648 907 1688 fin.;
932 1658 1008 1690 cap.
1026 1649 1135 1681 xxixa
1162 1655 1197 1680 et
1213 1631 1297 1680 alibi
1309 1649 1331 1689 ε)

164 1726 327 1779 ornnes
353 1735 483 1777 enim·
501 1735 677 1776 bestiae
703 1749 763 1776 ex
789 1735 954 1789 quibus
976 1735 1197 1777 sacrificia
1228 1735 1415 1786 fiebant,
1443 1731 1672 1790 significa-

148 1796 276 1850 vbant
308 1798 422 1840 talia
443 1811 560 1854 quae
585 1805 694 1839 sunt
720 1798 958 1848 ecclesiae,
986 1813 1104 1853 quae
1135 1800 1289 1840 omnia
1314 1813 1363 1840 se
1389 1800 1590 1841 referunt
1615 1800 1673 1841 ad

160 1861 286 1904 bona
309 1866 358 1903 et
381 1875 492 1903 vera
513 1874 522 1902 ι
554 1861 678 1902 bona
702 1868 749 1902 et
775 1861 882 1903 inde
907 1876 1017 1903 vera
1043 1862 1279 1912 caelestia,
1306 1863 1350 1904 in
1376 1862 1539 1917 cluibus
1565 1869 1673 1904 sunt

64 1923 125 1984 'J
159 1922 318 1980 angeli
347 1921 393 1966 in
423 1924 566 1966 tertio
596 1924 742 1974 caelo,
770 1923 1151 1978 significabantur
1177 1939 1257 1979 per
1281 1930 1468 1979 “agnos
1485 1925 1520 1977 ;”
1551 1926 1674 1966 bona

67 2030 74 2045 ,
156 1982 318 2031 autem
343 1993 391 2029 et
416 2001 526 2029 vera
556 1987 827 2041 spiritualia,
855 1988 899 2028 in
925 1988 1087 2042 quibus
1119 1995 1226 2030 sunt
1257 1989 1414 2043 angeli
1444 1989 1488 2030 in
1520 1989 1674 2030 medio

159 2049 308 2105 caelo,
335 2050 714 2104 significabantur
737 2065 817 2105 per
841 2052 1051 2092 “arietes
1073 2051 1108 2102 ;”
1139 2065 1190 2093 ac
1216 2052 1339 2093 bona
1364 2058 1412 2093 et
1438 2053 1544 2093 inde
1565 2067 1674 2094 vera

68 2113 128 2164 ,.“’,·
160 2113 405 2163 naturalia,
428 2114 472 2155 in
496 2114 659 2168 quibus
685 2121 792 2155 sunt
815 2114 971 2168 angeli
997 2115 1073 2169 qui
1098 2116 1142 2156 in
1169 2115 1334 2156 ultimo
1360 2116 1507 2165 caelo,
1531 2117 1672 2170 signi—

63 2170 68 2197 ³'
143 2175 420 2226 *ficabantur
436 2191 517 2232 per
541 2177 772 2218 “hircos’'
831 2177 962 2219 Bona
984 2184 1031 2219 et
1049 2193 1159 2219 vera
1181 2179 1402 2220 caelestia
1423 2185 1530 2220 sunt
1553 2179 1674 2233 apud

145 2239 270 2283 ¹illos,
289 2241 365 2295 qui
388 2240 434 2282 in
459 2253 617 2282 amore
642 2241 686 2282 in
714 2240 966 2282 Dominum
993 2248 1128 2293 sunt3
1161 2242 1284 2283 bona
1309 2249 1466 2283 autem
1493 2249 1540 2284 et
1566 2257 1674 2284 vera

56 2298 82 2350 ‘J'l
163 2296 421 2359 spiritualia
455 2309 563 2345 sunt
598 2304 719 2358 apud
756 2304 862 2345 illos
893 2305 968 2359 qui
999 2305 1044 2346 in
1075 2319 1234 2347 amore
1265 2320 1376 2360 erga
1407 2307 1671 2360 proximum

157 2371 298 2419 ·sunt;
328 2379 382 2408 ac
413 2366 536 2408 bona
565 2373 613 2408 et
639 2381 748 2408 vera
780 2368 1009 2409 naturalia
1032 2375 1140 2410 sunt
1171 2369 1293 2423 apud
1324 2369 1429 2410 illos
1455 2370 1529 2424 qui
1555 2370 1674 2411 bene

161 2428 324 2471 vivunt
359 2430 611 2471 secundum
636 2444 745 2471 vera
776 2444 836 2472 ex
867 2430 1110 2473 affectione
1151 2432 1363 2473 naturali.
1425 2432 1554 2475 Haec
1593 2447 1674 2487 per

64 2487 70 2527 ἶ»
162 2496 259 2537 tres
279 2490 384 2534 illas
405 2492 578 2535 bestias
601 2493 920 2547 significantur
941 2494 986 2535 in
1008 2495 1144 2536 variis
1169 2495 1282 2536 locis
1304 2495 1350 2536 in
1373 2495 1533 2537 Verbo

347 2586 412 2627 (Ut
427 2587 522 2629 apud
537 2587 760 2627 Ezechielem,
778 2598 852 2630 cap.
870 2589 980 2622 xxvii.
999 2597 1037 2621 21
1057 2599 1064 2629 ;
1089 2596 1124 2622 et
1141 2590 1177 2621 in
1197 2591 1321 2623 Deutr.
1340 2592 1447 2623 xxxii.
1469 2591 1532 2631 14).

164 2676 234 2719 At
264 2677 370 2732 quia
399 2678 619 2733 pleraque
650 2679 694 2720 in
721 2678 881 2721 Verbo
911 2680 1053 2722 etiam
1085 2682 1350 2735 oppositum
1376 2697 1560 2724 sensum
1592 2683 1675 2724 ha-

63 2740 131 2775 ‚²2.
163 2738 294 2789 bent,
321 2741 385 2782 ita
414 2755 596 2796 quoque
625 2742 818 2792 “hirci,'’
840 2743 915 2797 qui
946 2743 990 2784 in
1022 2758 1077 2784 eo
1109 2758 1246 2785 sensu
1277 2745 1539 2799 significant
1569 2746 1675 2787 illos

55 2795 115 2859 ¹¹:¹2
165 2803 242 2858 qui
270 2803 316 2845 in
346 2802 434 2845 fide
465 2810 682 2858 separata
710 2819 736 2846 a
767 2805 998 2847 charitate
1030 2813 1152 2856 sunt,
1181 2821 1241 2848 ex
1273 2821 1412 2849 causa
1437 2809 1542 2862 quia
1566 2823 1675 2863 prae

84 2874 107 2921 J
166 2866 336 2908 ceteris
362 2865 519 2907 lascivi
544 2874 665 2916 sunt,
689 2874 737 2909 et
763 2868 868 2922 quia
893 2882 974 2922 per
998 2869 1104 2910 illos
1129 2870 1172 2910 in
1197 2871 1399 2924 genuino
1421 2885 1556 2912 sensu
1582 2872 1676 2926 sig—

57 2949 65 2976 -,
83 2931 108 2981 »J
166 2927 410 2971 nificantur
427 2930 502 2983 qui
522 2930 567 2970 in
585 2930 709 2971 bono
727 2937 774 2972 et
796 2931 903 2972 inde
921 2945 1031 2972 vero
1050 2933 1248 2973 naturali
1271 2941 1377 2974 sunt
1399 2948 1408 2985 ;
1439 2948 1491 2976 ac
1513 2947 1677 2976 omnes

135 2989 230 3033 villi
260 2993 335 3046 qui
373 2992 418 3033 in
454 2991 540 3034 fide
581 3000 796 3048 separata
827 3008 854 3035 a
889 2994 1120 3036 charitate
1160 3002 1256 3036 tam
1292 2995 1503 3038 doctrina
1538 3012 1674 3052 quam

165 3053 262 3096 vita
285 3061 408 3106 sunt,
432 3068 556 3097 mere
584 3056 820 3098 naturales
847 3064 967 3099 sunt.
1028 3057 1165 3112 Quod
1191 3059 1257 3099 illi
1283 3073 1363 3113 per
1388 3059 1609 3102 “hircos''
1630 3061 1675 3102 in
