<?xml version="1.0" encoding="UTF-8"?>
<!DOCTYPE html PUBLIC "-//W3C//DTD XHTML 1.0 Transitional//EN"
    "http://www.w3.org/TR/xhtml1/DTD/xhtml1-transitional.dtd">
<html xmlns="http://www.w3.org/1999/xhtml" xml:lang="en" lang="en">
 <head>
  <title>
</title>
<meta http-equiv="Content-Type" content="text/html;charset=utf-8" />
  <meta name='ocr-system' content='tesseract 3.04.00' />
  <meta name='ocr-capabilities' content='ocr_page ocr_carea ocr_par ocr_line ocrx_word'/>
</head>
<body>
  <div class='ocr_page' id='page_1' title='image "apocalypsisexpli04sweduoft_0350.png"; bbox 0 0 2008 3458; ppageno 0'>
   <div class='ocr_carea' id='block_1_1' title="bbox 379 369 1451 413">
    <p class='ocr_par' dir='ltr' id='par_1_1' title="bbox 379 369 1451 413">
     <span class='ocr_line' id='line_1_1' title="bbox 379 369 1451 413; baseline 0.002 -13"><span class='ocrx_word' id='word_1_1' title='bbox 379 369 488 413; x_wconf 84' lang='grc'>2252</span> <span class='ocrx_word' id='word_1_2' title='bbox 795 369 1124 402; x_wconf 88' lang='lat' dir='ltr'>APOCALYPSIS</span> <span class='ocrx_word' id='word_1_3' title='bbox 1155 369 1451 402; x_wconf 87' lang='lat' dir='ltr'><strong>EXPLICATA.</strong></span> 
     </span>
    </p>
   </div>
   <div class='ocr_carea' id='block_1_2' title="bbox 379 479 1866 723">
    <p class='ocr_par' dir='ltr' id='par_1_2' title="bbox 379 479 1866 723">
     <span class='ocr_line' id='line_1_2' title="bbox 380 479 1863 534; baseline 0.003 -14"><span class='ocrx_word' id='word_1_4' title='bbox 380 494 494 533; x_wconf 90' lang='lat' dir='ltr'>quae</span> <span class='ocrx_word' id='word_1_5' title='bbox 516 481 651 528; x_wconf 85' lang='lat' dir='ltr'>vitae,</span> <span class='ocrx_word' id='word_1_6' title='bbox 677 494 789 533; x_wconf 89' lang='lat' dir='ltr'>quae</span> <span class='ocrx_word' id='word_1_7' title='bbox 811 481 977 522; x_wconf 85' lang='lat' dir='ltr'>facient</span> <span class='ocrx_word' id='word_1_8' title='bbox 999 481 1241 534; x_wconf 81' lang='lat' dir='ltr'>genuinam</span> <span class='ocrx_word' id='word_1_9' title='bbox 1269 479 1519 522; x_wconf 68' lang='lat' dir='ltr'>doctrinam</span> <span class='ocrx_word' id='word_1_10' title='bbox 1544 495 1603 521; x_wconf 87' lang='lat' dir='ltr'>ex</span> <span class='ocrx_word' id='word_1_11' title='bbox 1625 479 1793 531; x_wconf 86' lang='lat' dir='ltr'>Verbo,</span> <span class='ocrx_word' id='word_1_12' title='bbox 1814 485 1863 525; x_wconf 81' lang='lat' dir='ltr'>et</span> 
     </span>
     <span class='ocr_line' id='line_1_3' title="bbox 379 542 1864 596; baseline 0.001 -14"><span class='ocrx_word' id='word_1_13' title='bbox 379 556 493 594; x_wconf 89' lang='lat' dir='ltr'>quae</span> <span class='ocrx_word' id='word_1_14' title='bbox 519 543 622 583; x_wconf 90' lang='lat' dir='ltr'>inde</span> <span class='ocrx_word' id='word_1_15' title='bbox 649 543 930 596; x_wconf 86' lang='lat' dir='ltr'>theologiam</span> <span class='ocrx_word' id='word_1_16' title='bbox 957 544 1000 583; x_wconf 92' lang='lat' dir='ltr'>in</span> <span class='ocrx_word' id='word_1_17' title='bbox 1028 543 1286 584; x_wconf 88' lang='lat' dir='ltr'>Christiano</span> <span class='ocrx_word' id='word_1_18' title='bbox 1310 543 1444 584; x_wconf 87' lang='lat' dir='ltr'>orbe?</span> <span class='ocrx_word' id='word_1_19' title='bbox 1477 543 1538 584; x_wconf 92' lang='lat' dir='ltr'>Et</span> <span class='ocrx_word' id='word_1_20' title='bbox 1561 544 1662 596; x_wconf 89' lang='lat' dir='ltr'>quia</span> <span class='ocrx_word' id='word_1_21' title='bbox 1682 542 1794 584; x_wconf 89' lang='lat' dir='ltr'>haec</span> <span class='ocrx_word' id='word_1_22' title='bbox 1818 543 1864 585; x_wconf 72' lang='lat' dir='ltr'>in</span> 
     </span>
     <span class='ocr_line' id='line_1_4' title="bbox 380 604 1866 659; baseline 0.003 -16"><span class='ocrx_word' id='word_1_23' title='bbox 380 604 561 645; x_wconf 41' lang='lat' dir='ltr'>illa‘fide</span> <span class='ocrx_word' id='word_1_24' title='bbox 580 618 670 645; x_wconf 91' lang='lat' dir='ltr'>non</span> <span class='ocrx_word' id='word_1_25' title='bbox 689 605 866 653; x_wconf 85' lang='lat' dir='ltr'>dantur,</span> <span class='ocrx_word' id='word_1_26' title='bbox 887 606 1087 658; x_wconf 89' lang='lat' dir='ltr'>sequitur</span> <span class='ocrx_word' id='word_1_27' title='bbox 1103 606 1221 659; x_wconf 91' lang='lat' dir='ltr'>quod</span> <span class='ocrx_word' id='word_1_28' title='bbox 1240 619 1330 645; x_wconf 91' lang='lat' dir='ltr'>non</span> <span class='ocrx_word' id='word_1_29' title='bbox 1349 605 1493 646; x_wconf 93' lang='lat' dir='ltr'>solum</span> <span class='ocrx_word' id='word_1_30' title='bbox 1512 606 1570 645; x_wconf 89' lang='lat' dir='ltr'>sit</span> <span class='ocrx_word' id='word_1_31' title='bbox 1592 604 1702 646; x_wconf 87' lang='lat' dir='ltr'>fides</span> <span class='ocrx_word' id='word_1_32' title='bbox 1720 605 1866 647; x_wconf 80' lang='lat' dir='ltr'>inanis</span> 
     </span>
     <span class='ocr_line' id='line_1_5' title="bbox 380 666 1866 723; baseline 0.001 -17"><span class='ocrx_word' id='word_1_33' title='bbox 380 673 426 706; x_wconf 91' lang='lat' dir='ltr'>et</span> <span class='ocrx_word' id='word_1_34' title='bbox 445 680 601 714; x_wconf 91' lang='lat' dir='ltr'>vacua,</span> <span class='ocrx_word' id='word_1_35' title='bbox 619 667 697 707; x_wconf 90' lang='lat' dir='ltr'>sed</span> <span class='ocrx_word' id='word_1_36' title='bbox 717 667 854 707; x_wconf 88' lang='lat' dir='ltr'>etiam</span> <span class='ocrx_word' id='word_1_37' title='bbox 871 666 982 707; x_wconf 88' lang='lat' dir='ltr'>fides</span> <span class='ocrx_word' id='word_1_38' title='bbox 999 681 1089 708; x_wconf 90' lang='lat' dir='ltr'>non</span> <span class='ocrx_word' id='word_1_39' title='bbox 1107 668 1210 708; x_wconf 90' lang='lat' dir='ltr'>veri.</span> <span class='ocrx_word' id='word_1_40' title='bbox 1254 667 1474 708; x_wconf 85' lang='lat' dir='ltr'>Mirantur</span> <span class='ocrx_word' id='word_1_41' title='bbox 1491 666 1619 707; x_wconf 91' lang='lat' dir='ltr'>multi</span> <span class='ocrx_word' id='word_1_42' title='bbox 1637 667 1680 707; x_wconf 89' lang='lat' dir='ltr'>in</span> <span class='ocrx_word' id='word_1_43' title='bbox 1698 666 1866 723; x_wconf 77' lang='lat' dir='ltr'>mundo</span> 
     </span>
    </p>
   </div>
   <div class='ocr_carea' id='block_1_3' title="bbox 381 729 1899 784">
    <p class='ocr_par' dir='ltr' id='par_1_3' title="bbox 381 729 1899 784">
     <span class='ocr_line' id='line_1_6' title="bbox 381 729 1899 784; baseline 0.001 -16"><span class='ocrx_word' id='word_1_44' title='bbox 381 729 613 781; x_wconf 81' lang='lat' dir='ltr'>spirituali,</span> <span class='ocrx_word' id='word_1_45' title='bbox 631 735 676 769; x_wconf 93' lang='lat' dir='ltr'>et</span> <span class='ocrx_word' id='word_1_46' title='bbox 694 742 853 769; x_wconf 91' lang='lat' dir='ltr'>omnes</span> <span class='ocrx_word' id='word_1_47' title='bbox 871 730 913 769; x_wconf 92' lang='lat' dir='ltr'>in</span> <span class='ocrx_word' id='word_1_48' title='bbox 933 729 1075 779; x_wconf 88' lang='lat' dir='ltr'>caelo,</span> <span class='ocrx_word' id='word_1_49' title='bbox 1095 730 1214 784; x_wconf 91' lang='lat' dir='ltr'>quod</span> <span class='ocrx_word' id='word_1_50' title='bbox 1237 729 1471 782; x_wconf 85' lang='lat' dir='ltr'>theologia</span> <span class='ocrx_word' id='word_1_51' title='bbox 1489 729 1731 770; x_wconf 82' lang='lat' dir='ltr'>Christiani</span> <span class='ocrx_word' id='word_1_52' title='bbox 1748 729 1866 771; x_wconf 88' lang='lat' dir='ltr'>orbis</span> <span class='ocrx_word' id='word_1_53' title='bbox 1892 744 1899 749; x_wconf 87' lang='lat'><strong>·</strong></span> 
     </span>
    </p>
   </div>
   <div class='ocr_carea' id='block_1_4' title="bbox 380 789 1867 1157">
    <p class='ocr_par' dir='ltr' id='par_1_4' title="bbox 380 789 1867 1157">
     <span class='ocr_line' id='line_1_7' title="bbox 380 789 1865 840; baseline 0.001 -9"><span class='ocrx_word' id='word_1_54' title='bbox 380 789 562 831; x_wconf 68' lang='lat' dir='ltr'>redacta</span> <span class='ocrx_word' id='word_1_55' title='bbox 588 792 644 832; x_wconf 89' lang='lat' dir='ltr'>sit</span> <span class='ocrx_word' id='word_1_56' title='bbox 671 792 714 831; x_wconf 92' lang='lat' dir='ltr'>in</span> <span class='ocrx_word' id='word_1_57' title='bbox 744 791 884 832; x_wconf 91' lang='lat' dir='ltr'>talem</span> <span class='ocrx_word' id='word_1_58' title='bbox 914 792 1187 833; x_wconf 89' lang='lat' dir='ltr'>inanitatem</span> <span class='ocrx_word' id='word_1_59' title='bbox 1213 798 1259 832; x_wconf 90' lang='lat' dir='ltr'>et</span> <span class='ocrx_word' id='word_1_60' title='bbox 1286 793 1577 840; x_wconf 82' lang='lat' dir='ltr'>vacuitatem,</span> <span class='ocrx_word' id='word_1_61' title='bbox 1605 797 1653 832; x_wconf 89' lang='lat' dir='ltr'>ut</span> <span class='ocrx_word' id='word_1_62' title='bbox 1680 791 1865 833; x_wconf 89' lang='lat' dir='ltr'>tandem</span> 
     </span>
     <span class='ocr_line' id='line_1_8' title="bbox 381 853 1866 906; baseline 0.001 -14"><span class='ocrx_word' id='word_1_63' title='bbox 381 866 562 893; x_wconf 90' lang='lat' dir='ltr'>omnem</span> <span class='ocrx_word' id='word_1_64' title='bbox 604 853 728 894; x_wconf 92' lang='lat' dir='ltr'>illam</span> <span class='ocrx_word' id='word_1_65' title='bbox 768 853 1073 895; x_wconf 84' lang='lat' dir='ltr'>concluserint</span> <span class='ocrx_word' id='word_1_66' title='bbox 1119 855 1162 894; x_wconf 92' lang='lat' dir='ltr'>in</span> <span class='ocrx_word' id='word_1_67' title='bbox 1205 855 1532 894; x_wconf 86' lang='lat' dir='ltr'>enuntiativum</span> <span class='ocrx_word' id='word_1_68' title='bbox 1575 853 1866 906; x_wconf 86' lang='lat' dir='ltr'>cogitationis</span> 
     </span>
     <span class='ocr_line' id='line_1_9' title="bbox 382 914 1867 966; baseline 0.001 -11"><span class='ocrx_word' id='word_1_69' title='bbox 382 915 531 956; x_wconf 91' lang='lat' dir='ltr'>dabile</span> <span class='ocrx_word' id='word_1_70' title='bbox 556 917 694 956; x_wconf 89' lang='lat' dir='ltr'>etiam</span> <span class='ocrx_word' id='word_1_71' title='bbox 722 916 852 957; x_wconf 90' lang='lat' dir='ltr'>malis</span> <span class='ocrx_word' id='word_1_72' title='bbox 879 931 936 957; x_wconf 88' lang='lat' dir='ltr'>ex</span> <span class='ocrx_word' id='word_1_73' title='bbox 964 917 1126 957; x_wconf 87' lang='lat' dir='ltr'>timore</span> <span class='ocrx_word' id='word_1_74' title='bbox 1150 917 1306 957; x_wconf 90' lang='lat' dir='ltr'>inferni</span> <span class='ocrx_word' id='word_1_75' title='bbox 1332 917 1375 956; x_wconf 92' lang='lat' dir='ltr'>in</span> <span class='ocrx_word' id='word_1_76' title='bbox 1406 916 1518 957; x_wconf 91' lang='lat' dir='ltr'>hora</span> <span class='ocrx_word' id='word_1_77' title='bbox 1549 916 1732 966; x_wconf 91' lang='lat' dir='ltr'>mortis;</span> <span class='ocrx_word' id='word_1_78' title='bbox 1763 914 1867 957; x_wconf 65' lang='lat' dir='ltr'>inde</span> 
     </span>
     <span class='ocr_line' id='line_1_10' title="bbox 385 977 1867 1032; baseline 0 -13"><span class='ocrx_word' id='word_1_79' title='bbox 385 979 502 1031; x_wconf 85' lang='lat' dir='ltr'>apud</span> <span class='ocrx_word' id='word_1_80' title='bbox 535 979 764 1032; x_wconf 82' lang='lat' dir='ltr'>perplures</span> <span class='ocrx_word' id='word_1_81' title='bbox 796 993 854 1019; x_wconf 85' lang='lat' dir='ltr'>ex</span> <span class='ocrx_word' id='word_1_82' title='bbox 887 979 1159 1019; x_wconf 88' lang='lat' dir='ltr'>Reformatis</span> <span class='ocrx_word' id='word_1_83' title='bbox 1191 979 1234 1018; x_wconf 90' lang='lat' dir='ltr'>in</span> <span class='ocrx_word' id='word_1_84' title='bbox 1267 977 1525 1019; x_wconf 88' lang='lat' dir='ltr'>Christiano</span> <span class='ocrx_word' id='word_1_85' title='bbox 1557 978 1663 1018; x_wconf 91' lang='lat' dir='ltr'>orbe</span> <span class='ocrx_word' id='word_1_86' title='bbox 1688 983 1867 1032; x_wconf 83' lang='lat' dir='ltr'>reperta</span> 
     </span>
     <span class='ocr_line' id='line_1_11' title="bbox 382 1039 1867 1094; baseline -0.001 -13"><span class='ocrx_word' id='word_1_87' title='bbox 382 1047 451 1081; x_wconf 89' lang='lat' dir='ltr'>est</span> <span class='ocrx_word' id='word_1_88' title='bbox 484 1041 588 1081; x_wconf 90' lang='lat' dir='ltr'>talis</span> <span class='ocrx_word' id='word_1_89' title='bbox 620 1043 824 1082; x_wconf 87' lang='lat' dir='ltr'>vacuitas</span> <span class='ocrx_word' id='word_1_90' title='bbox 855 1041 997 1094; x_wconf 91' lang='lat' dir='ltr'>qualis</span> <span class='ocrx_word' id='word_1_91' title='bbox 1028 1041 1146 1094; x_wconf 92' lang='lat' dir='ltr'>apud</span> <span class='ocrx_word' id='word_1_92' title='bbox 1178 1040 1449 1081; x_wconf 89' lang='lat' dir='ltr'>Pontificios.</span> <span class='ocrx_word' id='word_1_93' title='bbox 1510 1040 1803 1094; x_wconf 86' lang='lat' dir='ltr'>Expendant,</span> <span class='ocrx_word' id='word_1_94' title='bbox 1831 1039 1867 1081; x_wconf 83' lang='lat' dir='ltr'>si</span> 
     </span>
     <span class='ocr_line' id='line_1_12' title="bbox 386 1102 1864 1157; baseline 0 -13"><span class='ocrx_word' id='word_1_95' title='bbox 386 1104 545 1153; x_wconf 87' lang='lat' dir='ltr'>velint,</span> <span class='ocrx_word' id='word_1_96' title='bbox 571 1117 675 1144; x_wconf 90' lang='lat' dir='ltr'>num</span> <span class='ocrx_word' id='word_1_97' title='bbox 698 1105 845 1157; x_wconf 90' lang='lat' dir='ltr'>aliqua</span> <span class='ocrx_word' id='word_1_98' title='bbox 870 1104 956 1144; x_wconf 87' lang='lat' dir='ltr'>illis</span> <span class='ocrx_word' id='word_1_99' title='bbox 982 1118 1078 1144; x_wconf 90' lang='lat' dir='ltr'>sors</span> <span class='ocrx_word' id='word_1_100' title='bbox 1104 1104 1221 1144; x_wconf 88' lang='lat' dir='ltr'>inter</span> <span class='ocrx_word' id='word_1_101' title='bbox 1242 1102 1431 1156; x_wconf 86' lang='lat' dir='ltr'>angelos</span> <span class='ocrx_word' id='word_1_102' title='bbox 1457 1102 1570 1143; x_wconf 91' lang='lat' dir='ltr'>caeli</span> <span class='ocrx_word' id='word_1_103' title='bbox 1592 1103 1686 1143; x_wconf 84' lang='lat' dir='ltr'>dari</span> <span class='ocrx_word' id='word_1_104' title='bbox 1708 1103 1864 1156; x_wconf 85' lang='lat' dir='ltr'>possit,</span> 
     </span>
    </p>
   </div>
   <div class='ocr_carea' id='block_1_5' title="bbox 382 1165 1904 1220">
    <p class='ocr_par' dir='ltr' id='par_1_5' title="bbox 382 1165 1904 1220">
     <span class='ocr_line' id='line_1_13' title="bbox 382 1165 1904 1220; baseline 0 -14"><span class='ocrx_word' id='word_1_105' title='bbox 382 1181 568 1220; x_wconf 88' lang='lat' dir='ltr'>quorum</span> <span class='ocrx_word' id='word_1_106' title='bbox 593 1167 898 1220; x_wconf 86' lang='lat' dir='ltr'>intelligentia</span> <span class='ocrx_word' id='word_1_107' title='bbox 920 1173 989 1208; x_wconf 90' lang='lat' dir='ltr'>est</span> <span class='ocrx_word' id='word_1_108' title='bbox 1012 1181 1070 1207; x_wconf 87' lang='lat' dir='ltr'>ex</span> <span class='ocrx_word' id='word_1_109' title='bbox 1093 1167 1208 1207; x_wconf 91' lang='lat' dir='ltr'>veris</span> <span class='ocrx_word' id='word_1_110' title='bbox 1230 1167 1273 1206; x_wconf 94' lang='lat' dir='ltr'>in</span> <span class='ocrx_word' id='word_1_111' title='bbox 1297 1166 1465 1214; x_wconf 89' lang='lat' dir='ltr'>Verbo,</span> <span class='ocrx_word' id='word_1_112' title='bbox 1490 1179 1541 1206; x_wconf 91' lang='lat' dir='ltr'>ac</span> <span class='ocrx_word' id='word_1_113' title='bbox 1566 1165 1786 1218; x_wconf 82' lang='lat' dir='ltr'>sapientia</span> <span class='ocrx_word' id='word_1_114' title='bbox 1807 1179 1866 1206; x_wconf 89' lang='lat' dir='ltr'>ex</span> <span class='ocrx_word' id='word_1_115' title='bbox 1901 1199 1904 1202; x_wconf 97' lang='lat'>.</span> 
     </span>
    </p>
   </div>
   <div class='ocr_carea' id='block_1_6' title="bbox 381 1227 1867 1346">
    <p class='ocr_par' dir='ltr' id='par_1_6' title="bbox 381 1227 1867 1346">
     <span class='ocr_line' id='line_1_14' title="bbox 387 1227 1867 1283; baseline -0.001 -14"><span class='ocrx_word' id='word_1_116' title='bbox 387 1230 502 1270; x_wconf 88' lang='lat' dir='ltr'>veris</span> <span class='ocrx_word' id='word_1_117' title='bbox 538 1228 654 1278; x_wconf 66' lang='grc' dir='ltr'>ειδὶυ,</span> <span class='ocrx_word' id='word_1_118' title='bbox 694 1244 806 1283; x_wconf 89' lang='lat' dir='ltr'>quae</span> <span class='ocrx_word' id='word_1_119' title='bbox 839 1235 1060 1270; x_wconf 89' lang='lat' dir='ltr'>vocantur</span> <span class='ocrx_word' id='word_1_120' title='bbox 1095 1229 1229 1270; x_wconf 88' lang='lat' dir='ltr'>bona.</span> <span class='ocrx_word' id='word_1_121' title='bbox 1293 1228 1394 1269; x_wconf 91' lang='lat' dir='ltr'>Hoc</span> <span class='ocrx_word' id='word_1_122' title='bbox 1433 1242 1608 1282; x_wconf 92' lang='lat' dir='ltr'>quoque</span> <span class='ocrx_word' id='word_1_123' title='bbox 1642 1234 1712 1269; x_wconf 89' lang='lat' dir='ltr'>est</span> <span class='ocrx_word' id='word_1_124' title='bbox 1747 1227 1867 1282; x_wconf 91' lang='lat' dir='ltr'>quod</span> 
     </span>
     <span class='ocr_line' id='line_1_15' title="bbox 381 1292 1132 1346; baseline -0.001 -13"><span class='ocrx_word' id='word_1_125' title='bbox 381 1293 650 1346; x_wconf 88' lang='lat' dir='ltr'>intelligitur</span> <span class='ocrx_word' id='word_1_126' title='bbox 675 1307 753 1346; x_wconf 91' lang='lat' dir='ltr'>per</span> <span class='ocrx_word' id='word_1_127' title='bbox 779 1293 961 1333; x_wconf 90' lang='lat' dir='ltr'>Domini</span> <span class='ocrx_word' id='word_1_128' title='bbox 983 1292 1132 1340; x_wconf 87' lang='lat' dir='ltr'>verba,</span> 
     </span>
    </p>
   </div>
   <div class='ocr_carea' id='block_1_7' title="bbox 444 1374 1915 1416">
    <p class='ocr_par' dir='ltr' id='par_1_7' title="bbox 444 1374 1915 1416">
     <span class='ocr_line' id='line_1_16' title="bbox 444 1374 1915 1416; baseline -0.001 -7"><span class='ocrx_word' id='word_1_129' title='bbox 444 1378 463 1393; x_wconf 89' lang='lat'>“</span> <span class='ocrx_word' id='word_1_130' title='bbox 477 1377 586 1409; x_wconf 89' lang='lat' dir='ltr'>Filius</span> <span class='ocrx_word' id='word_1_131' title='bbox 610 1378 766 1409; x_wconf 84' lang='lat' dir='ltr'>hominis</span> <span class='ocrx_word' id='word_1_132' title='bbox 785 1378 870 1410; x_wconf 92' lang='lat' dir='ltr'>dum</span> <span class='ocrx_word' id='word_1_133' title='bbox 887 1378 1017 1416; x_wconf 87' lang='lat' dir='ltr'>veniet,</span> <span class='ocrx_word' id='word_1_134' title='bbox 1035 1387 1120 1409; x_wconf 88' lang='lat' dir='ltr'>num</span> <span class='ocrx_word' id='word_1_135' title='bbox 1138 1377 1297 1408; x_wconf 86' lang='lat' dir='ltr'>inveniet</span> <span class='ocrx_word' id='word_1_136' title='bbox 1317 1376 1422 1408; x_wconf 84' lang='lat' dir='ltr'>fidem</span> <span class='ocrx_word' id='word_1_137' title='bbox 1440 1376 1476 1408; x_wconf 89' lang='lat' dir='ltr'>in</span> <span class='ocrx_word' id='word_1_138' title='bbox 1493 1382 1587 1408; x_wconf 89' lang='lat' dir='ltr'>terra</span> <span class='ocrx_word' id='word_1_139' title='bbox 1596 1375 1631 1410; x_wconf 79' lang='lat'>?’&#39;</span> <span class='ocrx_word' id='word_1_140' title='bbox 1655 1375 1750 1415; x_wconf 87' lang='lat' dir='ltr'><em>(Luc.</em></span> <span class='ocrx_word' id='word_1_141' title='bbox 1767 1375 1862 1409; x_wconf 84' lang='lat' dir='ltr'>xviii.</span> <span class='ocrx_word' id='word_1_142' title='bbox 1914 1374 1915 1377; x_wconf 71' lang='grc'>’</span> 
     </span>
    </p>
   </div>
   <div class='ocr_carea' id='block_1_8' title="bbox 553 1420 596 1461">
    <p class='ocr_par' dir='ltr' id='par_1_8' title="bbox 553 1420 596 1461">
     <span class='ocr_line' id='line_1_17' title="bbox 553 1420 596 1461; baseline 0.023 -9"><span class='ocrx_word' id='word_1_143' title='bbox 553 1420 596 1461; x_wconf 88' lang='grc'>8.)</span> 
     </span>
    </p>
   </div>
   <div class='ocr_carea' id='block_1_9' title="bbox 377 1507 1865 2183">
    <p class='ocr_par' dir='ltr' id='par_1_9' title="bbox 377 1507 1865 1992">
     <span class='ocr_line' id='line_1_18' title="bbox 467 1507 1860 1562; baseline -0.001 -13"><span class='ocrx_word' id='word_1_144' title='bbox 467 1508 593 1562; x_wconf 87' lang='lat' dir='ltr'>(viii.)</span> <span class='ocrx_word' id='word_1_145' title='bbox 641 1508 769 1559; x_wconf 75' lang='lat' dir='ltr'>Quod</span> <span class='ocrx_word' id='word_1_146' title='bbox 798 1523 871 1549; x_wconf 86' lang='lat' dir='ltr'>nec</span> <span class='ocrx_word' id='word_1_147' title='bbox 899 1509 944 1549; x_wconf 85' lang='lat' dir='ltr'>z&#39;n</span> <span class='ocrx_word' id='word_1_148' title='bbox 976 1507 1091 1549; x_wconf 64' lang='lat' dir='ltr'>milla</span> <span class='ocrx_word' id='word_1_149' title='bbox 1121 1509 1183 1549; x_wconf 89' lang='lat' dir='ltr'>sz&#39;t</span> <span class='ocrx_word' id='word_1_150' title='bbox 1212 1508 1364 1561; x_wconf 76' lang='lat' dir='ltr'>aliqua</span> <span class='ocrx_word' id='word_1_151' title='bbox 1387 1507 1507 1562; x_wconf 82' lang='lat' dir='ltr'>fides</span> <span class='ocrx_word' id='word_1_152' title='bbox 1537 1507 1583 1548; x_wconf 83' lang='lat' dir='ltr'>in</span> <span class='ocrx_word' id='word_1_153' title='bbox 1612 1507 1860 1556; x_wconf 84' lang='lat' dir='ltr'>Dominum,</span> 
     </span>
     <span class='ocr_line' id='line_1_19' title="bbox 378 1569 1862 1624; baseline 0 -14"><span class='ocrx_word' id='word_1_154' title='bbox 378 1584 451 1611; x_wconf 83' lang='lat' dir='ltr'>nec</span> <span class='ocrx_word' id='word_1_155' title='bbox 479 1572 647 1624; x_wconf 75' lang='lat' dir='ltr'>agnitio</span> <span class='ocrx_word' id='word_1_156' title='bbox 676 1572 837 1612; x_wconf 82' lang='lat' dir='ltr'>Dz&#39;vz&#39;nz&#39;</span> <span class='ocrx_word' id='word_1_157' title='bbox 863 1572 908 1612; x_wconf 83' lang='lat' dir='ltr'>in</span> <span class='ocrx_word' id='word_1_158' title='bbox 932 1571 1138 1612; x_wconf 82' lang='lat' dir='ltr'>Humano</span> <span class='ocrx_word' id='word_1_159' title='bbox 1167 1571 1319 1623; x_wconf 81' lang='lat' dir='ltr'>Ipsius</span> <span class='ocrx_word' id='word_1_160' title='bbox 1330 1586 1350 1619; x_wconf 87' lang='lat'>‚·</span> <span class='ocrx_word' id='word_1_161' title='bbox 1381 1571 1454 1624; x_wconf 90' lang='lat' dir='ltr'>qui</span> <span class='ocrx_word' id='word_1_162' title='bbox 1485 1571 1606 1611; x_wconf 91' lang='lat' dir='ltr'>enim</span> <span class='ocrx_word' id='word_1_163' title='bbox 1637 1569 1862 1624; x_wconf 87' lang='lat' dir='ltr'>supplicat</span> 
     </span>
     <span class='ocr_line' id='line_1_20' title="bbox 380 1632 1862 1688; baseline -0.001 -13"><span class='ocrx_word' id='word_1_164' title='bbox 380 1635 572 1683; x_wconf 87' lang='lat' dir='ltr'>Patrem,</span> <span class='ocrx_word' id='word_1_165' title='bbox 594 1641 641 1675; x_wconf 89' lang='lat' dir='ltr'>ut</span> <span class='ocrx_word' id='word_1_166' title='bbox 666 1636 929 1675; x_wconf 87' lang='lat' dir='ltr'>misereatur</span> <span class='ocrx_word' id='word_1_167' title='bbox 947 1641 1132 1688; x_wconf 90' lang='lat' dir='ltr'>propter</span> <span class='ocrx_word' id='word_1_168' title='bbox 1155 1634 1317 1674; x_wconf 89' lang='lat' dir='ltr'>Filium</span> <span class='ocrx_word' id='word_1_169' title='bbox 1344 1646 1484 1681; x_wconf 87' lang='lat' dir='ltr'>suum,</span> <span class='ocrx_word' id='word_1_170' title='bbox 1505 1634 1540 1673; x_wconf 90' lang='lat' dir='ltr'>is</span> <span class='ocrx_word' id='word_1_171' title='bbox 1563 1633 1657 1674; x_wconf 90' lang='lat' dir='ltr'>adit</span> <span class='ocrx_word' id='word_1_172' title='bbox 1681 1632 1862 1674; x_wconf 89' lang='lat' dir='ltr'>Patrem</span> 
     </span>
     <span class='ocr_line' id='line_1_21' title="bbox 378 1695 1860 1745; baseline -0.001 -8"><span class='ocrx_word' id='word_1_173' title='bbox 378 1703 424 1738; x_wconf 89' lang='lat' dir='ltr'>et</span> <span class='ocrx_word' id='word_1_174' title='bbox 451 1710 541 1737; x_wconf 93' lang='lat' dir='ltr'>non</span> <span class='ocrx_word' id='word_1_175' title='bbox 569 1698 663 1737; x_wconf 91' lang='lat' dir='ltr'>adit</span> <span class='ocrx_word' id='word_1_176' title='bbox 691 1697 949 1745; x_wconf 89' lang='lat' dir='ltr'>Dominum,</span> <span class='ocrx_word' id='word_1_177' title='bbox 970 1710 1071 1738; x_wconf 89' lang='lat' dir='ltr'>cum</span> <span class='ocrx_word' id='word_1_178' title='bbox 1095 1703 1247 1738; x_wconf 90' lang='lat' dir='ltr'>tamen</span> <span class='ocrx_word' id='word_1_179' title='bbox 1275 1696 1496 1737; x_wconf 88' lang='lat' dir='ltr'>Dominus</span> <span class='ocrx_word' id='word_1_180' title='bbox 1522 1695 1753 1736; x_wconf 88' lang='lat' dir='ltr'>adeundus</span> <span class='ocrx_word' id='word_1_181' title='bbox 1775 1701 1860 1743; x_wconf 89' lang='lat' dir='ltr'>est,</span> 
     </span>
     <span class='ocr_line' id='line_1_22' title="bbox 378 1757 1862 1811; baseline -0.001 -12"><span class='ocrx_word' id='word_1_182' title='bbox 378 1765 447 1800; x_wconf 88' lang='lat' dir='ltr'>est</span> <span class='ocrx_word' id='word_1_183' title='bbox 475 1760 593 1799; x_wconf 90' lang='lat' dir='ltr'>enim</span> <span class='ocrx_word' id='word_1_184' title='bbox 618 1759 699 1800; x_wconf 92' lang='lat' dir='ltr'>Ille</span> <span class='ocrx_word' id='word_1_185' title='bbox 727 1760 849 1800; x_wconf 90' lang='lat' dir='ltr'>Deus</span> <span class='ocrx_word' id='word_1_186' title='bbox 875 1759 987 1800; x_wconf 87' lang='lat' dir='ltr'>caeli</span> <span class='ocrx_word' id='word_1_187' title='bbox 1010 1766 1056 1800; x_wconf 93' lang='lat' dir='ltr'>et</span> <span class='ocrx_word' id='word_1_188' title='bbox 1083 1766 1255 1810; x_wconf 89' lang='lat' dir='ltr'>terrae;</span> <span class='ocrx_word' id='word_1_189' title='bbox 1289 1773 1339 1799; x_wconf 89' lang='lat' dir='ltr'>ac</span> <span class='ocrx_word' id='word_1_190' title='bbox 1359 1758 1561 1799; x_wconf 89' lang='lat' dir='ltr'>Verbum</span> <span class='ocrx_word' id='word_1_191' title='bbox 1584 1758 1719 1799; x_wconf 90' lang='lat' dir='ltr'>docet</span> <span class='ocrx_word' id='word_1_192' title='bbox 1742 1757 1862 1811; x_wconf 90' lang='lat' dir='ltr'>quod</span> 
     </span>
     <span class='ocr_line' id='line_1_23' title="bbox 379 1818 1865 1873; baseline -0.001 -14"><span class='ocrx_word' id='word_1_193' title='bbox 379 1820 512 1860; x_wconf 89' lang='lat' dir='ltr'>Pater</span> <span class='ocrx_word' id='word_1_194' title='bbox 534 1833 625 1860; x_wconf 91' lang='lat' dir='ltr'>non</span> <span class='ocrx_word' id='word_1_195' title='bbox 647 1821 792 1873; x_wconf 87' lang='lat' dir='ltr'>possit</span> <span class='ocrx_word' id='word_1_196' title='bbox 813 1821 925 1860; x_wconf 88' lang='lat' dir='ltr'>adiri</span> <span class='ocrx_word' id='word_1_197' title='bbox 947 1821 1031 1860; x_wconf 90' lang='lat' dir='ltr'>nisi</span> <span class='ocrx_word' id='word_1_198' title='bbox 1052 1834 1077 1861; x_wconf 91' lang='lat' dir='ltr'>a</span> <span class='ocrx_word' id='word_1_199' title='bbox 1100 1820 1313 1867; x_wconf 90' lang='lat' dir='ltr'>Domino,</span> <span class='ocrx_word' id='word_1_200' title='bbox 1337 1825 1384 1860; x_wconf 87' lang='lat' dir='ltr'>et</span> <span class='ocrx_word' id='word_1_201' title='bbox 1405 1820 1449 1859; x_wconf 91' lang='lat' dir='ltr'>in</span> <span class='ocrx_word' id='word_1_202' title='bbox 1480 1818 1680 1859; x_wconf 90' lang='lat' dir='ltr'>Domino</span> <span class='ocrx_word' id='word_1_203' title='bbox 1705 1828 1755 1867; x_wconf 91' lang='lat' dir='ltr'>(ut</span> <span class='ocrx_word' id='word_1_204' title='bbox 1769 1836 1865 1866; x_wconf 83' lang='lat' dir='ltr'>supra</span> 
     </span>
     <span class='ocr_line' id='line_1_24' title="bbox 377 1878 1860 1933; baseline 0 -15"><span class='ocrx_word' id='word_1_205' title='bbox 377 1894 539 1919; x_wconf 84' lang='lat' dir='ltr'>ostensum</span> <span class='ocrx_word' id='word_1_206' title='bbox 562 1891 637 1928; x_wconf 77' lang='lat' dir='ltr'>est),</span> <span class='ocrx_word' id='word_1_207' title='bbox 662 1886 758 1920; x_wconf 90' lang='lat' dir='ltr'>tum</span> <span class='ocrx_word' id='word_1_208' title='bbox 789 1880 911 1933; x_wconf 92' lang='lat' dir='ltr'>quod</span> <span class='ocrx_word' id='word_1_209' title='bbox 944 1879 1056 1920; x_wconf 91' lang='lat' dir='ltr'>fides</span> <span class='ocrx_word' id='word_1_210' title='bbox 1086 1880 1170 1920; x_wconf 89' lang='lat' dir='ltr'>erit</span> <span class='ocrx_word' id='word_1_211' title='bbox 1200 1880 1243 1919; x_wconf 89' lang='lat' dir='ltr'>in</span> <span class='ocrx_word' id='word_1_212' title='bbox 1276 1879 1550 1928; x_wconf 90' lang='lat' dir='ltr'>Dominum;</span> <span class='ocrx_word' id='word_1_213' title='bbox 1595 1878 1706 1918; x_wconf 92' lang='lat' dir='ltr'>dicit</span> <span class='ocrx_word' id='word_1_214' title='bbox 1742 1878 1860 1918; x_wconf 89' lang='lat' dir='ltr'>enim</span> 
     </span>
     <span class='ocr_line' id='line_1_25' title="bbox 380 1943 615 1992; baseline -0.004 -8"><span class='ocrx_word' id='word_1_215' title='bbox 380 1943 615 1992; x_wconf 89' lang='lat' dir='ltr'>Dominus,</span> 
     </span>
    </p>

    <p class='ocr_par' dir='ltr' id='par_1_10' title="bbox 380 2031 1863 2183">
     <span class='ocr_line' id='line_1_26' title="bbox 444 2031 1863 2074; baseline 0.001 -11"><span class='ocrx_word' id='word_1_216' title='bbox 444 2032 539 2073; x_wconf 75' lang='lat' dir='ltr'>“Qui</span> <span class='ocrx_word' id='word_1_217' title='bbox 556 2033 666 2064; x_wconf 88' lang='lat' dir='ltr'>credit</span> <span class='ocrx_word' id='word_1_218' title='bbox 682 2033 717 2064; x_wconf 92' lang='lat' dir='ltr'>in</span> <span class='ocrx_word' id='word_1_219' title='bbox 736 2032 874 2071; x_wconf 87' lang='lat' dir='ltr'>Filium,</span> <span class='ocrx_word' id='word_1_220' title='bbox 888 2033 995 2064; x_wconf 89' lang='lat' dir='ltr'>habet</span> <span class='ocrx_word' id='word_1_221' title='bbox 1013 2033 1121 2065; x_wconf 88' lang='lat' dir='ltr'>vitam</span> <span class='ocrx_word' id='word_1_222' title='bbox 1138 2039 1319 2064; x_wconf 85' lang='lat' dir='ltr'>aeternam</span> <span class='ocrx_word' id='word_1_223' title='bbox 1335 2043 1342 2069; x_wconf 85' lang='lat'>;</span> <span class='ocrx_word' id='word_1_224' title='bbox 1367 2033 1424 2074; x_wconf 91' lang='lat' dir='ltr'>qui</span> <span class='ocrx_word' id='word_1_225' title='bbox 1439 2043 1524 2064; x_wconf 88' lang='lat' dir='ltr'>vero</span> <span class='ocrx_word' id='word_1_226' title='bbox 1541 2042 1614 2064; x_wconf 90' lang='lat' dir='ltr'>non</span> <span class='ocrx_word' id='word_1_227' title='bbox 1632 2032 1743 2064; x_wconf 89' lang='lat' dir='ltr'>credit</span> <span class='ocrx_word' id='word_1_228' title='bbox 1761 2031 1863 2071; x_wconf 82' lang='lat' dir='ltr'>Filio,</span> 
     </span>
     <span class='ocr_line' id='line_1_27' title="bbox 552 2075 1812 2118; baseline 0 -11"><span class='ocrx_word' id='word_1_229' title='bbox 552 2086 624 2107; x_wconf 90' lang='lat' dir='ltr'>non</span> <span class='ocrx_word' id='word_1_230' title='bbox 643 2077 775 2108; x_wconf 86' lang='lat' dir='ltr'>videbit</span> <span class='ocrx_word' id='word_1_231' title='bbox 791 2077 910 2114; x_wconf 87' lang='lat' dir='ltr'>vitam,</span> <span class='ocrx_word' id='word_1_232' title='bbox 929 2077 991 2108; x_wconf 88' lang='lat' dir='ltr'>sed</span> <span class='ocrx_word' id='word_1_233' title='bbox 1008 2076 1060 2110; x_wconf 74' lang='lat' dir='ltr'>isa</span> <span class='ocrx_word' id='word_1_234' title='bbox 1078 2077 1143 2108; x_wconf 92' lang='lat' dir='ltr'>Dei</span> <span class='ocrx_word' id='word_1_235' title='bbox 1161 2083 1282 2108; x_wconf 88' lang='lat' dir='ltr'>manet</span> <span class='ocrx_word' id='word_1_236' title='bbox 1298 2077 1391 2117; x_wconf 87' lang='lat' dir='ltr'>apud</span> <span class='ocrx_word' id='word_1_237' title='bbox 1407 2077 1506 2108; x_wconf 90' lang='lat' dir='ltr'>illum</span> <span class='ocrx_word' id='word_1_238' title='bbox 1518 2076 1536 2088; x_wconf 83' lang='lat'>&#39;¹</span> <span class='ocrx_word' id='word_1_239' title='bbox 1553 2076 1651 2118; x_wconf 79' lang='lat' dir='ltr'>(Jolz.</span> <span class='ocrx_word' id='word_1_240' title='bbox 1670 2076 1714 2107; x_wconf 83' lang='lat' dir='ltr'>iii.</span> <span class='ocrx_word' id='word_1_241' title='bbox 1737 2075 1812 2116; x_wconf 87' lang='lat'>36);</span> 
     </span>
     <span class='ocr_line' id='line_1_28' title="bbox 380 2142 490 2183; baseline 0 -7"><span class='ocrx_word' id='word_1_242' title='bbox 380 2142 490 2183; x_wconf 89' lang='lat' dir='ltr'>tum,</span> 
     </span>
    </p>
   </div>
   <div class='ocr_carea' id='block_1_10' title="bbox 444 2209 1863 2338">
    <p class='ocr_par' dir='ltr' id='par_1_11' title="bbox 444 2209 1863 2338">
     <span class='ocr_line' id='line_1_29' title="bbox 444 2209 1863 2251; baseline 0.001 -10"><span class='ocrx_word' id='word_1_243' title='bbox 444 2211 462 2225; x_wconf 90' lang='lat'><strong>“</strong></span> <span class='ocrx_word' id='word_1_244' title='bbox 475 2209 588 2241; x_wconf 89' lang='lat' dir='ltr'>Haec.</span> <span class='ocrx_word' id='word_1_245' title='bbox 604 2216 673 2241; x_wconf 85' lang='lat' dir='ltr'>.est</span> <span class='ocrx_word' id='word_1_246' title='bbox 689 2210 856 2242; x_wconf 88' lang='lat' dir='ltr'>voluntas</span> <span class='ocrx_word' id='word_1_247' title='bbox 876 2211 1000 2247; x_wconf 87' lang='lat' dir='ltr'>Patris,</span> <span class='ocrx_word' id='word_1_248' title='bbox 1018 2211 1075 2251; x_wconf 87' lang='lat' dir='ltr'>qui</span> <span class='ocrx_word' id='word_1_249' title='bbox 1093 2211 1189 2242; x_wconf 90' lang='lat' dir='ltr'>misit</span> <span class='ocrx_word' id='word_1_250' title='bbox 1207 2210 1277 2248; x_wconf 79' lang='lat' dir='ltr'>Me,</span> <span class='ocrx_word' id='word_1_251' title='bbox 1298 2217 1335 2242; x_wconf 90' lang='lat' dir='ltr'>ut</span> <span class='ocrx_word' id='word_1_252' title='bbox 1353 2211 1470 2242; x_wconf 86' lang='lat' dir='ltr'>omnis</span> <span class='ocrx_word' id='word_1_253' title='bbox 1488 2211 1545 2251; x_wconf 91' lang='lat' dir='ltr'>qui</span> <span class='ocrx_word' id='word_1_254' title='bbox 1564 2211 1660 2242; x_wconf 81' lang='lat' dir='ltr'>videt</span> <span class='ocrx_word' id='word_1_255' title='bbox 1677 2209 1815 2248; x_wconf 85' lang='lat' dir='ltr'>Filium,</span> <span class='ocrx_word' id='word_1_256' title='bbox 1827 2216 1863 2242; x_wconf 87' lang='lat' dir='ltr'>et</span> 
     </span>
     <span class='ocr_line' id='line_1_30' title="bbox 552 2253 1861 2293; baseline 0.001 -9"><span class='ocrx_word' id='word_1_257' title='bbox 552 2254 661 2284; x_wconf 88' lang='lat' dir='ltr'>credit</span> <span class='ocrx_word' id='word_1_258' title='bbox 686 2254 721 2284; x_wconf 92' lang='lat' dir='ltr'>in</span> <span class='ocrx_word' id='word_1_259' title='bbox 744 2253 876 2293; x_wconf 89' lang='lat' dir='ltr'>Ipsum,</span> <span class='ocrx_word' id='word_1_260' title='bbox 893 2254 1022 2285; x_wconf 90' lang='lat' dir='ltr'>habeat</span> <span class='ocrx_word' id='word_1_261' title='bbox 1041 2254 1149 2285; x_wconf 90' lang='lat' dir='ltr'>vitam</span> <span class='ocrx_word' id='word_1_262' title='bbox 1174 2261 1366 2291; x_wconf 82' lang='lat' dir='ltr'>aeternam,</span> <span class='ocrx_word' id='word_1_263' title='bbox 1384 2262 1419 2285; x_wconf 83' lang='lat' dir='ltr'>et</span> <span class='ocrx_word' id='word_1_264' title='bbox 1442 2255 1655 2285; x_wconf 88' lang='lat' dir='ltr'>exsuscitem</span> <span class='ocrx_word' id='word_1_265' title='bbox 1680 2253 1778 2285; x_wconf 87' lang='lat' dir='ltr'>illum</span> <span class='ocrx_word' id='word_1_266' title='bbox 1802 2263 1861 2285; x_wconf 89' lang='lat' dir='ltr'>ex-</span> 
     </span>
     <span class='ocr_line' id='line_1_31' title="bbox 552 2295 1077 2338; baseline 0.002 -11"><span class='ocrx_word' id='word_1_267' title='bbox 552 2303 666 2328; x_wconf 87' lang='lat' dir='ltr'>tremo</span> <span class='ocrx_word' id='word_1_268' title='bbox 683 2297 738 2327; x_wconf 84' lang='lat' dir='ltr'>die</span> <span class='ocrx_word' id='word_1_269' title='bbox 751 2296 770 2308; x_wconf 86' lang='lat'>&#39;&#39;</span> <span class='ocrx_word' id='word_1_270' title='bbox 786 2296 884 2338; x_wconf 84' lang='lat' dir='ltr'>(Jolz.</span> <span class='ocrx_word' id='word_1_271' title='bbox 902 2298 947 2328; x_wconf 90' lang='lat' dir='ltr'>vi.</span> <span class='ocrx_word' id='word_1_272' title='bbox 967 2295 1077 2337; x_wconf 81' lang='lat'>[2140);</span> 
     </span>
    </p>
   </div>
   <div class='ocr_carea' id='block_1_11' title="bbox 379 2365 516 2408">
    <p class='ocr_par' dir='ltr' id='par_1_12' title="bbox 379 2365 516 2408">
     <span class='ocr_line' id='line_1_32' title="bbox 379 2365 516 2408; baseline 0.007 -8"><span class='ocrx_word' id='word_1_273' title='bbox 379 2365 427 2401; x_wconf 90' lang='lat' dir='ltr'>ut</span> <span class='ocrx_word' id='word_1_274' title='bbox 456 2366 516 2408; x_wconf 92' lang='lat' dir='ltr'>et,</span> 
     </span>
    </p>
   </div>
   <div class='ocr_carea' id='block_1_12' title="bbox 445 2433 1865 2477">
    <p class='ocr_par' dir='ltr' id='par_1_13' title="bbox 445 2433 1865 2477">
     <span class='ocr_line' id='line_1_33' title="bbox 445 2433 1865 2477; baseline 0.001 -11"><span class='ocrx_word' id='word_1_275' title='bbox 445 2435 590 2477; x_wconf 81' lang='lat' dir='ltr'>“Jesus.</span> <span class='ocrx_word' id='word_1_276' title='bbox 606 2435 717 2473; x_wconf 86' lang='lat' dir='ltr'>.dixit,</span> <span class='ocrx_word' id='word_1_277' title='bbox 731 2435 807 2475; x_wconf 89' lang='lat' dir='ltr'>Ego</span> <span class='ocrx_word' id='word_1_278' title='bbox 820 2445 898 2467; x_wconf 89' lang='lat' dir='ltr'>sum</span> <span class='ocrx_word' id='word_1_279' title='bbox 913 2434 1124 2467; x_wconf 62' lang='lat' dir='ltr'>resurreetio</span> <span class='ocrx_word' id='word_1_280' title='bbox 1139 2442 1173 2467; x_wconf 88' lang='lat' dir='ltr'>et</span> <span class='ocrx_word' id='word_1_281' title='bbox 1184 2436 1256 2468; x_wconf 88' lang='lat' dir='ltr'>vita</span> <span class='ocrx_word' id='word_1_282' title='bbox 1270 2446 1276 2474; x_wconf 87' lang='lat'>;</span> <span class='ocrx_word' id='word_1_283' title='bbox 1297 2436 1355 2477; x_wconf 89' lang='lat' dir='ltr'>qui</span> <span class='ocrx_word' id='word_1_284' title='bbox 1368 2437 1478 2468; x_wconf 89' lang='lat' dir='ltr'>credit</span> <span class='ocrx_word' id='word_1_285' title='bbox 1489 2436 1524 2467; x_wconf 87' lang='lat' dir='ltr'>in</span> <span class='ocrx_word' id='word_1_286' title='bbox 1540 2435 1611 2474; x_wconf 91' lang='lat' dir='ltr'>Me,</span> <span class='ocrx_word' id='word_1_287' title='bbox 1623 2436 1689 2467; x_wconf 80' lang='lat' dir='ltr'>etsi</span> <span class='ocrx_word' id='word_1_288' title='bbox 1702 2433 1865 2467; x_wconf 80' lang='lat' dir='ltr'>[³]moria·</span> 
     </span>
    </p>
   </div>
   <div class='ocr_carea' id='block_1_13' title="bbox 552 2479 1864 2561">
    <p class='ocr_par' dir='ltr' id='par_1_14' title="bbox 552 2479 1864 2561">
     <span class='ocr_line' id='line_1_34' title="bbox 552 2479 1864 2520; baseline 0.002 -11"><span class='ocrx_word' id='word_1_289' title='bbox 552 2485 617 2516; x_wconf 85' lang='lat' dir='ltr'>tur,</span> <span class='ocrx_word' id='word_1_290' title='bbox 633 2479 748 2514; x_wconf 77' lang='lat' dir='ltr'>vivet:</span> <span class='ocrx_word' id='word_1_291' title='bbox 774 2479 890 2510; x_wconf 89' lang='lat' dir='ltr'>omnis</span> <span class='ocrx_word' id='word_1_292' title='bbox 908 2489 993 2510; x_wconf 88' lang='lat' dir='ltr'>vero</span> <span class='ocrx_word' id='word_1_293' title='bbox 1013 2480 1071 2520; x_wconf 84' lang='lat' dir='ltr'>qui</span> <span class='ocrx_word' id='word_1_294' title='bbox 1092 2480 1189 2518; x_wconf 89' lang='lat' dir='ltr'>vivit,</span> <span class='ocrx_word' id='word_1_295' title='bbox 1208 2486 1242 2511; x_wconf 89' lang='lat' dir='ltr'>et</span> <span class='ocrx_word' id='word_1_296' title='bbox 1263 2480 1373 2511; x_wconf 83' lang='lat' dir='ltr'>credit</span> <span class='ocrx_word' id='word_1_297' title='bbox 1393 2480 1428 2511; x_wconf 90' lang='lat' dir='ltr'>in</span> <span class='ocrx_word' id='word_1_298' title='bbox 1451 2479 1522 2518; x_wconf 89' lang='lat' dir='ltr'>Me,</span> <span class='ocrx_word' id='word_1_299' title='bbox 1540 2489 1612 2510; x_wconf 90' lang='lat' dir='ltr'>non</span> <span class='ocrx_word' id='word_1_300' title='bbox 1638 2479 1809 2511; x_wconf 83' lang='lat' dir='ltr'>morietur</span> <span class='ocrx_word' id='word_1_301' title='bbox 1827 2480 1864 2511; x_wconf 88' lang='lat' dir='ltr'>in</span> 
     </span>
     <span class='ocr_line' id='line_1_35' title="bbox 552 2520 1042 2561; baseline -0.002 -8"><span class='ocrx_word' id='word_1_302' title='bbox 552 2529 735 2553; x_wconf 88' lang='lat' dir='ltr'>aeternum</span> <span class='ocrx_word' id='word_1_303' title='bbox 749 2521 766 2534; x_wconf 91' lang='lat'>&#39;&#39;</span> <span class='ocrx_word' id='word_1_304' title='bbox 785 2521 843 2561; x_wconf 89' lang='lat' dir='ltr'>(xi.</span> <span class='ocrx_word' id='word_1_305' title='bbox 862 2520 948 2561; x_wconf 63' lang='grc'>[4)25,</span> <span class='ocrx_word' id='word_1_306' title='bbox 967 2523 1042 2561; x_wconf 84' lang='lat'><strong>26);</strong></span> 
     </span>
    </p>
   </div>
   <div class='ocr_carea' id='block_1_14' title="bbox 380 2608 1863 2851">
    <p class='ocr_par' dir='ltr' id='par_1_15' title="bbox 380 2608 1863 2851">
     <span class='ocr_line' id='line_1_36' title="bbox 380 2608 1863 2663; baseline 0.001 -14"><span class='ocrx_word' id='word_1_307' title='bbox 380 2614 426 2650; x_wconf 91' lang='lat' dir='ltr'>et</span> <span class='ocrx_word' id='word_1_308' title='bbox 448 2608 580 2649; x_wconf 89' lang='lat' dir='ltr'>alibi:</span> <span class='ocrx_word' id='word_1_309' title='bbox 615 2609 795 2650; x_wconf 86' lang='lat' dir='ltr'>credere</span> <span class='ocrx_word' id='word_1_310' title='bbox 822 2610 866 2649; x_wconf 91' lang='lat' dir='ltr'>in</span> <span class='ocrx_word' id='word_1_311' title='bbox 893 2610 1044 2663; x_wconf 90' lang='lat' dir='ltr'>Ipsum</span> <span class='ocrx_word' id='word_1_312' title='bbox 1072 2616 1117 2650; x_wconf 93' lang='lat' dir='ltr'>et</span> <span class='ocrx_word' id='word_1_313' title='bbox 1145 2623 1233 2650; x_wconf 92' lang='lat' dir='ltr'>non</span> <span class='ocrx_word' id='word_1_314' title='bbox 1260 2611 1382 2650; x_wconf 89' lang='lat' dir='ltr'>adire</span> <span class='ocrx_word' id='word_1_315' title='bbox 1409 2610 1576 2663; x_wconf 88' lang='lat' dir='ltr'>Ipsum,</span> <span class='ocrx_word' id='word_1_316' title='bbox 1600 2610 1680 2651; x_wconf 90' lang='lat' dir='ltr'>sed</span> <span class='ocrx_word' id='word_1_317' title='bbox 1701 2623 1863 2663; x_wconf 86' lang='lat' dir='ltr'>rogare</span> 
     </span>
     <span class='ocr_line' id='line_1_37' title="bbox 381 2672 1863 2726; baseline 0.001 -14"><span class='ocrx_word' id='word_1_318' title='bbox 381 2672 559 2712; x_wconf 92' lang='lat' dir='ltr'>Patrem</span> <span class='ocrx_word' id='word_1_319' title='bbox 592 2678 777 2724; x_wconf 89' lang='lat' dir='ltr'>propter</span> <span class='ocrx_word' id='word_1_320' title='bbox 809 2672 975 2724; x_wconf 91' lang='lat' dir='ltr'>Ipsum,</span> <span class='ocrx_word' id='word_1_321' title='bbox 1001 2685 1090 2712; x_wconf 91' lang='lat' dir='ltr'>non</span> <span class='ocrx_word' id='word_1_322' title='bbox 1122 2679 1191 2713; x_wconf 92' lang='lat' dir='ltr'>est</span> <span class='ocrx_word' id='word_1_323' title='bbox 1224 2673 1407 2713; x_wconf 85' lang='lat' dir='ltr'>credere</span> <span class='ocrx_word' id='word_1_324' title='bbox 1446 2674 1491 2713; x_wconf 91' lang='lat' dir='ltr'>in</span> <span class='ocrx_word' id='word_1_325' title='bbox 1524 2673 1704 2726; x_wconf 89' lang='lat' dir='ltr'>Ipsum;</span> <span class='ocrx_word' id='word_1_326' title='bbox 1759 2684 1863 2712; x_wconf 88' lang='lat' dir='ltr'>narn</span> 
     </span>
     <span class='ocr_line' id='line_1_38' title="bbox 382 2734 1863 2788; baseline 0 -14"><span class='ocrx_word' id='word_1_327' title='bbox 382 2735 526 2775; x_wconf 88' lang='lat' dir='ltr'>omnis</span> <span class='ocrx_word' id='word_1_328' title='bbox 553 2734 663 2775; x_wconf 90' lang='lat' dir='ltr'>fides</span> <span class='ocrx_word' id='word_1_329' title='bbox 689 2735 783 2775; x_wconf 90' lang='lat' dir='ltr'>adit</span> <span class='ocrx_word' id='word_1_330' title='bbox 807 2735 958 2787; x_wconf 90' lang='lat' dir='ltr'>Ipsum</span> <span class='ocrx_word' id='word_1_331' title='bbox 985 2736 1027 2775; x_wconf 89' lang='lat' dir='ltr'>in</span> <span class='ocrx_word' id='word_1_332' title='bbox 1054 2748 1186 2788; x_wconf 90' lang='lat' dir='ltr'>quern</span> <span class='ocrx_word' id='word_1_333' title='bbox 1212 2735 1350 2775; x_wconf 92' lang='lat' dir='ltr'>homo</span> <span class='ocrx_word' id='word_1_334' title='bbox 1376 2735 1544 2776; x_wconf 89' lang='lat' dir='ltr'>credit:</span> <span class='ocrx_word' id='word_1_335' title='bbox 1579 2748 1714 2788; x_wconf 90' lang='lat' dir='ltr'>quare</span> <span class='ocrx_word' id='word_1_336' title='bbox 1740 2734 1863 2775; x_wconf 86' lang='lat' dir='ltr'>adire</span> 
     </span>
     <span class='ocr_line' id='line_1_39' title="bbox 382 2797 1666 2851; baseline 0 -14"><span class='ocrx_word' id='word_1_337' title='bbox 382 2803 427 2837; x_wconf 90' lang='lat' dir='ltr'>et</span> <span class='ocrx_word' id='word_1_338' title='bbox 453 2798 605 2837; x_wconf 89' lang='lat' dir='ltr'>videre</span> <span class='ocrx_word' id='word_1_339' title='bbox 633 2797 811 2838; x_wconf 87' lang='lat' dir='ltr'>Patrem</span> <span class='ocrx_word' id='word_1_340' title='bbox 838 2798 1090 2850; x_wconf 90' lang='lat' dir='ltr'>negabatur</span> <span class='ocrx_word' id='word_1_341' title='bbox 1117 2797 1335 2851; x_wconf 88' lang='lat' dir='ltr'>Philippo,</span> <span class='ocrx_word' id='word_1_342' title='bbox 1361 2805 1406 2838; x_wconf 94' lang='lat' dir='ltr'>et</span> <span class='ocrx_word' id='word_1_343' title='bbox 1433 2798 1666 2839; x_wconf 90' lang='lat' dir='ltr'>dicebatur</span> 
     </span>
    </p>
   </div>
   <div class='ocr_carea' id='block_1_15' title="bbox 551 2893 1696 2940">
    <p class='ocr_par' dir='ltr' id='par_1_16' title="bbox 551 2893 1696 2940">
     <span class='ocr_line' id='line_1_40' title="bbox 551 2893 1696 2940; baseline 0.002 -16"><span class='ocrx_word' id='word_1_344' title='bbox 551 2893 654 2934; x_wconf 78' lang='lat' dir='ltr'>Quod</span> <span class='ocrx_word' id='word_1_345' title='bbox 671 2893 789 2925; x_wconf 88' lang='lat' dir='ltr'>videre</span> <span class='ocrx_word' id='word_1_346' title='bbox 808 2894 1002 2940; x_wconf 87' lang='lat' dir='ltr'>Dominum</span> <span class='ocrx_word' id='word_1_347' title='bbox 1019 2894 1065 2926; x_wconf 91' lang='lat' dir='ltr'>sit</span> <span class='ocrx_word' id='word_1_348' title='bbox 1082 2894 1201 2926; x_wconf 87' lang='lat' dir='ltr'>videre</span> <span class='ocrx_word' id='word_1_349' title='bbox 1220 2894 1360 2926; x_wconf 89' lang='lat' dir='ltr'>Patrem</span> <span class='ocrx_word' id='word_1_350' title='bbox 1378 2894 1475 2936; x_wconf 86' lang='lat' dir='ltr'><em>(Jolz.</em></span> <span class='ocrx_word' id='word_1_351' title='bbox 1493 2894 1561 2925; x_wconf 85' lang='lat' dir='ltr'>xiv.</span> <span class='ocrx_word' id='word_1_352' title='bbox 1581 2894 1696 2934; x_wconf 91' lang='lat'>7-11):</span> 
     </span>
    </p>
   </div>
   <div class='ocr_carea' id='block_1_16' title="bbox 382 2980 1863 3036">
    <p class='ocr_par' dir='ltr' id='par_1_17' title="bbox 382 2980 1863 3036">
     <span class='ocr_line' id='line_1_41' title="bbox 382 2980 1863 3036; baseline 0.001 -16"><span class='ocrx_word' id='word_1_353' title='bbox 382 2980 485 3022; x_wconf 87' lang='lat' dir='ltr'>inde</span> <span class='ocrx_word' id='word_1_354' title='bbox 504 2994 680 3034; x_wconf 90' lang='lat' dir='ltr'>quoque</span> <span class='ocrx_word' id='word_1_355' title='bbox 699 2994 855 3022; x_wconf 91' lang='lat' dir='ltr'>omnes</span> <span class='ocrx_word' id='word_1_356' title='bbox 878 2996 903 3022; x_wconf 90' lang='lat' dir='ltr'>a</span> <span class='ocrx_word' id='word_1_357' title='bbox 921 2982 1088 3023; x_wconf 88' lang='lat' dir='ltr'>morbis</span> <span class='ocrx_word' id='word_1_358' title='bbox 1106 2981 1268 3023; x_wconf 88' lang='lat' dir='ltr'>salvati</span> <span class='ocrx_word' id='word_1_359' title='bbox 1285 2988 1388 3023; x_wconf 92' lang='lat' dir='ltr'>sunt</span> <span class='ocrx_word' id='word_1_360' title='bbox 1407 2983 1480 3036; x_wconf 89' lang='lat' dir='ltr'>qui</span> <span class='ocrx_word' id='word_1_361' title='bbox 1497 2981 1863 3036; x_wconf 86' lang='lat' dir='ltr'>supplicaverunt</span> 
     </span>
    </p>
   </div>
   <div class='ocr_carea' id='block_1_17' title="bbox 1690 0 2008 454">
    <p class='ocr_par' dir='ltr' id='par_1_18' title="bbox 1690 0 2008 454">
     <span class='ocr_line' id='line_1_42' title="bbox 1690 0 2008 454; baseline 0 3004"><span class='ocrx_word' id='word_1_362' title='bbox 1690 0 2008 454; x_wconf 95' lang='lat' dir='ltr'> </span> 
     </span>
    </p>
   </div>
  </div>
 </body>
</html>
