2054 3464
286 3039 287 3042 Ἴ
349 2992 440 3045 ejus
466 2993 778 3047 intelliguntur
802 2994 864 3035 illi
891 2996 963 3049 qui
991 2997 1035 3036 in
1060 2997 1175 3037 veris
1201 2996 1416 3038 ecclesiae
1442 3012 1500 3038 ex
1529 2998 1682 3040 Verbo
1706 3005 1826 3049 sunt,

1175 5 1187 20 μ
1242 0 1257 17 s·
1277 0 1555 38 ”“''5'02'55³s⁷‘'‘2⁴’²1]‘·'*''5.3
1575 23 1590 35 'k
1610 4 1630 19 „2

367 382 480 425 2144
781 381 1113 421 APOCALYPSIS
1143 383 1440 417 EXPLICATA.

363 496 486 546 hami
512 496 621 546 sitis,
650 496 728 537 sed
754 497 964 550 quaeritis
995 497 1070 539 Me
1096 498 1313 548 occidere,
1342 499 1443 553 quia
1468 498 1670 540 Verbum
1698 497 1846 544 meuiil

366 572 456 599 non
483 558 631 600 locum
657 559 794 600 habet
825 560 869 600 in
894 560 1021 601 vobis
1039 560 1072 600 :''
1104 562 1223 614 quod
1251 562 1416 603 dixerit
1443 562 1676 612 Dominus,
1705 562 1867 609 “Scin¹

365 621 484 674 quod
521 635 675 661 semen
712 621 961 662 Abrahami
996 623 1130 672 sitis,’'
1166 623 1387 677 significat
1423 625 1542 678 quod
1578 626 1691 666 sciat
1726 625 1847 679 quod
1884 643 1900 686 ,ζ
2014 674 2024 687 ‚

362 697 517 723 verum
549 683 779 733 ecclesiae,
807 684 927 738 quod
958 691 1027 726 est
1059 685 1273 734 Verbum,
1302 687 1419 739 apud
1450 686 1551 727 illos
1582 693 1728 738 esset;
1766 686 1846 729 sed
1887 718 1909 739 ἢ
2015 706 2018 708 ·

363 746 483 798 quod
516 760 653 800 usque
687 746 929 787 Dominum
960 747 1208 801 rejicerent,
1241 748 1516 801 significatur
1547 763 1625 802 per
1656 748 1845 803 “Quae-4
1936 798 1943 803 ,
2027 796 2029 798 ,

362 809 456 848 ritis
484 808 558 849 Me
581 810 784 850 occidere
801 809 835 860 ;”
866 816 912 851 et
938 810 1057 864 quod
1080 824 1168 851 non
1195 812 1237 851 in
1265 811 1435 852 Divinis
1458 813 1571 852 veris
1597 826 1623 852 a
1649 812 1846 862 Domino
2007 818 2029 844 1:2-

361 878 528 919 essent,
562 871 837 924 significatur
868 886 946 925 per
979 874 1117 927 “quia
1148 873 1349 914 Verbum
1386 887 1532 915 meum
1570 882 1659 916 non
1696 875 1844 917 locum
1874 874 1885 876 *⁷

361 933 497 974 habet
529 934 572 974 in
604 934 731 975 vobis
750 934 782 985 ;''
825 941 873 977 et
903 935 1021 989 quod
1057 949 1147 976 non
1185 937 1266 976 nisi
1298 950 1430 990 quam
1462 937 1627 978 malum
1658 943 1704 979 et
1739 937 1844 980 inde

361 995 519 1036 salsum
555 997 673 1049 apud
710 997 810 1038 illos
846 1004 981 1047 esset,
1018 998 1293 1051 significatur
1329 1013 1406 1052 per
1444 999 1580 1040 “Vos
1620 1014 1678 1040 ex
1715 1006 1843 1053 patre
1961 989 1966 1001 ¹

360 1058 540 1099 diabolo
581 1059 728 1108 estis‚’'
763 1067 809 1100 et
848 1060 989 1101 “Non
1029 1067 1098 1102 est
1134 1062 1298 1102 veritas
1338 1063 1382 1101 in
1423 1062 1540 1110 illo‚'’
1576 1069 1622 1104 et
1664 1068 1838 1115 postea,
1914 1099 1916 1101 ,

363 1120 597 1173 “Quando
629 1122 824 1175 loquitur
854 1123 1149 1172 mendacium,
1183 1137 1242 1164 ex
1275 1125 1460 1176 propriis
1491 1124 1734 1178 loquitur;’'
1764 1138 1846 1178 per
1901 1149 1906 1154 -
1939 1143 1941 1145 ·

362 1184 681 1225 “mendacium
695 1184 714 1200 ”
751 1184 1026 1237 significatur
1068 1185 1291 1228 Divinum.
1316 1185 1486 1226 Verum
1527 1187 1604 1228 seu
1640 1187 1842 1229 Verbum

360 1245 688 1286 adulteratum:
732 1247 851 1300 quod
887 1247 1052 1288 dixerit
1090 1247 1322 1295 Dominus,
1359 1247 1501 1289 “Scio
1532 1249 1650 1302 quod
1687 1261 1842 1291 semen

360 1307 608 1348 Abrahami
634 1308 768 1357 sitis,''
794 1315 889 1349 erat
919 1323 1094 1363 quoque
1125 1310 1227 1362 quia
1257 1323 1336 1362 per
1363 1310 1648 1362 “Jehudam”
1673 1310 1842 1365 signifi·

359 1374 486 1408 catur
521 1368 744 1409 Dominus
779 1370 929 1422 quoad
965 1369 1170 1410 Verbum
1206 1380 1363 1419 (v1deatur
1382 1390 1487 1419 supra
1507 1391 1538 1412 ιι.
1564 1382 1654 1424 119,
1672 1381 1841 1424 433[a])‚

357 1428 495 1481 Apud
520 1429 752 1479 Davzdem,

423 1516 625 1550 “Faetums
649 1519 773 1550 cadere
798 1529 859 1551 eos
884 1519 920 1550 in
944 1520 1095 1558 deserto,
1120 1526 1156 1552 et
1179 1519 1336 1552 fatsturus
1360 1522 1485 1553 cadere
1509 1531 1632 1554 semen
1656 1531 1780 1555 eorum
1803 1522 1841 1556 in

529 1568 665 1601 gentes,
684 1569 718 1594 et
734 1563 958 1603 dispersurus
975 1573 1037 1594 eos
1054 1563 1091 1594 in
1108 1570 1219 1596 terras
1231 1563 1249 1576 ''
1266 1564 1337 1604 (Ps.
1355 1565 1418 1596 cvi.
1437 1566 1488 1603 26,
1506 1565 1579 1606 27):

358 1661 435 1700 per
455 1649 635 1690 “facere
657 1650 818 1691 cadere
839 1664 993 1691 semen
1009 1665 1164 1692 eorum
1185 1652 1302 1692 inter
1319 1658 1495 1705 gentes,
1515 1659 1560 1694 et
1582 1653 1840 1707 dispergere
1955 1645 1989 1701 ’ἦ
2012 1654 2023 1704 ,ᾗ

356 1724 434 1751 eos
459 1711 503 1751 in
529 1711 709 1759 terras‚’'
731 1711 1006 1764 significatur
1026 1714 1145 1767 quod
1173 1714 1382 1755 Divinum
1405 1715 1574 1756 Verum
1596 1716 1714 1768 apud
1738 1715 1840 1758 illos
1976 1726 2026 1761 εκ·

358 1773 601 1826 periturum
637 1774 695 1814 sit
732 1787 810 1827 per
846 1775 965 1815 mala
999 1782 1046 1816 et
1082 1789 1161 1829 per
1194 1776 1316 1817 falsa.
1378 1776 1537 1818 Simile·
1564 1777 1840 1831 significatur

357 1849 437 1888 per
465 1839 658 1876 “semen
686 1836 901 1886 Israelis‚”
926 1838 970 1878 in
996 1838 1063 1878 his
1089 1838 1226 1880 locis:
1231 1862 1287 1868 -

421 1933 504 1964 “Tu
530 1933 640 1964 Israel
664 1943 788 1965 servus
812 1944 922 1973 meus,
942 1934 1095 1976 Jacobus
1119 1946 1223 1977 quem
1248 1936 1348 1976 elegi,
1369 1946 1492 1969 semen
1517 1937 1713 1970 Abrahami
1731 1937 1837 1971 amici
1967 1934 2014 1982 ἰᾷ*

527 1977 605 2014 mei,
623 1987 726 2017 quem
744 1978 960 2017 apprehendi
977 1988 998 2009 a
1015 1978 1142 2010 finibus
1159 1979 1302 2010 terrae”
1319 1979 1428 2019 (Esai.
1446 1980 1504 2012 xli.
1523 1981 1551 2018 8,
1569 1980 1623 2021 9);

421 2019 638 2051 “Effundam
658 2020 819 2060 spiritum
841 2031 958 2052 meum
979 2031 1084 2062 super
1103 2022 1420 2055 semen'’1sraelis
1439 2029 1474 2055 et
1492 2023 1654 2065 Jacobi,‘
1657 2025 1710 2056 ‘et
1728 2025 1855 2057 bene·'

527 2061 719 2094 dietionern
737 2073 852 2094 meam
870 2074 976 2104 super
993 2065 1127 2096 natos'’
1145 2075 1266 2097 eorum
1283 2067 1393 2105 (Esai.
1410 2066 1492 2099 xliv.
1511 2067 1564 2106 3):

421 2105 493 2136 “In
522 2105 683 2147 Jehovah
711 2106 1004 2146 justificabuntur,
1033 2114 1069 2139 et
1095 2109 1341 2148 gloriabuntur
1371 2119 1477 2141 omne
1508 2119 1631 2142 semen
1663 2109 1838 2143 Israelis”

527 2149 637 2187 (Esai.
656 2149 724 2181 xlv.
744 2149 818 2189 25);
1958 2167 2007 2194 ,14

422 2191 609 2233 “Jehovah
627 2192 684 2232 qui
701 2193 891 2224 ascendere
905 2193 997 2231 fecit,
1011 2200 1046 2226 et
1063 2194 1200 2226 reduxit
1215 2205 1338 2226 semen
1356 2196 1484 2227 domus
1502 2195 1656 2236 Israelis,
1670 2194 1692 2222 ἶ*
1682 2194 1726 2229 ‘le
1741 2202 1836 2229 terra
1932 2220 1934 2223 -
1952 2199 1954 2203 '
1979 2166 2005 2207 ’ξ

528 2236 806 2274 septentrionem
820 2246 952 2274 versus,
967 2243 1002 2268 et
1018 2247 1061 2268 ex
1078 2238 1242 2269 omnibus
1261 2239 1362 2270 terris
1376 2249 1444 2280 quo
1461 2239 1580 2280 depuli
1597 2249 1669 2279 eos,
1683 2245 1722 2272 ut
1738 2240 1836 2272 habi-

527 2284 602 2310 tent
618 2288 724 2318 super
741 2285 835 2310 terra
850 2280 931 2311 sua'
936 2279 1101 2322 ’.(Jerem
1118 2281 1213 2312 xxiii.
1232 2281 1285 2321 8):

354 2378 432 2418 per
475 2368 500 2385 ‘
492 2365 760 2406 Israelem”
800 2367 843 2407 in
888 2380 1095 2420 supremo
1135 2381 1268 2409 sensu
1311 2369 1576 2422 intelligitur
1615 2369 1835 2412 Dominus

353 2428 500 2480 quoad
531 2428 747 2469 ecclesiae
778 2429 1027 2480 internum;
1065 2444 1199 2483 quare
1231 2444 1309 2483 per
1338 2435 1528 2473 “semen
1560 2431 1682 2484 ejus”
1713 2433 1833 2481 simi„-

353 2482 456 2530 liter
484 2490 750 2543 intelligitur
781 2491 992 2532 Divinum
1025 2492 1208 2544 Verum,
1243 2493 1361 2546 quod
1393 2494 1509 2547 apud
1540 2494 1641 2535 illos
1672 2496 1745 2548 qui
1775 2495 1834 2536 ab

353 2552 556 2598 ecclesia,
572 2566 684 2605 quae
703 2566 781 2605 per
797 2556 822 2573 “
836 2554 1078 2594 Israelem'’
1095 2555 1383 2608 significatur,
1399 2563 1503 2597 sunt
1520 2570 1528 2597 :
1555 2569 1633 2609 per
1649 2560 1674 2578 “
1688 2557 1832 2598 Israe-

352 2614 470 2655 lem'’
496 2615 762 2667 intelligitur
787 2616 976 2657 ecclesia
1007 2617 1123 2670 apud
1155 2617 1255 2658 illos
1286 2619 1358 2671 qui
1389 2619 1574 2660 interius
1605 2619 1832 2660 naturales

351 2683 469 2724 sunt,
496 2683 542 2717 et
569 2678 611 2717 in
638 2678 752 2718 veris
777 2678 836 2719 ibi
861 2693 920 2719 ex
947 2680 1118 2732 origine
1143 2681 1383 2732 spirituali;
1416 2682 1517 2722 ideo
1543 2695 1621 2735 per
1647 2682 1831 2724 “Israe-

351 2740 438 2780 lem
454 2740 473 2755 '⁹
498 2739 775 2793 significatur
800 2741 990 2782 ecclesia
1015 2743 1254 2795 spiritualis
1281 2744 1507 2784 naturalis.

433 2807 522 2860 [ὠ]
569 2807 796 2860 Quoniam
832 2822 911 2861 per
948 2809 1246 2850 “Davidem'’
1280 2811 1324 2850 in
1360 2810 1518 2852 Verbo
1556 2810 1831 2866 intelligitur

351 2868 570 2909 Dominus
596 2869 742 2921 quoad
768 2871 954 2922 regium,
982 2876 1028 2911 et
1054 2884 1133 2923 per
1156 2871 1325 2923 regium
1352 2871 1533 2912 Domini
1555 2873 1830 2926 significatur

351 2930 560 2971 Divinum
597 2931 766 2972 Verum
809 2933 861 2972 in‘
892 2933 1097 2982 ecclesia,
1135 2934 1238 2974 inde
1274 2948 1449 2987 quoque
1490 2949 1569 2988 per
1606 2935 1830 2977 “semen''
