2008 3458
377 371 487 423 2416
789 380 1121 414 APOCALYPSIS
1153 381 1451 414 EXPLICATA.

377 492 496 532 trina
528 492 731 541 credunt,
765 493 845 533 sed
878 506 1016 546 usque
1048 506 1136 533 non
1169 493 1298 534 simul
1330 494 1394 534 i'ta
1418 493 1590 542 vivunt,
1617 498 1664 535 et
1693 491 1739 534 hi
1770 491 1860 535 sal-

377 547 552 596 vantur.
626 554 779 596 Simile
811 562 881 596 est
913 556 957 596 in
989 555 1196 596 Ecclesia
1227 555 1519 606 Lutherana;
1556 555 1615 596 ibi
1647 555 1785 597 etiam
1815 555 1861 597 in

377 618 650 658 contrarium
670 624 777 658 eunt
795 617 858 658 illi
872 619 944 671 qui
962 632 1021 659 ex
1039 616 1242 659 doc‘trina
1260 625 1305 660 et
1323 619 1395 672 qui
1414 632 1472 659 ex
1491 618 1646 659 Verbo
1663 617 1832 660 docent
1848 611 1875 670 ς’

377 680 449 733 qui
472 694 531 720 ex
557 678 773 728 doctrina,
799 694 978 733 prorsus
1000 680 1204 722 similiter
1226 687 1273 722 ut
1300 682 1343 721 in
1371 680 1579 721 Ecclesia
1602 679 1862 734 Anglicana

378 743 433 783 de
460 742 557 782 sola
583 741 669 783 fide
701 748 747 783 et
780 742 835 782 de
862 741 1183 795 justificatione
1212 757 1289 796 per
1314 742 1438 783 illam
1469 743 1652 792 docent,
1679 748 1727 784 et
1753 747 1860 784 tunc

377 818 402 844 a
428 804 691 844 salvationis
718 804 868 845 medio
894 811 1106 857 separant
1133 811 1179 846 et
1206 811 1441 846 removent
1469 818 1604 859 opera
1629 805 1744 846 sicut
1769 817 1861 846 non

378 867 510 915 bona,
536 873 582 907 et
609 868 723 908 sicut
754 867 996 916 meritoria,
1025 874 1070 908 et
1096 868 1200 908 inde
1232 881 1321 908 non
1344 867 1651 920 justificantia,
1678 867 1780 921 quia
1803 866 1863 908 ab

377 929 585 980 homine;
631 936 678 988 at
710 943 810 970 cum
843 944 901 970 ex
929 929 1097 979 Verbo,
1127 937 1233 971 tunc
1267 930 1471 971 similiter
1497 930 1664 971 docent
1695 942 1860 983 opera;

377 999 425 1033 ut
457 999 667 1034 constare
699 999 854 1046 potest
886 1006 945 1033 ex
978 992 1065 1033 illis
1097 1007 1210 1046 quae
1243 1007 1322 1046 pro
1354 993 1580 1033 communi
1612 998 1747 1033 coetu
1777 1005 1861 1033 ex-

377 1061 503 1096 stant
535 1055 715 1108 scripta,
750 1061 795 1095 et
827 1055 929 1096 ideo
961 1055 1004 1095 in
1036 1055 1242 1096 omnibus
1284 1055 1404 1095 libris
1437 1054 1712 1108 psalmorum
1753 1059 1860 1097 sunt

376 1119 559 1167 inserta,
579 1124 625 1159 et
644 1124 864 1159 vocantur
880 1122 905 1138 “
919 1117 1169 1160 Obstacula
1189 1118 1587 1172 Impaenitentium
1605 1117 1638 1169 ;”
1664 1117 1738 1159 ubi
1755 1124 1862 1160 sunt

380 1181 641 1234 sequentia:

448 1291 467 1304 “
481 1285 625 1321 Sancta
644 1286 716 1320 Dei
730 1286 915 1320 voluntas
933 1292 973 1321 et
991 1285 1244 1321 manifestum
1266 1286 1392 1331 Ipsius
1411 1286 1640 1320 mandatum
1658 1291 1730 1327 est,
1744 1291 1788 1320 ut
1807 1285 1862 1320 illi

377 1333 443 1378 qui
462 1333 628 1367 credunt
647 1339 848 1377 praestent
866 1333 971 1367 bona
994 1343 1132 1377 opera;
1159 1344 1259 1378 quae
1286 1343 1375 1367 cum
1396 1339 1557 1378 propter
1573 1333 1700 1378 justas
1725 1342 1863 1368 causas

377 1380 487 1419 fiunt,
507 1390 552 1414 ac
569 1391 706 1414 verum
726 1379 843 1414 finem
871 1379 1094 1419 intendunt,
1126 1390 1226 1425 quae
1256 1387 1348 1414 sunt
1375 1379 1583 1424 praecipue
1601 1385 1763 1424 propter
1778 1379 1864 1425 glo-

378 1427 474 1460 riam
508 1426 591 1466 Dei,
622 1433 662 1461 et
696 1432 858 1471 propter
886 1437 980 1461 usus
1010 1426 1190 1471 proximi,
1220 1433 1316 1461 tunc
1351 1426 1438 1461 Deo
1468 1433 1630 1472 propter
1658 1425 1863 1463 Christum

376 1479 538 1517 accepta
564 1479 667 1512 sunt,
688 1473 810 1507 immo
836 1484 883 1507 ex
910 1483 1008 1518 pura
1034 1473 1303 1508 misericordia
1330 1473 1396 1508 illa
1422 1479 1668 1514 remunerat;
1701 1473 1802 1508 adeo
1819 1472 1864 1508 ut·

378 1520 499 1554 homo
518 1530 589 1564 pro
608 1520 716 1554 omni
735 1520 842 1554 bono
860 1520 967 1565 quod
986 1519 1090 1559 facit,
1107 1520 1463 1555 remunerationem
1483 1520 1647 1560 habeat:
1672 1519 1740 1554 dat
1756 1519 1863 1555 enim

379 1566 486 1601 Deus
512 1567 668 1601 laudem
699 1573 739 1601 et
770 1567 973 1606 honorem,
1001 1577 1045 1601 ac
1071 1573 1270 1602 aeternam
1303 1566 1600 1606 beatitudinem,
1628 1566 1704 1602 illis
1729 1565 1796 1612 qui
1823 1566 1863 1601 in

379 1613 570 1658 patientia
588 1624 657 1658 per
674 1624 793 1658 opera
810 1613 972 1648 student
989 1613 1094 1648 vitae
1120 1620 1324 1648 aeternae:
1382 1624 1474 1648 uare
1500 1613 1620 1648 etiam
1649 1612 1755 1648 Deus
1780 1619 1862 1648 tam

378 1660 532 1694 intense
547 1658 699 1705 spectat
711 1660 759 1694 ad
776 1659 981 1694 hominum
998 1671 1127 1705 opera,
1140 1660 1242 1695 sicut
1257 1661 1361 1694 mani
1382 1660 1524 1695 estavit
1540 1660 1578 1694 in
1595 1670 1668 1695 suo
1681 1669 1864 1695 sermone

376 1707 425 1740 ad
452 1713 604 1752 septem
627 1707 812 1741 ecclesias
839 1706 878 1740 in
905 1706 1011 1746 Asia,
1037 1714 1078 1741 et
1103 1708 1150 1741 ad
1178 1717 1318 1742 omnes
1347 1707 1528 1741 homines
1554 1706 1620 1740 ubi
1647 1706 1696 1741 de
1721 1706 1864 1741 ultimo

375 1753 546 1798 judicio:
576 1760 616 1787 et
644 1754 732 1787 ideo
753 1753 972 1798 Apostolus
996 1754 1140 1788 Paulus
1166 1753 1227 1789 his
1253 1753 1591 1789 admonitionibus
1609 1764 1703 1788 usus
1727 1759 1789 1788 est
1813 1753 1864 1788 ad

377 1800 667 1834 exhortandum
694 1800 896 1835 auditores
926 1811 1018 1835 suos
1045 1801 1094 1834 ad
1125 1801 1228 1835 bona
1253 1811 1383 1846 opera,
1411 1800 1592 1840 dicendo,
1620 1799 1699 1835 ‘Ne
1725 1799 1864 1835 defati-

377 1857 517 1892 gemur
534 1847 583 1881 ad
602 1847 749 1881 bonum
771 1846 1005 1886 faciendum,
1024 1847 1116 1892 quia
1135 1847 1173 1881 in
1196 1858 1268 1882 suo
1286 1854 1465 1892 tempore
1485 1847 1523 1881 id
1543 1846 1708 1882 messuri
1727 1856 1864 1882 sumus

377 1894 525 1938 absque
551 1893 860 1928 intermissione'
888 1894 1044 1938 [(Epist.
1070 1894 1126 1928 ad
1149 1894 1316 1933 Galatas,
1334 1893 1385 1928 vi.
1404 1894 1468 1938 9)].
1519 1892 1772 1939 Quapropter
1797 1893 1864 1939 qui
1927 1923 1928 1926 ,
1954 1883 1962 1938 ’Ὺ
1997 1883 2008 1906 ·’

378 1940 520 1974 divites
538 1947 631 1974 sunt
657 1940 695 1973 in
722 1941 836 1974 bonis
854 1940 1050 1985 operibus,
1071 1941 1327 1975 manifestant
1346 1951 1414 1985 per
1433 1941 1471 1974 id
1497 1941 1604 1986 quod
1623 1939 1767 1976 divites
1784 1939 1866 1975 sint

378 1987 417 2020 in
444 1987 531 2026 fide,
551 1987 737 2031 quoniam
770 1987 864 2020 dum
891 1987 988 2022 fides
1015 1987 1105 2022 viva
1130 1993 1201 2026 est,
1221 1994 1406 2032 operatur
1432 1987 1498 2021 illa
1525 1998 1593 2032 per
1610 1986 1866 2022 charitatem:

379 2033 501 2067 immo
530 2033 637 2073 fides,
657 2044 758 2078 quae
784 2034 868 2068 sola
884 2033 1084 2079 justificat,
1105 2045 1298 2079 nusquam
1326 2040 1386 2068 est
1411 2034 1495 2069 sola
1520 2040 1560 2068 et
1586 2039 1775 2079 separata,
1794 2033 1864 2068 sed

378 2090 511 2114 secum
534 2079 608 2114 fert
638 2080 742 2114 bona
763 2091 892 2125 opera,
912 2081 1014 2115 sicut
1042 2081 1145 2115 bona
1172 2082 1288 2115 arbor
1305 2082 1431 2116 bonos
1459 2079 1620 2120 fructus,
1640 2080 1699 2115 sol
1724 2080 1864 2121 lucem,

380 2127 479 2172 ignis
498 2127 680 2166 calorem,
700 2133 740 2161 et
758 2137 860 2172 aqua
878 2126 1197 2162 humiditatem.’'

379 2247 454 2287 Ex
486 2246 552 2287 his
585 2259 701 2286 nunc
735 2251 943 2286 constare
974 2252 1141 2298 potest,
1176 2247 1293 2299 quod
1326 2247 1368 2286 in
1401 2245 1598 2287 ecclesiis
1630 2245 1715 2286 illis
1745 2245 1865 2287 aliud

381 2310 598 2350 doceatur
618 2322 677 2348 ex
700 2307 903 2348 doctrina
925 2315 971 2348 et
993 2309 1095 2348 inde
1114 2308 1282 2357 Verbo,
1304 2316 1348 2349 et
1371 2309 1489 2349 aliud
1511 2322 1568 2349 ex
1588 2307 1742 2349 Verbo
1759 2308 1865 2349 dum

382 2386 472 2413 non
504 2371 634 2412 simul
666 2385 724 2411 ex
757 2370 984 2421 doctrina3
1027 2378 1073 2411 et
1109 2373 1228 2424 quod
1261 2372 1322 2412 illi
1355 2372 1426 2425 qui
1460 2371 1626 2412 docent
1657 2377 1703 2412 et
1735 2370 1866 2412 simul

380 2436 536 2476 vivunt
568 2448 627 2475 ex
667 2432 883 2482 doctrina,
917 2434 1229 2486 intelligantur
1269 2448 1347 2487 per
1386 2434 1486 2474 illos
1523 2435 1595 2487 qui
1639 2434 1866 2475 “adorant

379 2498 571 2538 bestiam
608 2503 654 2537 et
691 2496 782 2548 ejus
817 2496 1089 2548 imaginem''
1125 2495 1199 2549 (de
1239 2497 1396 2550 quibus
1433 2497 1475 2536 in
1511 2497 1709 2537 versibus
1739 2507 1864 2549 9-11,

380 2574 496 2601 nunc
523 2558 689 2612 agitur)
713 2573 721 2609 ;
756 2565 801 2599 et
828 2559 947 2611 quod
975 2558 1036 2598 illi
1062 2559 1134 2611 qui
1161 2559 1325 2599 docent
1352 2565 1398 2599 et
1430 2560 1584 2600 vivunt
1610 2573 1669 2600 ex
1695 2559 1864 2608 Verbo,

383 2622 694 2674 intelligantur
717 2635 793 2674 per
811 2621 911 2662 illos
945 2621 999 2661 de
1023 2621 1179 2674 quibus
1201 2620 1262 2674 (in
1282 2635 1410 2661 versu
1432 2628 1647 2674 sequente
1671 2620 1738 2675 12)
1757 2621 1866 2662 dici-

382 2692 466 2733 tur,
485 2688 509 2704 “
526 2684 611 2724 Hic
631 2685 849 2736 patientia
865 2682 1120 2726 sanctorum
1139 2690 1221 2732 est,
1239 2684 1308 2724 hic
1328 2684 1634 2725 custodientes
1653 2683 1867 2725 mandata

382 2748 479 2795 Dei,
508 2754 554 2788 et
581 2746 713 2787 fidem
737 2746 879 2799 Jesu.''

461 2814 596 2856 886.
627 2814 705 2854 “Et
722 2813 935 2866 acceperit
953 2813 1240 2854 character-em
1260 2826 1385 2866 supet·
1404 2814 1538 2854 fronte
1558 2826 1635 2854 sua
1655 2817 1729 2854 aut
1745 2826 1871 2866 supet·

382 2890 503 2917 manu
526 2875 838 2928 sua.”—Quod
870 2876 1093 2928 significet
1119 2876 1404 2928 receptionem
1427 2882 1468 2916 et
1491 2876 1763 2928 agnitionem
1780 2882 1868 2927 pro

382 2940 579 2981 ecclesiae
604 2940 724 2980 bonis
750 2946 829 2980 aut
846 2937 932 2992 pro
956 2939 1153 2980 ecclesiae
1176 2940 1307 2988 veris,
1336 2946 1516 2980 constat
1547 2954 1605 2980 ex
1637 2939 1722 2980 illis
1753 2951 1866 2992 quae

383 3014 517 3054 supra
543 3011 588 3050 (n.
605 3001 702 3052 838)
729 3000 963 3053 explicata
988 3006 1108 3050 sunt,
1128 3000 1201 3040 ubi
1227 3000 1386 3041 similia
1408 2999 1571 3040 verba:
1613 3013 1692 3053 per
1711 2999 1866 3040 “acci-
