2054 3464
382 373 491 403 2122
792 373 1119 407 APOCALYPSIS
1150 375 1446 409 EXPLICATA.

1457 443 1463 465 1,·

379 482 496 523 illius
528 485 647 525 vitae
679 499 791 538 quae
823 492 1011 526 vocatur
1041 487 1203 536 anima,
1235 487 1432 528 efficiens
1469 488 1561 541 ejus
1598 489 1779 530 arbitria
1809 495 1856 531 et

379 552 513 585 nutus
554 546 596 585 in
635 552 822 600 utroque
860 548 1042 597 mundo,
1080 555 1174 589 tam
1211 550 1403 590 naturali
1444 551 1487 590 in
1530 564 1617 603 quo
1653 550 1857 592 homines

380 607 551 655 vivunt,
580 621 712 661 quam
739 609 957 661 spirituali
989 610 1032 649 in
1065 624 1151 663 quo
1177 611 1357 663 spiritus
1390 617 1435 651 et
1462 611 1638 664 angeli:
1677 617 1723 653 et
1754 613 1858 666 quia

379 668 590 709 Divinum
622 671 872 722 procedens
905 685 930 711 a
968 671 1165 712 Domino
1201 672 1306 713 facit
1338 674 1478 713 vitam
1511 674 1723 722 omnium,
1755 674 1874 715 ideo*

377 730 487 770 illud
525 745 603 783 per
637 733 870 772 “animam
883 732 902 747 ”
933 734 976 772 in
1007 733 1195 774 caelesti
1227 747 1359 774 sensu
1391 734 1678 786 significatur.
1740 734 1857 788 Quia

377 791 588 831 Divinum
631 794 893 845 procedens,
937 794 1187 847 ubicunque
1227 796 1366 842 venit,
1409 796 1570 836 format
1611 797 1852 849 imaginem

376 853 571 902 Domini,
610 855 674 894 ita
709 854 872 895 format
914 855 1101 908 angelos
1143 862 1188 896 et
1230 858 1424 908 spiritus,
1464 863 1511 898 ut
1554 858 1644 898 sint
1684 858 1852 899 formae

375 915 598 955 humanae
621 917 865 956 secundum
891 918 1211 970 receptionem,
1235 919 1338 958 inde
1365 932 1479 959 nunc
1510 920 1709 972 sequitur
1734 920 1853 973 quod

378 990 456 1028 per
482 978 677 1017 animam
704 979 931 1019 viventem
961 986 1064 1032 post
1097 986 1289 1020 mortem
1321 981 1642 1033 intelligendus
1673 982 1731 1022 sit
1762 980 1854 1033 ejus

375 1039 569 1091 spiritus,
603 1041 675 1092 qui
714 1040 850 1080 homo
881 1047 950 1081 est
988 1047 1082 1081 tam
1119 1038 1268 1081 anima
1301 1055 1433 1094 quam
1470 1056 1670 1095 corpore,
1705 1043 1854 1084 anima

373 1114 460 1153 qua
496 1101 751 1142 dominetur
786 1116 917 1155 super
952 1116 1126 1156 corpuS‚
1160 1110 1205 1143 et
1243 1116 1428 1156 corpore
1467 1118 1554 1157 quo
1590 1106 1738 1145 anima
1774 1118 1853 1146 sua

374 1162 558 1203 arbitria
583 1164 627 1203 in
654 1164 834 1211 mundo,
863 1165 906 1204 in
933 1178 1021 1217 quo
1046 1171 1130 1212 est,
1159 1164 1337 1204 efficiat.

451 1231 573 1276 751.
604 1234 788 1272 [Vers.12.]
819 1225 1014 1276 “Pr-optet·
1041 1225 1116 1264 hoo
1142 1225 1334 1277 quodem,
1366 1225 1476 1265 caeli
1500 1230 1545 1265 ot
1571 1226 1610 1265 in
1637 1226 1717 1266 illis
1743 1226 1854 1267 habi-

374 1282 745 1334 tantes.''—Quod
768 1283 994 1335 significet
1017 1283 1313 1323 salvationem
1337 1290 1379 1323 et
1398 1285 1501 1324 inde
1514 1285 1732 1337 gaudium
1752 1285 1852 1326 illo-

373 1357 471 1384 rum
496 1343 574 1396 qui
594 1343 850 1395 spirituales
870 1350 954 1395 per
974 1344 1255 1395 receptionem
1280 1344 1439 1384 Dz'vz'nz'
1470 1344 1510 1385 V
1506 1345 1575 1385 eri
1583 1345 1717 1398 fiunt,
1741 1358 1851 1386 con-

372 1411 466 1445 stat
489 1419 547 1445 ex
567 1405 892 1457 significatione
914 1406 1187 1458 “gaudere,”
1206 1407 1325 1458 quod
1350 1401 1407 1447 si't
1432 1407 1644 1458 gaudium
1669 1415 1853 1461 propter

372 1466 696 1517 salvationem;
730 1481 788 1507 ex
815 1467 1141 1520 significatione
1171 1468 1475 1517 “caelorum,'’
1497 1469 1616 1521 quod
1641 1470 1731 1510 sint
1757 1470 1847 1522 spi-

371 1526 556 1566 rituales
587 1536 642 1573 (de
661 1545 725 1573 qua
738 1536 909 1580 sequitur),
934 1532 980 1566 et
1011 1540 1069 1565 ex
1101 1525 1434 1578 significatione
1463 1527 1851 1576 “habitantium”

371 1583 492 1635 quod
523 1583 613 1623 sint
645 1583 718 1636 qui
742 1583 916 1631 vivunt,
943 1583 1013 1623 hic
1045 1583 1353 1635 spiritualiter.
1413 1594 1526 1631 (Quod
1541 1592 1558 1602 ⁴¹
1573 1595 1741 1624 habitare·'
1757 1596 1852 1633 signi-

371 1647 442 1675 ficet
462 1646 576 1680 vivere,
593 1646 736 1675 videatur
754 1655 859 1683 supra,
880 1655 910 1676 n.
938 1647 1025 1687 133,
1044 1646 1139 1687 479,
1161 1635 1271 1684 662.)
1330 1636 1465 1688 QUOd
1499 1640 1523 1657 “
1537 1637 1681 1677 caeli„
1711 1638 1848 1690 Signi-

371 1695 507 1737 ficent
545 1696 811 1748 spirituales,
845 1703 914 1736 est
953 1697 1054 1749 quia
1092 1709 1248 1736 omnes
1285 1696 1348 1736 illi
1385 1697 1457 1749 qui
1493 1697 1537 1737 in
1574 1697 1710 1738 caelis
1746 1704 1849 1738 sunt

372 1756 624 1809 spirituales
647 1762 750 1796 sunt
770 1771 778 1803 ;
812 1762 857 1796 et
881 1757 982 1809 quia
999 1756 1217 1804 homines,
1238 1757 1310 1809 qui
1332 1755 1435 1797 facti
1458 1763 1561 1797 sunt
1581 1757 1848 1810 spirituales,

372 1818 576 1858 similiter
606 1819 650 1858 in
682 1818 817 1858 caelis
849 1824 967 1866 sunt,
1003 1819 1186 1858 tametsi
1218 1818 1366 1871 quoad
1397 1831 1557 1871 corpus
1589 1819 1634 1859 in
1665 1819 1847 1867 mundo,

370 1881 472 1921 ideo
513 1894 590 1933 per
629 1879 928 1920 “habitantes
969 1880 1012 1919 in
1053 1879 1220 1920 caelis’'
1259 1893 1347 1920 non
1385 1880 1530 1920 solum
1567 1880 1731 1933 angeli,
1769 1882 1849 1922 sed

371 1945 508 1984 etiam
527 1943 731 1982 homines
749 1941 1089 1994 intelliguntur:
1124 1943 1267 1982 omnis
1286 1943 1404 1982 enim
1427 1942 1563 1982 homo
1581 1943 1698 1996 apud
1716 1956 1848 1996 quem

371 2019 498 2045 mens
530 2006 727 2052 interior,
762 2017 875 2056 quae
905 2010 1094 2044 vocatur
1125 2017 1252 2044 mens
1285 2004 1540 2056 spiritualis,
1574 2010 1731 2058 aperta
1761 2011 1846 2052 est,

369 2069 413 2108 in
437 2067 572 2107 caelis
590 2073 674 2113 est,
693 2067 830 2106 immo
853 2066 989 2106 etiam
1008 2066 1274 2118 quandoque
1298 2066 1414 2106 inter
1436 2065 1624 2118 angelos
1646 2067 1689 2106 in
1712 2065 1848 2123 caelis

370 2135 583 2182 apparet:
635 2128 753 2181 quod
799 2128 862 2167 ita
903 2128 975 2175 sit,
1019 2128 1063 2166 in
1108 2128 1275 2167 mundo
1316 2127 1462 2168 adhuc
1503 2129 1710 2180 ignotum
1752 2135 1846 2179 est;

371 2204 505 2245 quare
529 2190 758 2230 sciendum
785 2195 854 2229 est
882 2189 1001 2241 quod
1027 2188 1164 2228 homo
1186 2189 1332 2241 quoad
1355 2189 1558 2241 spiritum
1581 2202 1707 2229 suum
1731 2190 1849 2230 inter

371 2253 550 2304 spiritus
577 2258 622 2291 et
655 2251 842 2303 angelos
874 2252 946 2299 sit,
976 2257 1022 2291 et
1054 2251 1232 2303 quidem
1264 2252 1308 2290 in
1340 2265 1392 2290 ea
1423 2251 1644 2291 societate
1670 2250 1847 2292 illorum

370 2316 414 2354 in
441 2327 572 2366 quam
599 2319 813 2353 venturus
840 2319 909 2353 est
936 2319 1039 2365 post
1066 2318 1283 2352 mortem:
1322 2325 1456 2352 causa
1481 2318 1565 2360 est,
1594 2313 1695 2365 quia
1721 2326 1847 2354 mens

371 2375 612 2429 spiritualis
638 2375 836 2415 hominis-
854 2388 1031 2427 prorsus
1054 2374 1246 2414 formata
1272 2380 1340 2414 est
1367 2374 1423 2414 ad
1450 2375 1692 2426 imaginem
1719 2375 1845 2423 caeli,

370 2452 507 2491 usque
544 2437 658 2477 adeo
698 2443 747 2476 ut
785 2437 842 2476 sit
879 2436 1053 2476 caelum
1089 2437 1132 2476 in
1169 2437 1352 2476 minima
1382 2436 1548 2486 forma;
1591 2450 1725 2489 quare
1757 2450 1847 2478 non

370 2501 474 2540 alibi
497 2506 566 2539 est
590 2511 722 2552 quam
747 2499 819 2538 ubi
841 2504 910 2538 est
933 2498 1073 2538 forma
1095 2497 1200 2549 ejus,
1226 2504 1271 2538 et
1298 2497 1382 2538 hoc
1407 2498 1590 2538 tametsi
1616 2497 1694 2538 illa
1719 2511 1846 2540 mens

370 2563 515 2602 adhuc
548 2563 591 2601 in
618 2574 803 2613 corpore
829 2566 911 2600 est.
974 2559 1062 2600 Sed
1099 2559 1209 2599 haec
1237 2559 1393 2599 melius
1419 2559 1645 2600 illustrata
1667 2566 1771 2601 sunt
1802 2561 1846 2601 in

372 2637 508 2676 opere
533 2622 598 2662 De
625 2621 756 2662 Caelo
779 2627 821 2660 et
843 2620 1026 2671 Inferna
1051 2630 1095 2667 (n.
1112 2630 1239 2668 51-58)‚
1267 2619 1340 2659 ubi
1365 2626 1599 2660 ostensum
1625 2626 1695 2661 est
1725 2621 1846 2673 quod

370 2683 668 2735 unusquisque
695 2680 896 2733 angelus,
925 2687 970 2721 et
997 2694 1172 2733 quoque
1205 2680 1504 2732 unusquisque
1535 2680 1672 2720 homo
1698 2681 1846 2734 quoad

369 2747 580 2786 interiora
611 2757 701 2792 sua,
735 2745 770 2783 si
806 2744 874 2783 hic
907 2742 1145 2794 spiritualis
1177 2748 1260 2789 est,
1295 2742 1350 2781 sit
1382 2741 1554 2781 caelum
1591 2743 1634 2782 in
1665 2743 1846 2784 minima

368 2807 520 2853 forma,
550 2804 902 2856 correspondens
929 2802 1119 2843 caeloin
1146 2803 1357 2842 maxima.
1419 2802 1528 2842 Inde
1555 2809 1624 2842 est
1656 2803 1774 2855 quod
1800 2804 1844 2844 in

369 2868 522 2908 Verbo
547 2867 618 2907 ubi
650 2867 794 2918 agitur
825 2865 880 2905 de
912 2866 1136 2905 creatione
1163 2864 1273 2904 caeli
1304 2870 1349 2904 et
1381 2870 1539 2911 terrae,
1567 2864 1845 2917 intelligatur

368 2932 411 2970 in
438 2929 661 2970 communi
686 2927 874 2968 ecclesia
895 2928 1071 2967 interna
1096 2932 1142 2966 et
1168 2932 1372 2973 externa,
1397 2931 1491 2965 tum
1519 2926 1561 2966 in
1589 2926 1843 2978 particulari

368 2992 503 3031 homo
525 2990 723 3030 internus
746 2994 791 3029 et
814 2994 1040 3037 externus,
1064 3001 1140 3027 seu
1163 2985 1403 3039 spiritualis
1421 2992 1466 3026 et
1490 2986 1716 3026 naturalis.
1766 2986 1840 3027 Ex
