2054 3464
380 362 490 404 2066
788 371 1119 405 APOCALYPSIS
1150 372 1449 406 EXPLICATA.

379 495 538 523 sensus
555 482 755 535 corporis
773 481 866 534 ejus
888 496 966 535 per
983 495 1110 523 usum
1129 483 1360 536 aperiendi
1381 483 1472 523 sint
1491 497 1500 534 ;
1527 483 1691 523 deinde
1712 481 1760 523 fit
1782 481 1859 525 ille

378 545 601 584 sensualis
632 545 781 598 quoad
817 545 1165 597 cogitationem,
1197 546 1373 598 cogitat
1405 546 1524 586 enim
1559 559 1619 585 ex
1653 544 1858 598 objectis,
1916 585 1918 588 f

378 620 493 659 quae
515 607 741 647 intrarunt
763 621 842 659 per
863 620 1021 647 sensus
1043 608 1245 660 corporis
1266 607 1387 659 ejus;
1418 614 1581 660 postea
1603 607 1652 648 fit
1673 607 1860 649 interius

379 669 628 718 sensualis;
669 675 717 709 at
752 675 973 722 quantum
1004 669 1080 709 ille
1116 683 1195 722 per
1224 670 1534 722 experientias
1563 669 1776 720 visuales,
1805 681 1859 711 ac
2025 715 2033 722 Α,

378 743 457 783 per
486 731 716 778 scientias,
748 731 965 783 imprimis
997 744 1075 783 per
1105 744 1210 787 usus
1239 732 1362 771 vitae
1393 731 1591 780 moralis,
1623 737 1873 785 comparat»
1899 764 1913 765 a

378 791 461 831 sibi
495 791 647 831 lumen
679 792 902 840 naturale,
936 798 1117 833 tantum
1147 792 1196 832 fit
1227 793 1365 833 homo
1396 793 1583 833 interius
1613 793 1859 837 naturalis}
1894 795 1898 798 ’
1978 786 1979 789 ¹
2011 792 2014 797 ’

378 854 448 894 hic
485 861 555 894 est
589 856 757 907 primus
793 869 871 895 seu
907 855 1091 895 ultimus
1122 856 1288 908 gradus
1319 856 1441 903 vitae
1473 856 1682 896 hominis.
1741 855 1861 910 Quia

378 923 484 957 tunc
520 931 579 957 ex
615 918 893 970 parentibus,
925 931 1074 971 exque
1106 918 1337 970 magistris
1372 924 1418 958 et
1454 918 1860 970 praedicatoribus,

378 985 474 1019 tum
498 992 556 1018 ex
580 979 776 1020 lectione
794 979 937 1020 Verbi
958 993 1010 1020 ac
1034 979 1249 1020 librorum
1268 980 1387 1028 inde,
1406 980 1554 1020 haurit
1573 980 1863 1034 cognitiones

377 1043 472 1082 veri
509 1048 555 1082 et
590 1042 697 1082 boni
728 1042 988 1095 spiritualis,
1021 1048 1067 1083 et
1101 1042 1203 1082 illas
1235 1043 1479 1083 memoriae
1510 1044 1626 1083 sicut
1657 1043 1746 1085 alia
1775 1046 1862 1087 sci·

377 1104 559 1145 entifica
584 1104 787 1152 mandat,
814 1103 975 1144 fundat
1000 1104 1244 1144 ecclesiam
1275 1105 1396 1157 apud
1426 1118 1502 1155 se;
1542 1105 1622 1145 sed
1652 1119 1793 1160 usque
1822 1108 1860 1150 si

378 1179 469 1206 non
495 1166 681 1207 ulterius
704 1167 868 1219 pergit,
892 1172 1048 1206 manet
1071 1166 1317 1217 naturalis;
1349 1173 1397 1207 at
1424 1167 1459 1207 si
1485 1167 1671 1207 ulterius
1693 1169 1860 1222 pergit,

378 1242 557 1282 nempe,
578 1229 613 1268 si
634 1229 746 1268 vivit
769 1228 1017 1268 secundum
1040 1229 1330 1280 cognitiones
1352 1228 1453 1269 illas
1476 1243 1534 1269 ex
1557 1229 1728 1280 Verbo,
1752 1244 1862 1284 ape-

378 1291 488 1331 ritur
513 1290 632 1343 apud
658 1290 784 1330 illum
807 1291 993 1331 interior
1014 1291 1196 1343 gradus,
1219 1303 1271 1330 ac
1303 1290 1351 1331 fit
1377 1291 1636 1344 spiritualis,
1660 1292 1741 1333 sed
1766 1306 1859 1335 non

378 1353 479 1406 plus
510 1365 645 1405 quam
677 1353 791 1393 sicut
822 1352 1016 1392 afficitur
1045 1353 1177 1401 veris,
1204 1352 1424 1405 intelligit
1454 1353 1546 1401 illa,
1577 1353 1676 1394 vult
1706 1354 1786 1395 illa
1814 1361 1863 1398 et

378 1415 484 1455 facit
514 1415 618 1454 illa:
657 1427 793 1455 causa
823 1420 908 1463 est,
940 1415 1044 1467 quia
1078 1415 1157 1463 sic,
1190 1428 1281 1454 non
1311 1415 1459 1463 aliter,
1491 1422 1785 1458 removentur
1813 1422 1862 1458 et

377 1478 504 1530 quasi
529 1477 834 1517 discutiuntur
865 1477 986 1517 mala
1015 1483 1062 1517 et
1092 1477 1196 1517 inde
1227 1476 1341 1517 salsa
1366 1491 1480 1530 quae
1510 1478 1554 1517 in
1585 1478 1779 1519 naturali
1808 1491 1861 1525 ac

377 1540 421 1580 in
460 1539 656 1580 sensuali
697 1540 880 1579 homine
924 1553 984 1579 ex
1027 1539 1304 1580 hereditario
1342 1539 1572 1590 resident3
1615 1541 1862 1593 spiritualis
1903 1580 1908 1582 γ

377 1601 496 1641 enim
515 1601 653 1642 homo
668 1607 738 1641 est
760 1602 804 1641 in
822 1601 965 1649 caelo,
982 1614 1032 1641 ac
1053 1600 1272 1641 naturalis
1290 1600 1333 1640 in
1352 1594 1548 1652 mundo;
1576 1607 1621 1642 et
1640 1608 1861 1655 quantum

377 1664 554 1705 caelum
577 1669 734 1717 potest
759 1663 958 1712 influere,
986 1663 1072 1703 hoc
1104 1669 1189 1711 est,
1214 1663 1437 1704 Dominus
1462 1677 1542 1716 per
1566 1664 1759 1713 caelum,
1782 1676 1863 1718 per

377 1726 660 1779 spiritualem
696 1726 929 1766 hominem
965 1726 1009 1765 in
1045 1725 1316 1773 naturalem,
1354 1731 1534 1766 tantum
1569 1733 1862 1768 removentur

378 1789 498 1829 mala
533 1795 579 1829 et
618 1789 723 1829 inde
754 1788 880 1836 falsa,
913 1801 1028 1841 quae
1059 1788 1102 1827 in
1139 1788 1336 1828 naturali
1371 1787 1569 1836 homine,
1602 1783 1860 1830 ut⁴di6tum

378 1858 462 1898 est,
490 1851 719 1901 resident;
752 1850 974 1890 Dominus
1001 1855 1207 1890 removet
1233 1849 1325 1898 illa,
1353 1850 1469 1890 sicut
1494 1857 1701 1892 removet
1725 1851 1862 1892 infer-

378 1926 483 1953 num
532 1927 557 1953 a
601 1913 745 1953 caelo.
805 1912 940 1966 Quod
983 1926 1074 1953 non
1118 1913 1250 1953 aliter
1293 1913 1437 1965 possit
1476 1913 1639 1965 aperiri
1673 1914 1862 1956 interior

377 1977 546 2029 gradus
583 1976 702 2029 apud
741 1976 988 2023 hominem,
1021 1981 1090 2015 est
1127 1975 1230 2028 quia
1269 1974 1389 2015 mala
1424 1981 1470 2016 et
1506 1974 1634 2024 falsa,
1666 1989 1779 2029 quae
1815 1978 1860 2018 in

378 2038 576 2078 naturali
606 2039 789 2078 homine
825 2043 944 2085 sunt,
977 2037 1104 2077 illum
1140 2037 1343 2077 clausum
1379 2043 1569 2087 tenent;
1610 2038 1860 2090 spiritualis

377 2101 497 2141 enim
523 2101 704 2153 gradus,
732 2114 810 2140 seu
841 2099 1084 2153 spiritualis
1115 2112 1258 2147 mem,
1285 2113 1332 2139 se
1363 2099 1596 2140 contrahit
1627 2100 1684 2140 ad
1714 2101 1860 2154 quod·

377 2177 552 2216 cunque
586 2163 755 2203 malum
792 2175 842 2203 ac
873 2162 1036 2203 falsum
1069 2162 1190 2209 mali,
1222 2163 1337 2209 sicut
1373 2161 1536 2202 fibrilla
1569 2164 1770 2216 corporis
1801 2164 1860 2206 ad

377 2227 600 2274 aculeum,
634 2239 737 2266 nam
768 2225 906 2265 fibrae
937 2226 1138 2278 corporis
1168 2225 1226 2265 ad
1257 2225 1506 2277 quemlibet
1537 2225 1709 2266 taetum
1739 2227 1859 2268 duri-

378 2289 581 2330 usculum
598 2302 645 2329 se
662 2288 940 2328 contrahunt
959 2301 968 2337 ;
1000 2287 1158 2327 similis
1175 2301 1246 2327 res
1269 2293 1338 2327 est
1356 2300 1455 2328 cum
1475 2294 1628 2328 mente
1643 2289 1860 2330 interiore

376 2353 581 2401 hominis,
615 2366 727 2405 quae
759 2351 998 2404 spiritualis
1029 2358 1228 2399 vocatur,
1262 2351 1318 2391 ad
1349 2349 1519 2391 tactum
1551 2365 1628 2392 seu
1659 2351 1859 2394 afflatum

377 2415 482 2455 mali
519 2421 564 2456 et
604 2415 706 2454 inde
747 2414 866 2454 falsi:
905 2420 951 2454 at
990 2427 1096 2454 vero
1133 2426 1233 2454 cum
1273 2413 1568 2466 homogenea‚
1602 2427 1714 2467 quae
1754 2421 1860 2456 sunt

379 2477 541 2517 Divina
566 2490 671 2517 vera
696 2490 755 2517 ex
781 2476 950 2524 Verbo,
978 2489 1090 2529 quae
1116 2489 1174 2516 ex
1201 2475 1321 2516 bono
1347 2489 1471 2516 suam
1498 2477 1740 2516 essentiam
1766 2471 1858 2518 tra-¹

376 2540 503 2588 hunt,
537 2539 659 2579 illam
691 2545 890 2579 mentem
922 2538 1103 2586 adeunt,
1137 2544 1243 2579 tunc
1276 2539 1417 2590 aperit
1449 2551 1522 2587 se;
1544 2538 1638 2578 ¹sed
1670 2539 1858 2590 aperitio

377 2615 467 2642 non
494 2601 624 2642 aliter
649 2601 697 2641 fit
724 2614 857 2654 quam
884 2614 962 2653 per
986 2601 1290 2652 receptionem
1317 2601 1421 2640 boni
1446 2602 1608 2641 amoris
1634 2601 1858 2642 influentis

377 2678 454 2718 per
476 2663 648 2704 caelum
671 2677 696 2704 a
719 2664 928 2711 Domino,
953 2669 999 2704 et
1026 2677 1102 2715 per
1124 2661 1481 2715 conjunffionem
1504 2662 1595 2715 ejus
1622 2677 1722 2704 cum
1743 2664 1859 2704 veris

377 2740 489 2780 quae
521 2727 656 2767 homo
688 2726 928 2766 memoriae
966 2725 1284 2775 mandaverat;
1325 2725 1408 2765 hoc
1450 2738 1540 2765 non
1578 2725 1627 2766 fit
1663 2725 1745 2766 nisi
1781 2739 1860 2779 per

376 2790 516 2829 vitam
542 2789 786 2829 secundum
815 2802 920 2828 vera
951 2788 1112 2828 Divina
1143 2788 1187 2827 in
1213 2787 1380 2835 Verbo,
1409 2800 1513 2827 nam
1545 2788 1724 2840 quando
1754 2801 1859 2828 vera

376 2851 452 2891 illa
477 2850 588 2891 fiunt
614 2851 746 2899 vitae,
775 2857 881 2892 tune
906 2856 1125 2890 vocantur
1149 2849 1293 2890 bona:
1327 2849 1429 2889 inde
1456 2858 1662 2890 constare
1689 2855 1855 2902 potest,

377 2913 604 2966 quomodo
640 2913 861 2953 secundus
897 2926 975 2952 seu
1012 2912 1183 2953 medius
1214 2911 1379 2964 gradus
1410 2912 1617 2963 aperitur.
1678 2911 1858 2952 Tertius

376 2983 527 3016 autem
567 2990 644 3016 seu
683 2976 864 3016 intimus
903 2975 1068 3028 gradus
1108 2975 1304 3027 aperitur
1343 2974 1460 3027 apud
1502 2974 1601 3015 illos
1643 2975 1715 3028 qui
1753 2987 1858 3015 vera
