<?xml version="1.0" encoding="UTF-8"?>
<!DOCTYPE html PUBLIC "-//W3C//DTD XHTML 1.0 Transitional//EN"
    "http://www.w3.org/TR/xhtml1/DTD/xhtml1-transitional.dtd">
<html xmlns="http://www.w3.org/1999/xhtml" xml:lang="en" lang="en">
 <head>
  <title>
</title>
<meta http-equiv="Content-Type" content="text/html;charset=utf-8" />
  <meta name='ocr-system' content='tesseract 3.04.00' />
  <meta name='ocr-capabilities' content='ocr_page ocr_carea ocr_par ocr_line ocrx_word'/>
</head>
<body>
  <div class='ocr_page' id='page_1' title='image "apocalypsisexpli04sweduoft_0347.png"; bbox 0 0 2008 3458; ppageno 0'>
   <div class='ocr_carea' id='block_1_1' title="bbox 0 0 204 732">
    <p class='ocr_par' dir='ltr' id='par_1_1' title="bbox 0 0 204 732">
     <span class='ocr_line' id='line_1_1' title="bbox 0 0 204 732; baseline 0 0"><span class='ocrx_word' id='word_1_1' title='bbox 0 0 204 732; x_wconf 95' lang='lat' dir='ltr'>   </span> 
     </span>
    </p>
   </div>
   <div class='ocr_carea' id='block_1_2' title="bbox 116 510 179 544">
    <p class='ocr_par' dir='ltr' id='par_1_2' title="bbox 116 510 179 544">
     <span class='ocr_line' id='line_1_2' title="bbox 116 510 179 544; baseline 0 -8"><span class='ocrx_word' id='word_1_2' title='bbox 116 534 119 540; x_wconf 75' lang='grc'><strong>,</strong></span> <span class='ocrx_word' id='word_1_3' title='bbox 133 510 161 536; x_wconf 58' lang='lat'>³2³</span> <span class='ocrx_word' id='word_1_4' title='bbox 172 515 179 544; x_wconf 61' lang='lat' dir='ltr'>vd</span> 
     </span>
    </p>
   </div>
   <div class='ocr_carea' id='block_1_3' title="bbox 59 509 1724 650">
    <p class='ocr_par' dir='ltr' id='par_1_3' title="bbox 59 509 1724 657">
     <span class='ocr_line' id='line_1_3' title="bbox 179 509 1724 587; baseline -0.006 -12"><span class='ocrx_word' id='word_1_5' title='bbox 179 576 186 587; x_wconf 11' lang='grc' dir='ltr'><strong>ἦ</strong></span> <span class='ocrx_word' id='word_1_6' title='bbox 224 509 314 587; x_wconf 82' lang='grc' dir='ltr'><strong>βει·</strong></span> <span class='ocrx_word' id='word_1_7' title='bbox 335 529 607 573; x_wconf 86' lang='lat' dir='ltr'>“mulierem</span> <span class='ocrx_word' id='word_1_8' title='bbox 638 527 999 571; x_wconf 82' lang='lat' dir='ltr'>scortationum’&#39;</span> <span class='ocrx_word' id='word_1_9' title='bbox 1025 527 1362 582; x_wconf 87' lang='lat' dir='ltr'>significabatur</span> <span class='ocrx_word' id='word_1_10' title='bbox 1392 525 1584 568; x_wconf 90' lang='lat' dir='ltr'>ecclesia</span> <span class='ocrx_word' id='word_1_11' title='bbox 1609 530 1724 579; x_wconf 85' lang='lat' dir='ltr'>quae</span> 
     </span>
     <span class='ocr_line' id='line_1_4' title="bbox 59 590 1572 650; baseline -0.006 -11"><span class='ocrx_word' id='word_1_12' title='bbox 59 634 62 639; x_wconf 95' lang='lat'>.</span> <span class='ocrx_word' id='word_1_13' title='bbox 104 590 186 650; x_wconf 41' lang='lat' dir='ltr'>&amp;Ji</span> <span class='ocrx_word' id='word_1_14' title='bbox 205 593 496 650; x_wconf 26' lang='lat' dir='ltr'>,tabificabat</span> <span class='ocrx_word' id='word_1_15' title='bbox 522 597 630 635; x_wconf 84' lang='lat' dir='ltr'>vera</span> <span class='ocrx_word' id='word_1_16' title='bbox 655 591 810 634; x_wconf 86' lang='lat' dir='ltr'>Verbi.</span> <span class='ocrx_word' id='word_1_17' title='bbox 871 591 933 633; x_wconf 91' lang='lat' dir='ltr'>Et</span> <span class='ocrx_word' id='word_1_18' title='bbox 958 592 1079 646; x_wconf 91' lang='lat' dir='ltr'>quod</span> <span class='ocrx_word' id='word_1_19' title='bbox 1106 590 1321 632; x_wconf 83' lang='lat' dir='ltr'><strong>Ezechiel</strong></span> <span class='ocrx_word' id='word_1_20' title='bbox 1339 590 1487 644; x_wconf 86' lang='lat' dir='ltr'>jussus</span> <span class='ocrx_word' id='word_1_21' title='bbox 1513 590 1572 630; x_wconf 91' lang='lat' dir='ltr'>sit</span> 
     </span>
    </p>
   </div>
   <div class='ocr_carea' id='block_1_4' title="bbox 680 0 1506 53">
    <p class='ocr_par' dir='ltr' id='par_1_4' title="bbox 680 0 1506 53">
     <span class='ocr_line' id='line_1_5' title="bbox 680 0 1506 53; baseline 0 3405"><span class='ocrx_word' id='word_1_22' title='bbox 680 0 1506 53; x_wconf 95' lang='lat' dir='ltr'> </span> 
     </span>
    </p>
   </div>
   <div class='ocr_carea' id='block_1_5' title="bbox 557 401 1725 458">
    <p class='ocr_par' dir='ltr' id='par_1_5' title="bbox 557 401 1725 458">
     <span class='ocr_line' id='line_1_6' title="bbox 557 401 1725 458; baseline -0.004 -10"><span class='ocrx_word' id='word_1_23' title='bbox 557 415 665 449; x_wconf 76' lang='lat' dir='ltr'><strong>CAP.</strong></span> <span class='ocrx_word' id='word_1_24' title='bbox 688 414 810 456; x_wconf 68' lang='lat' dir='ltr'>xm„</span> <span class='ocrx_word' id='word_1_25' title='bbox 834 410 973 446; x_wconf 74' lang='lat' dir='ltr'>VERS.</span> <span class='ocrx_word' id='word_1_26' title='bbox 997 405 1143 446; x_wconf 88' lang='lat' dir='ltr'><strong>8.—N.</strong></span> <span class='ocrx_word' id='word_1_27' title='bbox 1166 401 1398 458; x_wconf 74' lang='lat' dir='ltr'>805[b(1v.)].</span> <span class='ocrx_word' id='word_1_28' title='bbox 1611 410 1725 454; x_wconf 88' lang='lat'><strong>2249</strong></span> 
     </span>
    </p>
   </div>
   <div class='ocr_carea' id='block_1_6' title="bbox 291 679 1724 722">
    <p class='ocr_par' dir='ltr' id='par_1_6' title="bbox 291 679 1724 722">
     <span class='ocr_line' id='line_1_7' title="bbox 291 679 1724 722; baseline -0.004 -6"><span class='ocrx_word' id='word_1_29' title='bbox 291 682 440 716; x_wconf 84' lang='lat' dir='ltr'>Sumere</span> <span class='ocrx_word' id='word_1_30' title='bbox 458 682 525 715; x_wconf 85' lang='lat' dir='ltr'><strong>sibi</strong></span> <span class='ocrx_word' id='word_1_31' title='bbox 542 681 703 721; x_wconf 85' lang='lat' dir='ltr'>laterem,</span> <span class='ocrx_word' id='word_1_32' title='bbox 720 687 755 714; x_wconf 91' lang='lat' dir='ltr'>et</span> <span class='ocrx_word' id='word_1_33' title='bbox 771 681 932 722; x_wconf 89' lang='lat' dir='ltr'>sculpere</span> <span class='ocrx_word' id='word_1_34' title='bbox 951 691 1058 721; x_wconf 90' lang='lat' dir='ltr'>super</span> <span class='ocrx_word' id='word_1_35' title='bbox 1077 691 1158 712; x_wconf 89' lang='lat' dir='ltr'>eum</span> <span class='ocrx_word' id='word_1_36' title='bbox 1178 679 1483 721; x_wconf 83' lang='lat' dir='ltr'>Hierosolymam,</span> <span class='ocrx_word' id='word_1_37' title='bbox 1497 689 1538 711; x_wconf 92' lang='lat' dir='ltr'>ac</span> <span class='ocrx_word' id='word_1_38' title='bbox 1557 679 1724 711; x_wconf 90' lang='lat' dir='ltr'>obsidere</span> 
     </span>
    </p>
   </div>
   <div class='ocr_carea' id='block_1_7' title="bbox 340 724 1793 766">
    <p class='ocr_par' dir='ltr' id='par_1_7' title="bbox 340 724 1793 766">
     <span class='ocr_line' id='line_1_8' title="bbox 340 724 1793 766; baseline -0.003 -7"><span class='ocrx_word' id='word_1_39' title='bbox 340 732 355 741; x_wconf 81' lang='lat'><em>¹</em></span> <span class='ocrx_word' id='word_1_40' title='bbox 400 734 492 765; x_wconf 84' lang='lat' dir='ltr'>eam,</span> <span class='ocrx_word' id='word_1_41' title='bbox 516 735 558 758; x_wconf 87' lang='lat' dir='ltr'>ac</span> <span class='ocrx_word' id='word_1_42' title='bbox 582 727 711 758; x_wconf 88' lang='lat' dir='ltr'>cubare</span> <span class='ocrx_word' id='word_1_43' title='bbox 735 735 842 766; x_wconf 91' lang='lat' dir='ltr'>super</span> <span class='ocrx_word' id='word_1_44' title='bbox 861 725 972 756; x_wconf 89' lang='lat' dir='ltr'>latere</span> <span class='ocrx_word' id='word_1_45' title='bbox 993 734 1058 756; x_wconf 88' lang='lat' dir='ltr'>suo</span> <span class='ocrx_word' id='word_1_46' title='bbox 1083 725 1230 756; x_wconf 89' lang='lat' dir='ltr'>sinistro</span> <span class='ocrx_word' id='word_1_47' title='bbox 1252 724 1330 755; x_wconf 89' lang='lat' dir='ltr'>dies</span> <span class='ocrx_word' id='word_1_48' title='bbox 1355 729 1535 755; x_wconf 89' lang='lat' dir='ltr'>trecentos</span> <span class='ocrx_word' id='word_1_49' title='bbox 1559 729 1595 754; x_wconf 89' lang='lat' dir='ltr'>et</span> <span class='ocrx_word' id='word_1_50' title='bbox 1612 733 1726 754; x_wconf 91' lang='lat' dir='ltr'>nona·</span> <span class='ocrx_word' id='word_1_51' title='bbox 1786 758 1793 766; x_wconf 38' lang='lat'>⁸</span> 
     </span>
    </p>
   </div>
   <div class='ocr_carea' id='block_1_8' title="bbox 363 766 1727 985">
    <p class='ocr_par' dir='ltr' id='par_1_8' title="bbox 399 766 1727 897">
     <span class='ocr_line' id='line_1_9' title="bbox 399 766 1724 812; baseline -0.004 -10"><span class='ocrx_word' id='word_1_52' title='bbox 399 770 510 812; x_wconf 81' lang='lat' dir='ltr'>ginta,</span> <span class='ocrx_word' id='word_1_53' title='bbox 535 775 570 802; x_wconf 90' lang='lat' dir='ltr'>et</span> <span class='ocrx_word' id='word_1_54' title='bbox 588 769 671 802; x_wconf 89' lang='lat' dir='ltr'>dein</span> <span class='ocrx_word' id='word_1_55' title='bbox 696 778 805 809; x_wconf 87' lang='lat' dir='ltr'>super</span> <span class='ocrx_word' id='word_1_56' title='bbox 822 768 933 800; x_wconf 89' lang='lat' dir='ltr'>latere</span> <span class='ocrx_word' id='word_1_57' title='bbox 953 768 1078 800; x_wconf 89' lang='lat' dir='ltr'>dextro</span> <span class='ocrx_word' id='word_1_58' title='bbox 1101 769 1179 799; x_wconf 90' lang='lat' dir='ltr'>dies</span> <span class='ocrx_word' id='word_1_59' title='bbox 1204 767 1449 809; x_wconf 89' lang='lat' dir='ltr'>quadraginta.</span> <span class='ocrx_word' id='word_1_60' title='bbox 1499 766 1591 798; x_wconf 89' lang='lat' dir='ltr'>Tum</span> <span class='ocrx_word' id='word_1_61' title='bbox 1615 766 1724 798; x_wconf 90' lang='lat' dir='ltr'>etiam</span> 
     </span>
     <span class='ocr_line' id='line_1_10' title="bbox 399 810 1725 856; baseline -0.003 -11"><span class='ocrx_word' id='word_1_62' title='bbox 399 813 495 856; x_wconf 83' lang='lat' dir='ltr'>quod</span> <span class='ocrx_word' id='word_1_63' title='bbox 507 813 628 853; x_wconf 85' lang='lat' dir='ltr'>J&#39;ussus</span> <span class='ocrx_word' id='word_1_64' title='bbox 648 813 696 844; x_wconf 90' lang='lat' dir='ltr'>sit</span> <span class='ocrx_word' id='word_1_65' title='bbox 708 812 895 844; x_wconf 88' lang='lat' dir='ltr'>comedere</span> <span class='ocrx_word' id='word_1_66' title='bbox 910 812 1109 852; x_wconf 87' lang='lat' dir='ltr'>placentam</span> <span class='ocrx_word' id='word_1_67' title='bbox 1123 811 1339 843; x_wconf 84' lang='lat' dir='ltr'>hordeorum</span> <span class='ocrx_word' id='word_1_68' title='bbox 1352 820 1432 842; x_wconf 91' lang='lat' dir='ltr'>cum</span> <span class='ocrx_word' id='word_1_69' title='bbox 1451 816 1607 842; x_wconf 84' lang='lat' dir='ltr'>stercore</span> <span class='ocrx_word' id='word_1_70' title='bbox 1620 810 1725 842; x_wconf 90' lang='lat' dir='ltr'>bovis</span> 
     </span>
     <span class='ocr_line' id='line_1_11' title="bbox 399 853 1727 897; baseline -0.003 -8"><span class='ocrx_word' id='word_1_71' title='bbox 399 855 552 896; x_wconf 63' lang='lat' dir='ltr'>factarm</span> <span class='ocrx_word' id='word_1_72' title='bbox 577 863 613 888; x_wconf 90' lang='lat' dir='ltr'>et</span> <span class='ocrx_word' id='word_1_73' title='bbox 631 856 760 888; x_wconf 90' lang='lat' dir='ltr'>dicitur</span> <span class='ocrx_word' id='word_1_74' title='bbox 779 856 873 897; x_wconf 90' lang='lat' dir='ltr'>quod</span> <span class='ocrx_word' id='word_1_75' title='bbox 893 857 912 870; x_wconf 79' lang='lat'>‘⁸</span> <span class='ocrx_word' id='word_1_76' title='bbox 924 856 974 887; x_wconf 90' lang='lat' dir='ltr'>sic</span> <span class='ocrx_word' id='word_1_77' title='bbox 993 856 1162 887; x_wconf 88' lang='lat' dir='ltr'>carebunt</span> <span class='ocrx_word' id='word_1_78' title='bbox 1182 865 1274 895; x_wconf 88' lang='lat' dir='ltr'>pane</span> <span class='ocrx_word' id='word_1_79' title='bbox 1296 861 1332 886; x_wconf 88' lang='lat' dir='ltr'>et</span> <span class='ocrx_word' id='word_1_80' title='bbox 1350 853 1472 895; x_wconf 89' lang='lat' dir='ltr'>aqua”</span> <span class='ocrx_word' id='word_1_81' title='bbox 1493 854 1529 886; x_wconf 89' lang='lat' dir='ltr'>in</span> <span class='ocrx_word' id='word_1_82' title='bbox 1552 853 1727 885; x_wconf 88' lang='lat' dir='ltr'>Hieroso-</span> 
     </span>
    </p>

    <p class='ocr_par' dir='ltr' id='par_1_9' title="bbox 363 894 1723 985">
     <span class='ocr_line' id='line_1_12' title="bbox 363 894 1723 942; baseline -0.004 -9"><span class='ocrx_word' id='word_1_83' title='bbox 363 931 365 933; x_wconf 87' lang='grc'><em>,</em></span> <span class='ocrx_word' id='word_1_84' title='bbox 396 901 544 942; x_wconf 81' lang='lat' dir='ltr'>-lyma,..</span> <span class='ocrx_word' id='word_1_85' title='bbox 558 925 565 932; x_wconf 94' lang='lat'>.</span> <span class='ocrx_word' id='word_1_86' title='bbox 580 902 660 932; x_wconf 86' lang='lat' dir='ltr'>.“et</span> <span class='ocrx_word' id='word_1_87' title='bbox 683 901 936 931; x_wconf 85' lang='lat' dir='ltr'>contabescent</span> <span class='ocrx_word' id='word_1_88' title='bbox 961 906 1106 940; x_wconf 85' lang='lat' dir='ltr'>propter</span> <span class='ocrx_word' id='word_1_89' title='bbox 1130 898 1355 939; x_wconf 89' lang='lat' dir='ltr'>iniquitatem</span> <span class='ocrx_word' id='word_1_90' title='bbox 1380 907 1504 930; x_wconf 88' lang='lat' dir='ltr'>eorum</span> <span class='ocrx_word' id='word_1_91' title='bbox 1515 897 1534 910; x_wconf 85' lang='lat'><strong>”</strong></span> <span class='ocrx_word' id='word_1_92' title='bbox 1554 894 1723 940; x_wconf 82' lang='lat' dir='ltr'>([Ezecl1.]</span> 
     </span>
     <span class='ocr_line' id='line_1_13' title="bbox 399 943 752 985; baseline -0.003 -9"><span class='ocrx_word' id='word_1_93' title='bbox 399 954 475 985; x_wconf 86' lang='lat' dir='ltr'>cap.</span> <span class='ocrx_word' id='word_1_94' title='bbox 492 944 537 977; x_wconf 86' lang='lat' dir='ltr'>iv.</span> <span class='ocrx_word' id='word_1_95' title='bbox 558 952 572 975; x_wconf 92' lang='lat'>1</span> <span class='ocrx_word' id='word_1_96' title='bbox 591 944 636 976; x_wconf 92' lang='lat' dir='ltr'>ad</span> <span class='ocrx_word' id='word_1_97' title='bbox 656 943 752 984; x_wconf 88' lang='lat' dir='ltr'>fin.):</span> 
     </span>
    </p>
   </div>
   <div class='ocr_carea' id='block_1_9' title="bbox 219 1008 1722 1088">
    <p class='ocr_par' dir='ltr' id='par_1_10' title="bbox 219 1008 1722 1088">
     <span class='ocr_line' id='line_1_14' title="bbox 219 1008 1722 1088; baseline -0.003 -13"><span class='ocrx_word' id='word_1_98' title='bbox 219 1008 304 1088; x_wconf 16' lang='lat' dir='ltr'>*per</span> <span class='ocrx_word' id='word_1_99' title='bbox 323 1046 439 1088; x_wconf 88' lang='lat' dir='ltr'>quae</span> <span class='ocrx_word' id='word_1_100' title='bbox 461 1031 801 1086; x_wconf 86' lang='lat' dir='ltr'>significabatur</span> <span class='ocrx_word' id='word_1_101' title='bbox 822 1031 944 1086; x_wconf 91' lang='lat' dir='ltr'>quod</span> <span class='ocrx_word' id='word_1_102' title='bbox 966 1030 1159 1072; x_wconf 87' lang='lat' dir='ltr'>ecclesia</span> <span class='ocrx_word' id='word_1_103' title='bbox 1185 1031 1355 1085; x_wconf 83' lang='lat' dir='ltr'>absque</span> <span class='ocrx_word' id='word_1_104' title='bbox 1378 1030 1509 1071; x_wconf 90' lang='lat' dir='ltr'>bonis</span> <span class='ocrx_word' id='word_1_105' title='bbox 1533 1037 1579 1071; x_wconf 91' lang='lat' dir='ltr'>et</span> <span class='ocrx_word' id='word_1_106' title='bbox 1602 1030 1722 1070; x_wconf 87' lang='lat' dir='ltr'>veris</span> 
     </span>
    </p>
   </div>
   <div class='ocr_carea' id='block_1_10' title="bbox 223 1093 1649 1150">
    <p class='ocr_par' dir='ltr' id='par_1_11' title="bbox 106 1093 1649 1160">
     <span class='ocr_line' id='line_1_15' title="bbox 223 1093 1649 1150; baseline -0.004 -11.455"><span class='ocrx_word' id='word_1_107' title='bbox 223 1101 361 1145; x_wconf 82' lang='lat' dir='ltr'>esset,</span> <span class='ocrx_word' id='word_1_108' title='bbox 389 1101 436 1137; x_wconf 89' lang='lat' dir='ltr'>et</span> <span class='ocrx_word' id='word_1_109' title='bbox 457 1095 579 1150; x_wconf 91' lang='lat' dir='ltr'>quod</span> <span class='ocrx_word' id='word_1_110' title='bbox 604 1095 649 1143; x_wconf 82' lang='lat' dir='ltr'>in</span> <span class='ocrx_word' id='word_1_111' title='bbox 675 1096 809 1136; x_wconf 88' lang='lat' dir='ltr'>meris</span> <span class='ocrx_word' id='word_1_112' title='bbox 834 1094 958 1136; x_wconf 88' lang='lat' dir='ltr'>falsis</span> <span class='ocrx_word' id='word_1_113' title='bbox 984 1108 1044 1135; x_wconf 85' lang='lat' dir='ltr'>ex</span> <span class='ocrx_word' id='word_1_114' title='bbox 1071 1093 1219 1135; x_wconf 87' lang='lat' dir='ltr'>malo:</span> <span class='ocrx_word' id='word_1_115' title='bbox 1254 1107 1306 1135; x_wconf 91' lang='lat' dir='ltr'>ac</span> <span class='ocrx_word' id='word_1_116' title='bbox 1336 1094 1502 1134; x_wconf 89' lang='lat' dir='ltr'>dicitur</span> <span class='ocrx_word' id='word_1_117' title='bbox 1528 1093 1649 1147; x_wconf 86' lang='lat' dir='ltr'>quod</span> 
     </span>
    </p>
   </div>
   <div class='ocr_carea' id='block_1_11' title="bbox 409 1187 1540 1230">
    <p class='ocr_par' dir='ltr' id='par_1_12' title="bbox 409 1187 1540 1230">
     <span class='ocr_line' id='line_1_16' title="bbox 409 1187 1540 1230; baseline -0.001 -9"><span class='ocrx_word' id='word_1_118' title='bbox 409 1188 478 1221; x_wconf 92' lang='lat' dir='ltr'>Per</span> <span class='ocrx_word' id='word_1_119' title='bbox 493 1189 579 1221; x_wconf 91' lang='lat' dir='ltr'>illud</span> <span class='ocrx_word' id='word_1_120' title='bbox 597 1194 755 1230; x_wconf 89' lang='lat' dir='ltr'>portaret</span> <span class='ocrx_word' id='word_1_121' title='bbox 770 1189 994 1230; x_wconf 86' lang='lat' dir='ltr'>iniquitatem</span> <span class='ocrx_word' id='word_1_122' title='bbox 1012 1188 1140 1220; x_wconf 90' lang='lat' dir='ltr'>domus</span> <span class='ocrx_word' id='word_1_123' title='bbox 1155 1188 1299 1220; x_wconf 86' lang='lat' dir='ltr'>Israelis</span> <span class='ocrx_word' id='word_1_124' title='bbox 1316 1187 1421 1229; x_wconf 87' lang='lat' dir='ltr'>(vers.</span> <span class='ocrx_word' id='word_1_125' title='bbox 1439 1196 1469 1227; x_wconf 79' lang='lat'>4,</span> <span class='ocrx_word' id='word_1_126' title='bbox 1489 1188 1540 1228; x_wconf 85' lang='lat'>5);</span> 
     </span>
    </p>
   </div>
   <div class='ocr_carea' id='block_1_12' title="bbox 81 1276 1724 1396">
    <p class='ocr_par' dir='ltr' id='par_1_13' title="bbox 81 1276 1724 1407">
     <span class='ocr_line' id='line_1_17' title="bbox 96 1276 1724 1337; baseline -0.002 -17"><span class='ocrx_word' id='word_1_127' title='bbox 96 1324 98 1326; x_wconf 54' lang='grc'>,</span> <span class='ocrx_word' id='word_1_128' title='bbox 122 1314 154 1337; x_wconf 36' lang='grc' dir='ltr'>,Μ</span> <span class='ocrx_word' id='word_1_129' title='bbox 190 1301 196 1312; x_wconf 83' lang='lat'><strong>·</strong></span> <span class='ocrx_word' id='word_1_130' title='bbox 223 1290 305 1333; x_wconf 86' lang='lat' dir='ltr'>per</span> <span class='ocrx_word' id='word_1_131' title='bbox 328 1291 443 1332; x_wconf 87' lang='lat' dir='ltr'>quae</span> <span class='ocrx_word' id='word_1_132' title='bbox 466 1291 606 1332; x_wconf 90' lang='lat' dir='ltr'>usque</span> <span class='ocrx_word' id='word_1_133' title='bbox 633 1285 724 1318; x_wconf 87' lang='lat' dir='ltr'>non</span> <span class='ocrx_word' id='word_1_134' title='bbox 751 1277 937 1319; x_wconf 82' lang='lat' dir='ltr'>&#39;sustulit</span> <span class='ocrx_word' id='word_1_135' title='bbox 963 1277 1229 1332; x_wconf 85' lang='lat' dir='ltr'>iniquitates</span> <span class='ocrx_word' id='word_1_136' title='bbox 1255 1276 1449 1326; x_wconf 90' lang='lat' dir='ltr'>illorum,</span> <span class='ocrx_word' id='word_1_137' title='bbox 1475 1277 1555 1318; x_wconf 90' lang='lat' dir='ltr'>sed</span> <span class='ocrx_word' id='word_1_138' title='bbox 1583 1277 1724 1318; x_wconf 91' lang='lat' dir='ltr'>modo</span> 
     </span>
     <span class='ocr_line' id='line_1_18' title="bbox 81 1339 1724 1396; baseline -0.002 -12"><span class='ocrx_word' id='word_1_139' title='bbox 81 1345 158 1385; x_wconf 57' lang='grc' dir='ltr'>ς</span> <span class='ocrx_word' id='word_1_140' title='bbox 222 1341 583 1396; x_wconf 82' lang='lat' dir='ltr'>repraesentavit</span> <span class='ocrx_word' id='word_1_141' title='bbox 615 1340 730 1390; x_wconf 82' lang='lat' dir='ltr'>illas,</span> <span class='ocrx_word' id='word_1_142' title='bbox 764 1347 811 1382; x_wconf 91' lang='lat' dir='ltr'>et</span> <span class='ocrx_word' id='word_1_143' title='bbox 843 1340 939 1382; x_wconf 89' lang='lat' dir='ltr'>hoc·</span> <span class='ocrx_word' id='word_1_144' title='bbox 962 1341 1066 1395; x_wconf 87' lang='lat' dir='ltr'>quia</span> <span class='ocrx_word' id='word_1_145' title='bbox 1099 1340 1402 1395; x_wconf 82' lang='lat' dir='ltr'>“propheta‘’</span> <span class='ocrx_word' id='word_1_146' title='bbox 1435 1339 1724 1394; x_wconf 86' lang='lat' dir='ltr'>significabat</span> 
     </span>
    </p>
   </div>
   <div class='ocr_carea' id='block_1_13' title="bbox 225 1401 1724 1458">
    <p class='ocr_par' dir='ltr' id='par_1_14' title="bbox 225 1401 1724 1458">
     <span class='ocr_line' id='line_1_19' title="bbox 225 1401 1724 1458; baseline -0.001 -13"><span class='ocrx_word' id='word_1_147' title='bbox 225 1401 478 1450; x_wconf 52' lang='lat' dir='ltr'>dol-‘trinam</span> <span class='ocrx_word' id='word_1_148' title='bbox 514 1417 575 1446; x_wconf 88' lang='lat' dir='ltr'>ex</span> <span class='ocrx_word' id='word_1_149' title='bbox 606 1403 776 1453; x_wconf 89' lang='lat' dir='ltr'>Verbo,</span> <span class='ocrx_word' id='word_1_150' title='bbox 811 1404 877 1445; x_wconf 86' lang='lat' dir='ltr'>ita</span> <span class='ocrx_word' id='word_1_151' title='bbox 915 1403 1159 1445; x_wconf 83' lang='lat' dir='ltr'>ecclesiam</span> <span class='ocrx_word' id='word_1_152' title='bbox 1191 1404 1340 1458; x_wconf 91' lang='lat' dir='ltr'>quoad</span> <span class='ocrx_word' id='word_1_153' title='bbox 1381 1402 1634 1446; x_wconf 67' lang='lat' dir='ltr'>doctrinam</span> <span class='ocrx_word' id='word_1_154' title='bbox 1677 1410 1724 1444; x_wconf 91' lang='lat' dir='ltr'>et</span> 
     </span>
    </p>
   </div>
   <div class='ocr_carea' id='block_1_14' title="bbox 222 1466 1723 1521">
    <p class='ocr_par' dir='ltr' id='par_1_15' title="bbox 99 1444 1723 1529">
     <span class='ocr_line' id='line_1_20' title="bbox 222 1466 1723 1521; baseline 0.001 -14.849"><span class='ocrx_word' id='word_1_155' title='bbox 222 1466 328 1510; x_wconf 86' lang='lat' dir='ltr'>inde</span> <span class='ocrx_word' id='word_1_156' title='bbox 358 1466 546 1509; x_wconf 86' lang='lat' dir='ltr'>cultum.</span> <span class='ocrx_word' id='word_1_157' title='bbox 610 1466 766 1508; x_wconf 86' lang='lat' dir='ltr'>Simile</span> <span class='ocrx_word' id='word_1_158' title='bbox 796 1468 938 1509; x_wconf 89' lang='lat' dir='ltr'>etiam</span> <span class='ocrx_word' id='word_1_159' title='bbox 970 1467 1243 1520; x_wconf 85' lang='lat' dir='ltr'>intelligitur</span> <span class='ocrx_word' id='word_1_160' title='bbox 1273 1481 1352 1521; x_wconf 90' lang='lat' dir='ltr'>per</span> <span class='ocrx_word' id='word_1_161' title='bbox 1386 1471 1607 1521; x_wconf 90' lang='lat' dir='ltr'>“portare</span> <span class='ocrx_word' id='word_1_162' title='bbox 1639 1467 1723 1508; x_wconf 87' lang='lat' dir='ltr'>ini-</span> 
     </span>
    </p>
   </div>
   <div class='ocr_carea' id='block_1_15' title="bbox 223 1530 1724 1585">
    <p class='ocr_par' dir='ltr' id='par_1_16' title="bbox 106 1510 1724 1598">
     <span class='ocr_line' id='line_1_21' title="bbox 223 1530 1724 1585; baseline -0.002 -11.217"><span class='ocrx_word' id='word_1_163' title='bbox 223 1530 462 1585; x_wconf 84' lang='lat' dir='ltr'>quitates,”</span> <span class='ocrx_word' id='word_1_164' title='bbox 499 1530 573 1572; x_wconf 87' lang='lat' dir='ltr'>ubi</span> <span class='ocrx_word' id='word_1_165' title='bbox 616 1531 673 1572; x_wconf 90' lang='lat' dir='ltr'>de</span> <span class='ocrx_word' id='word_1_166' title='bbox 711 1530 924 1579; x_wconf 87' lang='lat' dir='ltr'>Domino,</span> <span class='ocrx_word' id='word_1_167' title='bbox 958 1531 1033 1585; x_wconf 91' lang='lat' dir='ltr'>qui</span> <span class='ocrx_word' id='word_1_168' title='bbox 1074 1530 1304 1572; x_wconf 83' lang='lat' dir='ltr'>Maximus</span> <span class='ocrx_word' id='word_1_169' title='bbox 1346 1530 1575 1584; x_wconf 85' lang='lat' dir='ltr'>Propheta</span> <span class='ocrx_word' id='word_1_170' title='bbox 1614 1531 1724 1582; x_wconf 73' lang='lat' dir='ltr'>fuit3</span> 
     </span>
    </p>
   </div>
   <div class='ocr_carea' id='block_1_16' title="bbox 223 1593 1725 1653">
    <p class='ocr_par' dir='ltr' id='par_1_17' title="bbox 223 1593 1725 1653">
     <span class='ocr_line' id='line_1_22' title="bbox 223 1593 1725 1653; baseline -0.002 -15"><span class='ocrx_word' id='word_1_171' title='bbox 223 1594 583 1648; x_wconf 74' lang='lat' dir='ltr'>repraesentavit</span> <span class='ocrx_word' id='word_1_172' title='bbox 610 1594 729 1635; x_wconf 90' lang='lat' dir='ltr'>enim</span> <span class='ocrx_word' id='word_1_173' title='bbox 757 1594 861 1648; x_wconf 88' lang='lat' dir='ltr'>Ipse</span> <span class='ocrx_word' id='word_1_174' title='bbox 886 1595 931 1634; x_wconf 90' lang='lat' dir='ltr'>in</span> <span class='ocrx_word' id='word_1_175' title='bbox 958 1593 1016 1653; x_wconf 87' lang='lat' dir='ltr'>Se</span> <span class='ocrx_word' id='word_1_176' title='bbox 1042 1594 1274 1648; x_wconf 90' lang='lat' dir='ltr'>quomodo</span> <span class='ocrx_word' id='word_1_177' title='bbox 1301 1593 1511 1635; x_wconf 87' lang='lat' dir='ltr'>Ecclesia</span> <span class='ocrx_word' id='word_1_178' title='bbox 1536 1594 1725 1647; x_wconf 88' lang='lat' dir='ltr'>Judaica</span> 
     </span>
    </p>
   </div>
   <div class='ocr_carea' id='block_1_17' title="bbox 74 1652 1724 1973">
    <p class='ocr_par' dir='ltr' id='par_1_18' title="bbox 74 1652 1724 1973">
     <span class='ocr_line' id='line_1_23' title="bbox 139 1652 1724 1710; baseline -0.001 -12"><span class='ocrx_word' id='word_1_179' title='bbox 139 1652 144 1660; x_wconf 82' lang='lat'>&#39;</span> <span class='ocrx_word' id='word_1_180' title='bbox 188 1675 193 1682; x_wconf 58' lang='lat'><strong>⁴</strong></span> <span class='ocrx_word' id='word_1_181' title='bbox 220 1656 554 1699; x_wconf 82' lang='lat' dir='ltr'>contumeliose</span> <span class='ocrx_word' id='word_1_182' title='bbox 575 1655 794 1698; x_wconf 64' lang='lat' dir='ltr'>tractaret</span> <span class='ocrx_word' id='word_1_183' title='bbox 818 1657 1037 1698; x_wconf 84' lang='lat' dir='ltr'>Divinum</span> <span class='ocrx_word' id='word_1_184' title='bbox 1060 1656 1246 1705; x_wconf 89' lang='lat' dir='ltr'>Verum,</span> <span class='ocrx_word' id='word_1_185' title='bbox 1271 1671 1351 1698; x_wconf 87' lang='lat' dir='ltr'>seu</span> <span class='ocrx_word' id='word_1_186' title='bbox 1373 1655 1592 1705; x_wconf 87' lang='lat' dir='ltr'>Verbum,</span> <span class='ocrx_word' id='word_1_187' title='bbox 1619 1657 1724 1710; x_wconf 89' lang='lat' dir='ltr'>Ipse</span> 
     </span>
     <span class='ocr_line' id='line_1_24' title="bbox 222 1718 1722 1774; baseline 0.001 -15.85"><span class='ocrx_word' id='word_1_188' title='bbox 222 1720 343 1769; x_wconf 84' lang='lat' dir='ltr'>enim</span> <span class='ocrx_word' id='word_1_189' title='bbox 364 1718 475 1766; x_wconf 81' lang='lat' dir='ltr'>illud</span> <span class='ocrx_word' id='word_1_190' title='bbox 501 1726 625 1771; x_wconf 86' lang='lat' dir='ltr'>erat;</span> <span class='ocrx_word' id='word_1_191' title='bbox 659 1734 796 1774; x_wconf 89' lang='lat' dir='ltr'>quare</span> <span class='ocrx_word' id='word_1_192' title='bbox 819 1720 939 1774; x_wconf 94' lang='lat' dir='ltr'>quod</span> <span class='ocrx_word' id='word_1_193' title='bbox 965 1719 1298 1773; x_wconf 83' lang='lat' dir='ltr'>flagellaverint</span> <span class='ocrx_word' id='word_1_194' title='bbox 1327 1720 1495 1773; x_wconf 89' lang='lat' dir='ltr'>Ipsum,</span> <span class='ocrx_word' id='word_1_195' title='bbox 1524 1734 1722 1774; x_wconf 83' lang='lat' dir='ltr'>exspue-</span> 
     </span>
     <span class='ocr_line' id='line_1_25' title="bbox 97 1772 1723 1838; baseline 0.001 -15"><span class='ocrx_word' id='word_1_196' title='bbox 97 1772 166 1835; x_wconf 41' lang='lat' dir='ltr'>fis,</span> <span class='ocrx_word' id='word_1_197' title='bbox 222 1782 312 1831; x_wconf 74' lang='lat' dir='ltr'>rint</span> <span class='ocrx_word' id='word_1_198' title='bbox 333 1783 378 1825; x_wconf 93' lang='lat' dir='ltr'>in</span> <span class='ocrx_word' id='word_1_199' title='bbox 399 1783 559 1825; x_wconf 85' lang='lat' dir='ltr'>faciem</span> <span class='ocrx_word' id='word_1_200' title='bbox 583 1783 742 1838; x_wconf 85' lang='lat' dir='ltr'>Ipsius,</span> <span class='ocrx_word' id='word_1_201' title='bbox 769 1784 1074 1837; x_wconf 87' lang='lat' dir='ltr'>percusserint</span> <span class='ocrx_word' id='word_1_202' title='bbox 1098 1783 1253 1837; x_wconf 91' lang='lat' dir='ltr'>Ipsum</span> <span class='ocrx_word' id='word_1_203' title='bbox 1276 1779 1468 1833; x_wconf 87' lang='lat' dir='ltr'>calamo,</span> <span class='ocrx_word' id='word_1_204' title='bbox 1494 1784 1723 1838; x_wconf 89' lang='lat' dir='ltr'>imposue—</span> 
     </span>
     <span class='ocr_line' id='line_1_26' title="bbox 114 1845 1724 1903; baseline 0 -15"><span class='ocrx_word' id='word_1_205' title='bbox 114 1883 145 1903; x_wconf 19' lang='lat' dir='ltr'>s,</span> <span class='ocrx_word' id='word_1_206' title='bbox 218 1845 313 1893; x_wconf 67' lang='lat' dir='ltr'>⁴rint</span> <span class='ocrx_word' id='word_1_207' title='bbox 334 1858 551 1888; x_wconf 89' lang='lat' dir='ltr'>coronam</span> <span class='ocrx_word' id='word_1_208' title='bbox 569 1860 628 1888; x_wconf 87' lang='lat' dir='ltr'>ex</span> <span class='ocrx_word' id='word_1_209' title='bbox 652 1847 805 1900; x_wconf 88' lang='lat' dir='ltr'>spinis,</span> <span class='ocrx_word' id='word_1_210' title='bbox 831 1846 952 1900; x_wconf 91' lang='lat' dir='ltr'>quod</span> <span class='ocrx_word' id='word_1_211' title='bbox 971 1847 1234 1900; x_wconf 90' lang='lat' dir='ltr'>potaverint</span> <span class='ocrx_word' id='word_1_212' title='bbox 1253 1846 1406 1901; x_wconf 89' lang='lat' dir='ltr'>Ipsum</span> <span class='ocrx_word' id='word_1_213' title='bbox 1430 1853 1579 1896; x_wconf 91' lang='lat' dir='ltr'>aceto,</span> <span class='ocrx_word' id='word_1_214' title='bbox 1602 1847 1724 1901; x_wconf 88' lang='lat' dir='ltr'>quod</span> 
     </span>
     <span class='ocr_line' id='line_1_27' title="bbox 74 1902 1724 1973; baseline 0.002 -24"><span class='ocrx_word' id='word_1_215' title='bbox 74 1955 78 1960; x_wconf 96' lang='lat'>.</span> <span class='ocrx_word' id='word_1_216' title='bbox 98 1902 158 1973; x_wconf 53' lang='lat'>{2</span> <span class='ocrx_word' id='word_1_217' title='bbox 179 1949 184 1957; x_wconf 83' lang='grc'><em>,</em></span> <span class='ocrx_word' id='word_1_218' title='bbox 222 1907 461 1952; x_wconf 87' lang='lat' dir='ltr'>diviserint</span> <span class='ocrx_word' id='word_1_219' title='bbox 498 1910 778 1951; x_wconf 86' lang='lat' dir='ltr'>vestimenta</span> <span class='ocrx_word' id='word_1_220' title='bbox 827 1909 986 1964; x_wconf 87' lang='lat' dir='ltr'>Ipsius,</span> <span class='ocrx_word' id='word_1_221' title='bbox 1028 1910 1212 1964; x_wconf 83' lang='lat' dir='ltr'>demum</span> <span class='ocrx_word' id='word_1_222' title='bbox 1253 1910 1375 1964; x_wconf 92' lang='lat' dir='ltr'>quod</span> <span class='ocrx_word' id='word_1_223' title='bbox 1416 1910 1724 1952; x_wconf 88' lang='lat' dir='ltr'>crucifixerint</span> 
     </span>
    </p>
   </div>
   <div class='ocr_carea' id='block_1_18' title="bbox 107 1970 1725 2027">
    <p class='ocr_par' dir='ltr' id='par_1_19' title="bbox 107 1970 1725 2027">
     <span class='ocr_line' id='line_1_28' title="bbox 107 1970 1725 2027; baseline 0.001 -14"><span class='ocrx_word' id='word_1_224' title='bbox 107 1976 117 2023; x_wconf 63' lang='grc' dir='ltr'>ξ</span> <span class='ocrx_word' id='word_1_225' title='bbox 169 1977 174 1980; x_wconf 84' lang='grc'><strong>“</strong></span> <span class='ocrx_word' id='word_1_226' title='bbox 225 1970 392 2026; x_wconf 90' lang='lat' dir='ltr'>Ipsum,</span> <span class='ocrx_word' id='word_1_227' title='bbox 420 1972 573 2014; x_wconf 90' lang='lat' dir='ltr'>omnia</span> <span class='ocrx_word' id='word_1_228' title='bbox 597 1973 987 2027; x_wconf 85' lang='lat' dir='ltr'>repraesentativa</span> <span class='ocrx_word' id='word_1_229' title='bbox 1022 1980 1153 2014; x_wconf 89' lang='lat' dir='ltr'>erant</span> <span class='ocrx_word' id='word_1_230' title='bbox 1180 1979 1329 2014; x_wconf 91' lang='lat' dir='ltr'>status</span> <span class='ocrx_word' id='word_1_231' title='bbox 1354 1973 1472 2014; x_wconf 88' lang='lat' dir='ltr'>illius</span> <span class='ocrx_word' id='word_1_232' title='bbox 1503 1973 1725 2015; x_wconf 88' lang='lat' dir='ltr'>ecclesiae</span> 
     </span>
    </p>
   </div>
   <div class='ocr_carea' id='block_1_19' title="bbox 223 2034 1725 2216">
    <p class='ocr_par' dir='ltr' id='par_1_20' title="bbox 223 2034 1725 2216">
     <span class='ocr_line' id='line_1_29' title="bbox 224 2034 1724 2089; baseline 0.002 -16"><span class='ocrx_word' id='word_1_233' title='bbox 224 2042 383 2082; x_wconf 70' lang='lat' dir='ltr'>(videatur</span> <span class='ocrx_word' id='word_1_234' title='bbox 395 2053 502 2082; x_wconf 84' lang='lat' dir='ltr'>supra.</span> <span class='ocrx_word' id='word_1_235' title='bbox 517 2053 549 2074; x_wconf 89' lang='lat' dir='ltr'>n.</span> <span class='ocrx_word' id='word_1_236' title='bbox 566 2034 631 2086; x_wconf 83' lang='lat'>83,</span> <span class='ocrx_word' id='word_1_237' title='bbox 654 2043 793 2086; x_wconf 82' lang='lat' dir='ltr'>I95[c],</span> <span class='ocrx_word' id='word_1_238' title='bbox 818 2034 1159 2087; x_wconf 75' lang='lat' dir='ltr'>627[c],655[b]);</span> <span class='ocrx_word' id='word_1_239' title='bbox 1202 2034 1289 2076; x_wconf 88' lang='lat' dir='ltr'>hoc</span> <span class='ocrx_word' id='word_1_240' title='bbox 1314 2035 1470 2089; x_wconf 69' lang='lat' dir='ltr'>ltaque</span> <span class='ocrx_word' id='word_1_241' title='bbox 1492 2035 1724 2088; x_wconf 75' lang='lat' dir='ltr'>Signffica-</span> 
     </span>
     <span class='ocr_line' id='line_1_30' title="bbox 223 2098 1724 2154; baseline 0.002 -15"><span class='ocrx_word' id='word_1_242' title='bbox 223 2102 298 2139; x_wconf 85' lang='lat' dir='ltr'>tur</span> <span class='ocrx_word' id='word_1_243' title='bbox 308 2106 390 2152; x_wconf 88' lang='lat' dir='ltr'>per</span> <span class='ocrx_word' id='word_1_244' title='bbox 409 2101 630 2152; x_wconf 88' lang='lat' dir='ltr'>“portare</span> <span class='ocrx_word' id='word_1_245' title='bbox 652 2098 957 2152; x_wconf 84' lang='lat' dir='ltr'>iniquitates,&#39;’</span> <span class='ocrx_word' id='word_1_246' title='bbox 981 2099 1150 2153; x_wconf 87' lang='lat' dir='ltr'>pariter</span> <span class='ocrx_word' id='word_1_247' title='bbox 1166 2100 1306 2140; x_wconf 91' lang='lat' dir='ltr'>etiam</span> <span class='ocrx_word' id='word_1_248' title='bbox 1328 2113 1408 2154; x_wconf 88' lang='lat' dir='ltr'>per</span> <span class='ocrx_word' id='word_1_249' title='bbox 1424 2101 1545 2154; x_wconf 91' lang='lat' dir='ltr'>quod</span> <span class='ocrx_word' id='word_1_250' title='bbox 1569 2107 1724 2142; x_wconf 90' lang='lat' dir='ltr'>tenta-</span> 
     </span>
     <span class='ocr_line' id='line_1_31' title="bbox 223 2161 1725 2216; baseline 0.003 -14"><span class='ocrx_word' id='word_1_251' title='bbox 223 2161 373 2203; x_wconf 87' lang='lat' dir='ltr'>tiones</span> <span class='ocrx_word' id='word_1_252' title='bbox 408 2174 515 2216; x_wconf 88' lang='lat' dir='ltr'>prae</span> <span class='ocrx_word' id='word_1_253' title='bbox 551 2161 649 2202; x_wconf 88' lang='lat' dir='ltr'>aliis</span> <span class='ocrx_word' id='word_1_254' title='bbox 687 2161 979 2215; x_wconf 84' lang='lat' dir='ltr'>gravissimas</span> <span class='ocrx_word' id='word_1_255' title='bbox 1016 2163 1294 2204; x_wconf 89' lang='lat' dir='ltr'>sustinuerit.</span> <span class='ocrx_word' id='word_1_256' title='bbox 1355 2163 1423 2204; x_wconf 92' lang='lat' dir='ltr'>At</span> <span class='ocrx_word' id='word_1_257' title='bbox 1455 2178 1563 2205; x_wconf 91' lang='lat' dir='ltr'>vero</span> <span class='ocrx_word' id='word_1_258' title='bbox 1599 2165 1643 2205; x_wconf 92' lang='lat' dir='ltr'>in</span> <span class='ocrx_word' id='word_1_259' title='bbox 1676 2179 1725 2206; x_wconf 84' lang='lat' dir='ltr'>se</span> 
     </span>
    </p>
   </div>
   <div class='ocr_carea' id='block_1_20' title="bbox 88 2223 1726 2351">
    <p class='ocr_par' dir='ltr' id='par_1_21' title="bbox 88 2214 1726 2351">
     <span class='ocr_line' id='line_1_32' title="bbox 223 2223 1725 2280; baseline 0.001 -13.836"><span class='ocrx_word' id='word_1_260' title='bbox 223 2223 466 2266; x_wconf 83' lang='lat' dir='ltr'>transferre</span> <span class='ocrx_word' id='word_1_261' title='bbox 484 2223 674 2266; x_wconf 91' lang='lat' dir='ltr'>aliorum</span> <span class='ocrx_word' id='word_1_262' title='bbox 693 2231 900 2278; x_wconf 88' lang='lat' dir='ltr'>peccata,</span> <span class='ocrx_word' id='word_1_263' title='bbox 920 2230 971 2266; x_wconf 87' lang='lat' dir='ltr'>a&#39;c</span> <span class='ocrx_word' id='word_1_264' title='bbox 997 2239 1076 2279; x_wconf 91' lang='lat' dir='ltr'>per</span> <span class='ocrx_word' id='word_1_265' title='bbox 1093 2225 1274 2267; x_wconf 87' lang='lat' dir='ltr'>dolores</span> <span class='ocrx_word' id='word_1_266' title='bbox 1297 2232 1343 2267; x_wconf 91' lang='lat' dir='ltr'>et</span> <span class='ocrx_word' id='word_1_267' title='bbox 1371 2240 1450 2280; x_wconf 89' lang='lat' dir='ltr'>per</span> <span class='ocrx_word' id='word_1_268' title='bbox 1467 2228 1725 2280; x_wconf 89' lang='lat' dir='ltr'>punitiones</span> 
     </span>
     <span class='ocr_line' id='line_1_33' title="bbox 88 2286 1726 2351; baseline 0.003 -24"><span class='ocrx_word' id='word_1_269' title='bbox 88 2322 99 2335; x_wconf 72' lang='grc'><em>,</em></span> <span class='ocrx_word' id='word_1_270' title='bbox 123 2287 130 2351; x_wconf 26' lang='grc' dir='ltr'>ι’</span> <span class='ocrx_word' id='word_1_271' title='bbox 173 2307 175 2309; x_wconf 89' lang='grc'><em>·</em></span> <span class='ocrx_word' id='word_1_272' title='bbox 223 2286 269 2328; x_wconf 89' lang='lat' dir='ltr'>in</span> <span class='ocrx_word' id='word_1_273' title='bbox 290 2300 339 2328; x_wconf 88' lang='lat' dir='ltr'>se</span> <span class='ocrx_word' id='word_1_274' title='bbox 360 2286 595 2337; x_wconf 86' lang='lat' dir='ltr'>admissas,</span> <span class='ocrx_word' id='word_1_275' title='bbox 619 2287 790 2329; x_wconf 90' lang='lat' dir='ltr'>auferre</span> <span class='ocrx_word' id='word_1_276' title='bbox 814 2287 906 2337; x_wconf 88' lang='lat' dir='ltr'>illa,</span> <span class='ocrx_word' id='word_1_277' title='bbox 933 2295 1020 2338; x_wconf 84' lang='lat' dir='ltr'>est,</span> <span class='ocrx_word' id='word_1_278' title='bbox 1046 2295 1208 2330; x_wconf 90' lang='lat' dir='ltr'>contra</span> <span class='ocrx_word' id='word_1_279' title='bbox 1230 2295 1440 2330; x_wconf 89' lang='lat' dir='ltr'>naturam</span> <span class='ocrx_word' id='word_1_280' title='bbox 1462 2290 1726 2332; x_wconf 88' lang='lat' dir='ltr'>abolitionis</span> 
     </span>
    </p>
   </div>
   <div class='ocr_carea' id='block_1_21' title="bbox 223 2351 1727 2408">
    <p class='ocr_par' dir='ltr' id='par_1_22' title="bbox 223 2351 1727 2408">
     <span class='ocr_line' id='line_1_34' title="bbox 223 2351 1727 2408; baseline 0.003 -17"><span class='ocrx_word' id='word_1_281' title='bbox 223 2356 544 2404; x_wconf 87' lang='lat' dir='ltr'>peccatorum;</span> <span class='ocrx_word' id='word_1_282' title='bbox 582 2357 775 2404; x_wconf 90' lang='lat' dir='ltr'>peccata</span> <span class='ocrx_word' id='word_1_283' title='bbox 816 2351 937 2392; x_wconf 88' lang='lat' dir='ltr'>enim</span> <span class='ocrx_word' id='word_1_284' title='bbox 975 2364 1066 2392; x_wconf 89' lang='lat' dir='ltr'>non</span> <span class='ocrx_word' id='word_1_285' title='bbox 1098 2351 1340 2393; x_wconf 89' lang='lat' dir='ltr'>abolentur</span> <span class='ocrx_word' id='word_1_286' title='bbox 1371 2353 1454 2394; x_wconf 87' lang='lat' dir='ltr'>nisi</span> <span class='ocrx_word' id='word_1_287' title='bbox 1485 2367 1620 2407; x_wconf 89' lang='lat' dir='ltr'>quam</span> <span class='ocrx_word' id='word_1_288' title='bbox 1647 2368 1727 2408; x_wconf 89' lang='lat' dir='ltr'>per</span> 
     </span>
    </p>
   </div>
   <div class='ocr_carea' id='block_1_22' title="bbox 59 2413 1727 2536">
    <p class='ocr_par' dir='ltr' id='par_1_23' title="bbox 59 2396 1727 2536">
     <span class='ocr_line' id='line_1_35' title="bbox 59 2413 1725 2472; baseline 0.003 -18"><span class='ocrx_word' id='word_1_289' title='bbox 59 2462 62 2464; x_wconf 15' lang='lat' dir='ltr'>v</span> <span class='ocrx_word' id='word_1_290' title='bbox 225 2413 555 2467; x_wconf 87' lang='lat' dir='ltr'>paenitentiam</span> <span class='ocrx_word' id='word_1_291' title='bbox 577 2414 698 2454; x_wconf 89' lang='lat' dir='ltr'>vitae</span> <span class='ocrx_word' id='word_1_292' title='bbox 721 2413 813 2467; x_wconf 91' lang='lat' dir='ltr'>ejus</span> <span class='ocrx_word' id='word_1_293' title='bbox 837 2415 911 2468; x_wconf 89' lang='lat' dir='ltr'>qui</span> <span class='ocrx_word' id='word_1_294' title='bbox 940 2415 1174 2468; x_wconf 90' lang='lat' dir='ltr'>peccavit:</span> <span class='ocrx_word' id='word_1_295' title='bbox 1209 2415 1380 2457; x_wconf 87' lang='lat' dir='ltr'>auferre</span> <span class='ocrx_word' id='word_1_296' title='bbox 1406 2416 1484 2457; x_wconf 89' lang='lat' dir='ltr'>illa</span> <span class='ocrx_word' id='word_1_297' title='bbox 1509 2431 1588 2472; x_wconf 88' lang='lat' dir='ltr'>per</span> <span class='ocrx_word' id='word_1_298' title='bbox 1606 2418 1725 2459; x_wconf 86' lang='lat' dir='ltr'>deri-</span> 
     </span>
     <span class='ocr_line' id='line_1_36' title="bbox 100 2475 1727 2536; baseline 0.003 -20"><span class='ocrx_word' id='word_1_299' title='bbox 100 2476 112 2536; x_wconf 26' lang='lat'>,</span> <span class='ocrx_word' id='word_1_300' title='bbox 155 2491 159 2493; x_wconf 93' lang='lat'>·</span> <span class='ocrx_word' id='word_1_301' title='bbox 225 2476 458 2518; x_wconf 87' lang='lat' dir='ltr'>vationem</span> <span class='ocrx_word' id='word_1_302' title='bbox 489 2490 550 2518; x_wconf 87' lang='lat' dir='ltr'>ex</span> <span class='ocrx_word' id='word_1_303' title='bbox 581 2475 672 2517; x_wconf 92' lang='lat' dir='ltr'>alio</span> <span class='ocrx_word' id='word_1_304' title='bbox 703 2477 747 2517; x_wconf 91' lang='lat' dir='ltr'>in</span> <span class='ocrx_word' id='word_1_305' title='bbox 780 2490 845 2527; x_wconf 89' lang='lat' dir='ltr'>se,</span> <span class='ocrx_word' id='word_1_306' title='bbox 875 2484 945 2519; x_wconf 91' lang='lat' dir='ltr'>est</span> <span class='ocrx_word' id='word_1_307' title='bbox 981 2478 1151 2531; x_wconf 89' lang='lat' dir='ltr'>dogma</span> <span class='ocrx_word' id='word_1_308' title='bbox 1182 2478 1533 2530; x_wconf 89' lang='lat' dir='ltr'>Pontificiorum,</span> <span class='ocrx_word' id='word_1_309' title='bbox 1561 2481 1604 2521; x_wconf 90' lang='lat' dir='ltr'>in</span> <span class='ocrx_word' id='word_1_310' title='bbox 1637 2495 1727 2534; x_wconf 90' lang='lat' dir='ltr'>quo</span> 
     </span>
    </p>
   </div>
   <div class='ocr_carea' id='block_1_23' title="bbox 226 2552 1728 2659">
    <p class='ocr_par' dir='ltr' id='par_1_24' title="bbox 226 2552 1728 2659">
     <span class='ocr_line' id='line_1_37' title="bbox 226 2552 512 2581; baseline -0.003 0"><span class='ocrx_word' id='word_1_311' title='bbox 226 2552 319 2581; x_wconf 89' lang='lat' dir='ltr'>non</span> <span class='ocrx_word' id='word_1_312' title='bbox 345 2552 512 2580; x_wconf 88' lang='lat' dir='ltr'>verum.</span> 
     </span>
     <span class='ocr_line' id='line_1_38' title="bbox 313 2601 1728 2659; baseline 0.002 -16"><span class='ocrx_word' id='word_1_313' title='bbox 313 2601 410 2657; x_wconf 84' lang='lat' dir='ltr'>(iv.)</span> <span class='ocrx_word' id='word_1_314' title='bbox 456 2601 586 2653; x_wconf 80' lang='lat' dir='ltr'>Quod</span> <span class='ocrx_word' id='word_1_315' title='bbox 611 2616 695 2643; x_wconf 84' lang='lat' dir='ltr'>non</span> <span class='ocrx_word' id='word_1_316' title='bbox 730 2602 861 2644; x_wconf 86' lang='lat' dir='ltr'>detur</span> <span class='ocrx_word' id='word_1_317' title='bbox 891 2601 1268 2657; x_wconf 72' lang='lat' dir='ltr'>[¹¹Imputativum,</span> <span class='ocrx_word' id='word_1_318' title='bbox 1295 2611 1339 2646; x_wconf 88' lang='lat' dir='ltr'>et</span> <span class='ocrx_word' id='word_1_319' title='bbox 1366 2604 1431 2646; x_wconf 86' lang='lat' dir='ltr'>sic</span> <span class='ocrx_word' id='word_1_320' title='bbox 1459 2619 1542 2646; x_wconf 85' lang='lat' dir='ltr'>non</span> <span class='ocrx_word' id='word_1_321' title='bbox 1573 2605 1728 2659; x_wconf 81' lang='lat' dir='ltr'>aliqua</span> 
     </span>
    </p>
   </div>
   <div class='ocr_carea' id='block_1_24' title="bbox 122 2648 1727 2848">
    <p class='ocr_par' dir='ltr' id='par_1_25' title="bbox 111 2648 1727 2848">
     <span class='ocr_line' id='line_1_39' title="bbox 159 2648 1725 2722; baseline 0.002 -15.911"><span class='ocrx_word' id='word_1_322' title='bbox 159 2648 181 2661; x_wconf 37' lang='lat'>&#39;⁵</span> <span class='ocrx_word' id='word_1_323' title='bbox 226 2665 469 2719; x_wconf 82' lang='lat' dir='ltr'>Imputatio</span> <span class='ocrx_word' id='word_1_324' title='bbox 491 2665 658 2706; x_wconf 79' lang='lat' dir='ltr'>Meriti</span> <span class='ocrx_word' id='word_1_325' title='bbox 683 2665 876 2707; x_wconf 83' lang='lat' dir='ltr'>Domini.</span> <span class='ocrx_word' id='word_1_326' title='bbox 941 2665 1076 2720; x_wconf 79' lang='lat' dir='ltr'>Quod</span> <span class='ocrx_word' id='word_1_327' title='bbox 1108 2681 1199 2708; x_wconf 90' lang='lat' dir='ltr'>non</span> <span class='ocrx_word' id='word_1_328' title='bbox 1225 2667 1372 2717; x_wconf 88' lang='lat' dir='ltr'>detur,</span> <span class='ocrx_word' id='word_1_329' title='bbox 1400 2674 1469 2709; x_wconf 86' lang='lat' dir='ltr'>est</span> <span class='ocrx_word' id='word_1_330' title='bbox 1501 2669 1604 2722; x_wconf 89' lang='lat' dir='ltr'>quia</span> <span class='ocrx_word' id='word_1_331' title='bbox 1636 2668 1725 2709; x_wconf 87' lang='lat' dir='ltr'>sal-</span> 
     </span>
     <span class='ocr_line' id='line_1_40' title="bbox 225 2729 1727 2784; baseline 0.001 -13.86"><span class='ocrx_word' id='word_1_332' title='bbox 225 2729 349 2770; x_wconf 87' lang='lat' dir='ltr'>vatio</span> <span class='ocrx_word' id='word_1_333' title='bbox 390 2741 469 2782; x_wconf 91' lang='lat' dir='ltr'>per</span> <span class='ocrx_word' id='word_1_334' title='bbox 503 2729 854 2783; x_wconf 89' lang='lat' dir='ltr'>imputationem</span> <span class='ocrx_word' id='word_1_335' title='bbox 891 2737 962 2771; x_wconf 88' lang='lat' dir='ltr'>est</span> <span class='ocrx_word' id='word_1_336' title='bbox 1007 2737 1166 2771; x_wconf 88' lang='lat' dir='ltr'>contra</span> <span class='ocrx_word' id='word_1_337' title='bbox 1206 2730 1332 2784; x_wconf 86' lang='lat' dir='ltr'>leges</span> <span class='ocrx_word' id='word_1_338' title='bbox 1373 2732 1539 2772; x_wconf 87' lang='lat' dir='ltr'>ordinis</span> <span class='ocrx_word' id='word_1_339' title='bbox 1577 2732 1727 2772; x_wconf 87' lang='lat' dir='ltr'>Divini</span> 
     </span>
     <span class='ocr_line' id='line_1_41' title="bbox 122 2786 1726 2848; baseline 0.002 -17"><span class='ocrx_word' id='word_1_340' title='bbox 122 2786 160 2802; x_wconf 76' lang='grc'>““</span> <span class='ocrx_word' id='word_1_341' title='bbox 225 2791 477 2845; x_wconf 88' lang='lat' dir='ltr'>descriptas</span> <span class='ocrx_word' id='word_1_342' title='bbox 513 2792 558 2832; x_wconf 92' lang='lat' dir='ltr'>in</span> <span class='ocrx_word' id='word_1_343' title='bbox 595 2791 766 2841; x_wconf 84' lang='lat' dir='ltr'>Verbo,</span> <span class='ocrx_word' id='word_1_344' title='bbox 807 2806 920 2846; x_wconf 90' lang='lat' dir='ltr'>quae</span> <span class='ocrx_word' id='word_1_345' title='bbox 964 2789 1068 2834; x_wconf 81' lang='lat' dir='ltr'>sunt</span> <span class='ocrx_word' id='word_1_346' title='bbox 1105 2793 1225 2846; x_wconf 91' lang='lat' dir='ltr'>quod</span> <span class='ocrx_word' id='word_1_347' title='bbox 1266 2794 1403 2835; x_wconf 90' lang='lat' dir='ltr'>homo</span> <span class='ocrx_word' id='word_1_348' title='bbox 1440 2795 1583 2835; x_wconf 89' lang='lat' dir='ltr'>discet</span> <span class='ocrx_word' id='word_1_349' title='bbox 1620 2795 1726 2848; x_wconf 90' lang='lat' dir='ltr'>quid</span> 
     </span>
    </p>
   </div>
   <div class='ocr_carea' id='block_1_25' title="bbox 0 732 210 3458">
    <p class='ocr_par' dir='ltr' id='par_1_26' title="bbox 0 732 210 3458">
     <span class='ocr_line' id='line_1_42' title="bbox 0 732 210 3458; baseline 0 0"><span class='ocrx_word' id='word_1_350' title='bbox 0 732 210 3458; x_wconf 95' lang='lat' dir='ltr'> </span> 
     </span>
    </p>
   </div>
   <div class='ocr_carea' id='block_1_26' title="bbox 226 2854 1727 3034">
    <p class='ocr_par' dir='ltr' id='par_1_27' title="bbox 226 2854 1727 3034">
     <span class='ocr_line' id='line_1_43' title="bbox 226 2854 1727 2911; baseline 0.003 -17"><span class='ocrx_word' id='word_1_351' title='bbox 226 2861 466 2907; x_wconf 90' lang='lat' dir='ltr'>peccatum</span> <span class='ocrx_word' id='word_1_352' title='bbox 484 2854 612 2908; x_wconf 79' lang='lat' dir='ltr'>&#39;quod</span> <span class='ocrx_word' id='word_1_353' title='bbox 638 2854 795 2908; x_wconf 85' lang='lat' dir='ltr'>fugiet,</span> <span class='ocrx_word' id='word_1_354' title='bbox 825 2861 870 2896; x_wconf 90' lang='lat' dir='ltr'>et</span> <span class='ocrx_word' id='word_1_355' title='bbox 898 2855 1004 2909; x_wconf 88' lang='lat' dir='ltr'>quid</span> <span class='ocrx_word' id='word_1_356' title='bbox 1030 2869 1184 2896; x_wconf 89' lang='lat' dir='ltr'>verum</span> <span class='ocrx_word' id='word_1_357' title='bbox 1211 2857 1331 2910; x_wconf 90' lang='lat' dir='ltr'>quod</span> <span class='ocrx_word' id='word_1_358' title='bbox 1358 2857 1504 2906; x_wconf 88' lang='lat' dir='ltr'>faciet,</span> <span class='ocrx_word' id='word_1_359' title='bbox 1533 2864 1579 2898; x_wconf 91' lang='lat' dir='ltr'>et</span> <span class='ocrx_word' id='word_1_360' title='bbox 1606 2858 1727 2911; x_wconf 86' lang='lat' dir='ltr'>quod</span> 
     </span>
     <span class='ocr_line' id='line_1_44' title="bbox 226 2916 1726 2972; baseline 0.001 -13"><span class='ocrx_word' id='word_1_361' title='bbox 226 2916 263 2959; x_wconf 90' lang='lat' dir='ltr'>si</span> <span class='ocrx_word' id='word_1_362' title='bbox 297 2916 407 2957; x_wconf 90' lang='lat' dir='ltr'>vivit</span> <span class='ocrx_word' id='word_1_363' title='bbox 442 2923 603 2957; x_wconf 90' lang='lat' dir='ltr'>contra</span> <span class='ocrx_word' id='word_1_364' title='bbox 637 2931 743 2958; x_wconf 89' lang='lat' dir='ltr'>vera</span> <span class='ocrx_word' id='word_1_365' title='bbox 775 2918 1102 2970; x_wconf 89' lang='lat' dir='ltr'>paenitentiam</span> <span class='ocrx_word' id='word_1_366' title='bbox 1138 2926 1259 2972; x_wconf 86' lang='lat' dir='ltr'>aget.</span> <span class='ocrx_word' id='word_1_367' title='bbox 1322 2919 1465 2969; x_wconf 89' lang='lat' dir='ltr'>Haec,</span> <span class='ocrx_word' id='word_1_368' title='bbox 1499 2934 1587 2960; x_wconf 90' lang='lat' dir='ltr'>una</span> <span class='ocrx_word' id='word_1_369' title='bbox 1624 2933 1726 2962; x_wconf 91' lang='lat' dir='ltr'>cum</span> 
     </span>
     <span class='ocr_line' id='line_1_45' title="bbox 227 2979 1725 3034; baseline 0.004 -15"><span class='ocrx_word' id='word_1_370' title='bbox 227 2979 433 3020; x_wconf 86' lang='lat' dir='ltr'>omnibus</span> <span class='ocrx_word' id='word_1_371' title='bbox 463 2985 510 3020; x_wconf 89' lang='lat' dir='ltr'>et</span> <span class='ocrx_word' id='word_1_372' title='bbox 541 2979 729 3032; x_wconf 88' lang='lat' dir='ltr'>singulis</span> <span class='ocrx_word' id='word_1_373' title='bbox 762 2993 875 3034; x_wconf 90' lang='lat' dir='ltr'>quae</span> <span class='ocrx_word' id='word_1_374' title='bbox 907 2979 1140 3022; x_wconf 70' lang='lat' dir='ltr'>doctrinae</span> <span class='ocrx_word' id='word_1_375' title='bbox 1166 2981 1455 3023; x_wconf 89' lang='lat' dir='ltr'>ecclesiarum</span> <span class='ocrx_word' id='word_1_376' title='bbox 1482 2997 1540 3024; x_wconf 86' lang='lat' dir='ltr'>ex</span> <span class='ocrx_word' id='word_1_377' title='bbox 1568 2983 1725 3025; x_wconf 89' lang='lat' dir='ltr'>Verbo</span> 
     </span>
    </p>
   </div>
   <div class='ocr_carea' id='block_1_27' title="bbox 84 3039 1724 3101">
    <p class='ocr_par' dir='ltr' id='par_1_28' title="bbox 84 3039 1724 3101">
     <span class='ocr_line' id='line_1_46' title="bbox 84 3039 1724 3101; baseline 0.004 -19"><span class='ocrx_word' id='word_1_378' title='bbox 84 3039 105 3077; x_wconf 62' lang='grc' dir='ltr'>’ἑ</span> <span class='ocrx_word' id='word_1_379' title='bbox 122 3046 138 3082; x_wconf 57' lang='lat'>2*</span> <span class='ocrx_word' id='word_1_380' title='bbox 174 3099 176 3101; x_wconf 66' lang='lat'>‚</span> <span class='ocrx_word' id='word_1_381' title='bbox 227 3041 409 3091; x_wconf 90' lang='lat' dir='ltr'>docent,</span> <span class='ocrx_word' id='word_1_382' title='bbox 434 3055 769 3095; x_wconf 87' lang='lat' dir='ltr'>supervacanea</span> <span class='ocrx_word' id='word_1_383' title='bbox 794 3043 956 3093; x_wconf 86' lang='lat' dir='ltr'>forent,</span> <span class='ocrx_word' id='word_1_384' title='bbox 981 3044 1016 3084; x_wconf 90' lang='lat' dir='ltr'>si</span> <span class='ocrx_word' id='word_1_385' title='bbox 1042 3043 1179 3086; x_wconf 89' lang='lat' dir='ltr'>homo</span> <span class='ocrx_word' id='word_1_386' title='bbox 1205 3044 1456 3087; x_wconf 87' lang='lat' dir='ltr'>salvaretur</span> <span class='ocrx_word' id='word_1_387' title='bbox 1476 3059 1555 3100; x_wconf 88' lang='lat' dir='ltr'>per</span> <span class='ocrx_word' id='word_1_388' title='bbox 1583 3060 1724 3088; x_wconf 89' lang='lat' dir='ltr'>enun-</span> 
     </span>
    </p>
   </div>
  </div>
 </body>
</html>
