2054 3464
374 386 483 418 2012
783 385 1115 421 APOCALYPSIS
1146 389 1444 422 EXPLICATA.

438 498 511 532 “In
536 500 710 541 principio
735 506 811 532 erat
829 501 997 539 Verbum,
1019 507 1053 533 et
1072 501 1227 534 Verbum
1249 509 1324 535 erat
1347 503 1440 544 apud
1467 503 1590 542 Deum,
1612 510 1646 535 et
1667 503 1763 536 Deus
1778 509 1855 536 erat

545 543 699 580 Verbum
715 553 738 581 ;.
754 569 761 576 .
775 569 782 576 .
797 545 935 576 ,omnia
952 555 1014 585 per
1032 545 1152 585 Ipsum
1173 545 1267 578 faeta
1286 553 1377 585 sunt,
1395 553 1430 578 et
1447 547 1523 578 sine
1545 547 1628 587 Ipso
1648 545 1780 579 fac'tum
1800 554 1856 579 est

543 587 744 670 &qgsttmd
764 586 895 619 facium
915 595 1006 620 est:.
1021 613 1029 620 .
1042 613 1049 620 .
1065 594 1114 620 .et
1131 590 1283 621 mundus
1308 600 1370 630 per
1391 590 1511 631 Ipsum
1533 588 1647 622 faetus
1667 597 1722 622 est
1740 589 1759 603 '⁹
1777 589 1854 630 (Lx,

371 712 416 747 et
444 707 562 759 apud
587 707 821 756 Davidem,

585 785 604 797 “
618 784 685 815 Per
698 784 854 816 Verbum
871 784 1029 826 Jehovae
1046 785 1132 816 caeli
1150 783 1335 817 facti-sunt
1346 785 1363 798 ''
1381 786 1454 826 (Ps.
1470 786 1589 817 xxxiii.
1607 785 1659 826 6):

374 874 614 923 “Verbum
627 875 644 890 ”
671 875 895 928 significat
922 877 1133 917 Divinum
1160 876 1343 918 Verum.

457 941 552 996 (iii.)
600 942 727 992 Quod
743 943 883 983 omnis
910 944 1112 996 potentia
1137 943 1273 984 simul
1299 943 1359 984 sit
1389 943 1433 984 z‘n
1465 943 1647 993 ultimis,
1674 949 1717 985 et
1744 944 1863 998 quod

369 1004 469 1045 inde
507 1005 684 1059 infinita
717 1006 915 1058 potentia
954 1006 1140 1047 Domino
1179 1007 1243 1047 sz't
1281 1021 1336 1047 ex
1368 1007 1536 1059 primis
1565 1013 1651 1059 per
1687 1007 1855 1050 ultima.

370 1066 489 1119 Quid
521 1081 599 1120 per
625 1068 780 1109 ultima
811 1068 1091 1121 intelligitur,
1120 1070 1309 1121 primum
1336 1070 1521 1110 dicetur.
1582 1070 1726 1110 Prima
1751 1076 1856 1112 sunt

371 1143 484 1182 quae
521 1131 565 1171 in
605 1130 817 1180 Domino,
846 1138 891 1172 et
930 1145 1042 1184 quae
1081 1132 1285 1184 proxime
1317 1130 1603 1185 [¹]procedunt
1635 1132 1692 1173 ab
1723 1132 1854 1186 Ipso;

370 1193 528 1234 ultima
567 1200 670 1234 sunt
708 1208 821 1247 quae
861 1195 1161 1235 remotissima
1201 1195 1257 1235 ab
1295 1195 1415 1247 Ipso,
1454 1209 1567 1248 quae
1603 1195 1647 1236 in
1685 1194 1858 1238 Natura

312 1267 319 1275 ’
371 1262 488 1304 sunt,
517 1262 562 1296 et
595 1255 753 1296 ultima
778 1257 861 1297 ibi:
895 1257 1004 1297 haec
1032 1256 1190 1297 ultima
1217 1257 1439 1306 dicuntur,
1468 1258 1569 1310 quia
1597 1257 1854 1310 spiritualia,

370 1332 483 1371 quae
515 1325 619 1359 sunt
657 1319 815 1371 priora,
849 1320 892 1360 in
924 1319 1001 1359 illa
1032 1319 1256 1368 desinunt,
1290 1326 1335 1360 et
1368 1333 1500 1372 super
1530 1319 1615 1360 illis
1647 1326 1694 1361 ut
1726 1333 1857 1373 super

371 1381 550 1421 basibus
573 1382 661 1422 suis
679 1382 928 1423 subsistunt
951 1388 996 1422 et
1019 1383 1304 1435 requiescunt
1325 1397 1333 1432 ;
1367 1397 1501 1436 quare
1520 1389 1624 1423 sunt
1641 1383 1854 1424 immota:

370 1443 479 1484 haec
504 1444 605 1484 inde
628 1451 847 1485 vocantur
869 1444 1027 1485 ultima
1049 1445 1215 1485 ordinis
1241 1445 1402 1485 Divini.
1466 1444 1599 1497 Quod
1622 1446 1665 1485 in
1689 1445 1857 1487 ultimis

369 1507 425 1548 sit
451 1509 596 1547 omnis
622 1508 828 1559 potentia
851 1514 920 1548 est
942 1508 1045 1561 quia
1069 1509 1214 1560 priora
1238 1515 1341 1549 sunt
1366 1509 1409 1548 in
1435 1508 1521 1548 illis
1547 1508 1691 1558 simul,
1715 1522 1856 1551 coex-

369 1570 509 1610 istunt
541 1571 659 1610 enim
696 1570 754 1610 ibi
790 1571 833 1611 in
865 1571 1033 1620 ordine,
1067 1571 1140 1624 qui
1171 1578 1358 1612 vocatur
1389 1571 1500 1612 ordo
1537 1571 1855 1622 simultaneus;

369 1639 438 1673 est
476 1633 594 1673 enim
632 1646 777 1673 nexus
814 1634 1012 1673 omnium
1051 1633 1107 1674 ab
1147 1633 1252 1686 Ipso
1290 1633 1486 1674 Domino
1523 1647 1601 1686 per
1636 1633 1712 1675 illa
1743 1647 1856 1688 quae

369 1694 481 1736 caeli
507 1702 611 1736 sunt
635 1702 680 1736 et
707 1709 820 1748 quae
847 1696 1000 1735 mundi
1032 1710 1170 1749 usque
1202 1695 1258 1736 ad
1290 1695 1365 1736 illa
1392 1695 1575 1746 ultima;
1608 1703 1653 1737 et
1680 1697 1782 1750 quia
1811 1697 1855 1738 in

369 1757 537 1798 ultimis
569 1759 727 1811 priora,
762 1772 875 1812 quae
907 1760 1157 1799 successive
1190 1759 1455 1811 procedunt,
1489 1759 1619 1800 simul
1656 1766 1774 1809 sunt,
1807 1766 1856 1802 ut

369 1819 537 1861 dictum
577 1827 660 1869 est,
703 1822 904 1874 sequitur
943 1821 1062 1874 quod
1107 1822 1151 1862 in
1199 1821 1366 1862 ultimis
1407 1835 1432 1862 a
1472 1822 1622 1874 primis
1662 1823 1720 1863 sit
1758 1823 1855 1875 ipsa

370 1884 601 1935 potentia3
635 1884 713 1924 sed
746 1884 952 1936 potentia
983 1884 1147 1924 Divina
1184 1890 1252 1925 est
1290 1884 1495 1936 potentia
1533 1898 1611 1936 per
1643 1884 1854 1926 Divinum

369 1946 632 1997 procedens,
658 1947 777 1999 quod
799 1952 986 1987 vocatur
1008 1946 1220 1986 Divinum
1244 1945 1428 1994 Verum,
1454 1953 1501 1987 ut
1524 1948 1567 1987 in
1590 1960 1698 1994 mox
1721 1960 1853 2001 supe-

369 2009 469 2049 riori
505 2009 694 2049 articulo
727 2015 958 2049 ostensum
990 2015 1072 2049 est.
1134 2008 1208 2048 Ex
1250 2022 1304 2049 eo
1345 2016 1414 2049 est
1451 2009 1570 2062 quod
1611 2010 1854 2051 humanum

369 2084 510 2124 genus
549 2071 604 2111 sit
639 2071 762 2124 quasi
799 2071 916 2110 basis
953 2070 1203 2119 columnae,
1237 2077 1314 2111 aut
1352 2072 1476 2124 quasi
1512 2071 1852 2113 fundamentum

368 2140 436 2173 est
478 2133 659 2185 palatio,
701 2146 780 2186 pro
821 2132 981 2183 caelis;
1021 2140 1350 2186 consequenter
1387 2133 1507 2186 quod
1548 2134 1660 2175 caeli
1699 2134 1854 2176 ordine

369 2196 615 2236 subsistant
642 2209 773 2248 super
798 2195 883 2236 illis
909 2210 1021 2248 quae
1048 2195 1263 2236 ecclesiae
1296 2202 1399 2236 sunt
1425 2197 1542 2249 apud
1573 2197 1782 2238 homines·
1808 2197 1853 2238 in

369 2259 560 2308 mundo;
594 2259 657 2299 ita
678 2272 808 2310 super
831 2258 1002 2298 Divinis
1023 2258 1138 2298 veris
1160 2259 1202 2298 in
1226 2258 1409 2307 ultimis,
1430 2273 1542 2312 quae
1565 2266 1669 2300 sunt
1692 2259 1855 2300 Divina

367 2336 472 2362 vera
498 2321 645 2375 qualia
671 2328 774 2362 sunt
801 2321 940 2362 Verbi
972 2322 1016 2363 in
1048 2334 1180 2361 sensu
1213 2321 1304 2373 ejus
1338 2321 1531 2362 litterae.
1592 2321 1737 2374 Quale
1766 2322 1854 2363 illis

367 2384 499 2424 robur
520 2385 651 2432 inest,
676 2397 765 2424 non
788 2385 940 2436 paucis
963 2383 1153 2424 describi
1179 2390 1332 2436 potest
1351 2398 1359 2433 ;
1392 2385 1435 2424 in
1458 2384 1534 2424 illa
1555 2384 1712 2425 ultima
1733 2385 1852 2438 apud

367 2447 593 2487 hominem
620 2446 760 2486 influit
788 2446 1008 2487 Dominus
1033 2460 1060 2487 a
1084 2445 1154 2494 Se,
1179 2447 1242 2486 ita
1268 2460 1293 2486 a
1317 2447 1482 2498 primis,
1507 2460 1558 2487 ac
1581 2448 1710 2499 regit,
1734 2454 1780 2488 et
1805 2447 1850 2488 in

367 2509 522 2549 ordine
544 2510 676 2562 inque
700 2523 821 2549 nexu
844 2509 1047 2549 continet
1070 2509 1219 2549 omnia
1241 2522 1352 2561 quae
1375 2510 1418 2549 in
1444 2509 1661 2561 spirituali
1683 2509 1850 2550 mundo

367 2578 483 2612 sunt.
545 2571 661 2623 Quia
687 2585 803 2611 nunc
830 2572 926 2623 ipsa
952 2571 1115 2611 Divina
1140 2571 1346 2623 potentia
1371 2572 1414 2611 in
1441 2571 1608 2611 ultimis
1634 2571 1720 2612 illis
1741 2572 1848 2612 resi-

367 2634 458 2682 det,
487 2634 588 2674 ideo
615 2634 715 2687 Ipse
744 2634 963 2674 Dominus
988 2634 1031 2675 in
1059 2633 1273 2673 mundum
1296 2635 1433 2682 venit,
1459 2640 1504 2674 et
1529 2634 1682 2674 Homo
1707 2632 1848 2674 faetus

366 2703 449 2744 est,
478 2703 527 2736 ut
553 2698 596 2736 in
623 2696 790 2736 ultimis
817 2695 947 2736 simul
973 2702 1094 2736 esset
1121 2702 1169 2736 ut
1195 2702 1263 2735 est
1293 2696 1336 2735 in
1364 2697 1527 2748 primis,
1556 2696 1614 2736 ob
1639 2695 1772 2736 finem
1799 2701 1848 2736 ut
1874 2734 1886 2745 ,

367 2773 444 2811 per
475 2759 632 2800 ultima
664 2773 721 2799 ex
755 2759 906 2811 primis
937 2759 1087 2799 omnia
1123 2759 1165 2798 in
1202 2758 1417 2806 ordinem,
1452 2772 1564 2811 quae
1596 2759 1850 2799 inordinata

365 2820 481 2862 faeta
507 2828 625 2870 sunt,
654 2822 856 2873 redigere
879 2823 1113 2873 potuisset,
1142 2834 1302 2873 nempe
1335 2822 1485 2861 omnia
1515 2822 1558 2861 in
1589 2821 1770 2861 infernis
1800 2826 1847 2862 et

365 2898 541 2937 quoque
572 2885 616 2924 in
649 2884 808 2924 caelis:
842 2884 951 2924 haec
979 2897 1112 2924 causa
1137 2883 1359 2923 adventus
1391 2883 1571 2923 Domini
1602 2883 1709 2933 fuit;
1742 2896 1846 2924 nam

366 2948 569 2999 proxime
596 2953 700 2986 ante
728 2946 971 3001 adventum
1000 2946 1180 2987 Domini
1207 2959 1296 2986 non
1323 2945 1402 2986 fuit
1427 2945 1607 2998 aliquod
1635 2946 1846 2987 Divinum

365 3009 535 3050 Verum
561 3010 604 3049 in
631 3009 798 3049 ultimis
825 3009 940 3061 apud
967 3009 1171 3050 homines
1197 3008 1240 3048 in
1268 3008 1449 3057 mundo,
1478 3015 1523 3049 et
1550 3021 1728 3061 prorsus
1755 3022 1845 3050 non
