2008 3458
590 378 698 412 CAP.
722 378 844 420 xm„
868 378 1007 413 VERS.
1030 379 1178 424 9.—-N.
1202 371 1296 412 808.
1581 378 1701 424 2259

189 492 416 551 aliquem‘’
451 492 729 548 significatur
767 492 1038 547 intelligere,
1082 507 1132 535 ac
1176 508 1254 548 per
1298 492 1487 534 “audire
1529 491 1692 534 alicui'’

127 561 129 565 '
187 557 466 611 significatur
492 557 690 606 obedire,
717 563 764 598 et
797 563 1035 611 utrumque
1068 571 1146 611 per
1171 556 1502 598 “auscultare'’
1564 555 1693 610 Quo-

186 620 310 662 niam
334 634 468 674 supra
489 626 724 662 ostensum
749 626 820 661 est
846 620 967 674 quod
995 621 1039 661 in
1065 620 1153 661 fide
1180 635 1206 661 a
1231 620 1460 662 communi
1487 627 1622 661 coetu
1648 620 1692 661 in

98 695 119 728 ,·
183 683 382 725 «ecclesia
403 689 610 737 -recepta,
638 684 696 724 sit
729 696 852 724 mera
883 684 1092 732 inanitas,
1122 685 1226 737 quia
1256 684 1299 724 in
1331 683 1408 724 illa
1438 683 1544 724 nihil
1571 683 1692 724 vitae

186 758 247 787 ex
272 745 422 801 aliquo
447 760 555 788 vero
580 753 664 795 est,
692 746 828 788 velim
857 746 927 787 hic
961 747 1114 799 paucis
1146 747 1295 788 dicere
1328 761 1442 801 quae
1475 745 1587 787 fides
1619 752 1691 787 est

185 807 298 851 fides
322 808 517 851 salvans.
578 806 714 850 Fides
736 809 917 850 salvans
939 817 1010 851 est
1036 809 1219 851 credere
1237 810 1358 864 quod
1382 810 1604 850 Dominus
1632 810 1692 851 sit

186 871 399 915 Salvator
423 873 592 922 mundi,
617 879 664 914 et
695 873 816 927 quod
843 873 900 914 sit
934 873 1056 914 Deus
1080 873 1192 914 caeli
1219 881 1265 914 et
1298 874 1423 914 Deus
1451 880 1613 922 terrae,
1643 880 1691 915 et

185 936 307 991 quod
334 949 412 990 per
433 936 680 978 adventum
702 950 831 978 suum
858 937 901 978 in
929 937 1148 977 mundum
1171 936 1228 978 Se
1257 937 1428 978 miserit
1454 938 1496 978 in
1525 943 1691 991 poten-

185 999 297 1041 tiam
313 998 518 1041 salvandi
535 1013 694 1041 omnes
711 1001 785 1054 qui
807 1001 1027 1054 recipiunt
1045 1014 1151 1041 vera
1169 1001 1226 1041 ab
1250 1000 1355 1053 Ipso
1373 1014 1452 1053 per
1470 1000 1689 1049 Verbum,

184 1063 422 1104 ac'vivunt
448 1063 696 1104 secundum
722 1063 824 1104 illa:
858 1070 906 1105 at
933 1064 1116 1117 quinam
1143 1065 1350 1116 recipere.
1367 1078 1474 1104 vera
1499 1064 1557 1104 ab
1584 1064 1692 1117 Ipso

185 1130 396 1178 possunt,
423 1131 470 1166 et
496 1125 649 1166 vivere
671 1126 925 1166 secundum
951 1125 1046 1173 illa,
1074 1139 1212 1179 supra
1237 1136 1283 1174 (n.
1301 1126 1400 1178 803)
1423 1125 1690 1179 expositum

185 1192 282 1236 est;
314 1187 435 1241 quod
457 1201 620 1241 nempe
638 1187 702 1228 illi
723 1188 797 1241 qui
820 1195 1010 1241 peccata
1031 1188 1207 1241 fugiunt
1230 1189 1332 1242 quia
1354 1195 1546 1241 peccata
1567 1195 1688 1237 sunt,

185 1256 347 1292 contra
378 1249 597 1300 Verbum,
634 1256 682 1292 et
718 1251 780 1291 sic
812 1257 973 1292 contra
1005 1251 1180 1302 Deum;
1224 1265 1303 1304 per
1338 1251 1382 1292 id
1419 1253 1538 1292 enim
1572 1252 1690 1305 puri-

185 1312 344 1355 ficatur
378 1314 610 1355 internum
653 1313 874 1365 hominis;
921 1329 1010 1369 quo
1050 1314 1298 1368 purificato,
1337 1315 1475 1355 homo
1516 1315 1693 1356 ducitur

126 1390 129 1392 ’
184 1389 212 1418 a
248 1376 460 1426 Domino,
488 1383 536 1418 et
562 1390 652 1418 non
684 1384 916 1436 absemet;
954 1385 1000 1419 et
1033 1385 1252 1432 quantum
1283 1378 1422 1419 homo
1453 1378 1631 1419 ducitur
1667 1391 1693 1419 a

186 1439 398 1489 Domino,
426 1446 606 1481 tantum
637 1447 761 1482 amat
792 1455 898 1482 vera
918 1453 979 1482 ¹ac
1012 1442 1170 1494 recipit
1202 1441 1292 1490 illa,
1321 1455 1372 1482 ae
1406 1441 1502 1482 vult
1534 1441 1611 1482 illa
1642 1447 1690 1482 et

184 1502 292 1545 facit
321 1502 410 1544 illa.
473 1503 600 1545 Haec
633 1503 743 1545 fides
775 1511 845 1546 est
877 1503 988 1546 fides
1019 1504 1213 1546 salvans.
1275 1505 1357 1545 Per
1387 1505 1498 1546 haec
1531 1504 1686 1553 verba,

188 1565 275 1609 “Si
305 1567 402 1622 quis
433 1567 574 1609 habet
600 1581 767 1616 aurem,
796 1568 989 1618 audiat‚''
1016 1568 1286 1622 intelligitur
1310 1569 1542 1622 imprimis,
1571 1569 1690 1623 quod

187 1631 412 1684 recepturi
429 1637 476 1672 et
495 1631 704 1672 credituri
724 1632 814 1672 sint
833 1631 953 1685 quod
974 1631 1187 1672 Divinum
1207 1632 1391 1673 Domini
1412 1633 1457 1672 in
1478 1632 1692 1673 Humano

185 1692 331 1747 Ipsius
356 1695 428 1744 sit,
451 1694 538 1736 hoc
565 1701 649 1743 est,
675 1701 723 1736 ut
751 1694 1014 1736 Humanum
1038 1695 1183 1748 Ipsius
1205 1695 1263 1736 sit
1288 1695 1514 1736 Divinum.
1577 1693 1691 1752 Quis

185 1769 276 1798 non
293 1756 441 1798 mirari
458 1763 612 1810 potest
631 1757 751 1811 quod
770 1757 871 1799 idea
890 1758 1039 1798 Divini
1060 1758 1259 1799 Humani
1279 1758 1462 1799 Domini
1480 1759 1523 1799 in
1542 1758 1690 1799 eccle-

185 1819 261 1861 siis
279 1818 544 1862 Christianis
562 1834 740 1874 prorsus
763 1821 1003 1874 deperdita
1024 1822 1096 1870 sit,
1116 1822 1332 1875 imprimis
1349 1822 1468 1874 apud
1491 1822 1691 1863 eruditos

185 1881 260 1932 ibi,
287 1889 335 1924 et
366 1883 488 1938 quod
519 1883 686 1938 aliquid
718 1883 810 1937 ejus
842 1884 989 1925 solum
1016 1891 1249 1925 remaneat
1281 1885 1400 1937 apud
1433 1884 1691 1938 simplices?

189 1943 426 1999 Simplices
444 1947 563 1988 enim
581 1947 788 2000 cogitant
811 1946 867 1988 de
892 1947 992 1988 Deo
1014 1954 1063 1988 ut
1086 1947 1142 1988 de
1166 1947 1378 1996 Homine,
1399 1954 1445 1988 et
1468 1961 1558 1988 non
1577 1949 1692 1989 sicut

185 2009 348 2051 eruditi
361 2009 477 2051 sicut
495 2009 551 2051 de
570 2009 736 2064 Spiritu
755 2011 924 2064 absque
942 2010 1083 2052 forma
1100 2011 1310 2052 humana.
1357 2011 1689 2066 Antiquissimi,

186 2072 262 2127 qui
292 2073 571 2115 nostratibus
603 2074 899 2127 sapientiores
926 2074 1117 2123 fuerunt,
1147 2088 1238 2115 non
1270 2075 1525 2116 habuerunt
1555 2075 1691 2116 aliam

185 2135 335 2178 ideam
353 2136 410 2178 de
429 2136 529 2178 Deo
547 2150 680 2191 quam
699 2138 814 2178 sicut
833 2137 888 2178 de
910 2137 1107 2178 Homine
1126 2138 1314 2178 radiosis
1332 2138 1507 2179 circulis
1525 2139 1691 2180 circum

185 2205 322 2252 caput
343 2197 507 2249 cintsto,
532 2207 580 2242 ut
603 2206 785 2242 constat
812 2214 871 2241 ex
898 2207 1103 2242 veterum
1126 2202 1318 2254 scriptis,
1342 2215 1394 2242 ac
1419 2202 1692 2255 imaginibus

185 2261 316 2317 pietis
337 2269 415 2304 aut
436 2262 648 2317 sculptis:
683 2277 841 2304 omnes
867 2265 1005 2305 etiam
1029 2265 1103 2318 qui
1125 2265 1182 2305 ab
1204 2265 1410 2314 ecclesia,
1435 2279 1461 2306 a
1484 2272 1690 2319 tempore

40 2307 69 2360 Ῐ
119 2350 122 2368 ;
185 2324 357 2367 Adami
383 2340 521 2380 usque
551 2326 609 2367 ad
641 2326 970 2376 Abrahamum,
1000 2327 1161 2369 Mosen
1191 2334 1237 2368 et
1270 2328 1530 2382 prophetas,
1565 2330 1691 2382 cogi-

186 2395 400 2431 taverunt
426 2389 482 2431 de
511 2389 610 2431 Deo
637 2396 685 2431 ut
714 2389 770 2431 de
796 2389 1021 2442 Homine;
1054 2390 1116 2432 illi
1140 2392 1278 2432 etiam
1301 2391 1512 2433 viderunt
1536 2391 1690 2446 Ipsum

186 2452 271 2494 sub
300 2452 444 2498 forma
477 2452 703 2500 Humana,
737 2459 784 2494 et
815 2461 1093 2495 vocaverunt
1124 2454 1359 2508 Jehovam,
1389 2461 1437 2496 ut
1470 2460 1598 2509 patet
1630 2468 1690 2495 ex

187 2514 371 2567 Verbo;
403 2529 456 2557 ac
482 2515 605 2557 Deus
627 2516 710 2557 sub
735 2516 950 2557 Humana
971 2517 1114 2558 forma
1135 2523 1205 2559 est
1230 2517 1464 2567 Dominus,
1490 2524 1538 2559 ut
1561 2524 1690 2572 patet

189 2592 217 2642 a
243 2577 427 2620 Domini
453 2579 600 2620 verbis
625 2579 745 2632 apud
771 2579 1040 2630 Jolcannem,

464 2677 707 2720 “Priusquam
725 2678 908 2710 Abraham
925 2678 1001 2718 fuit,
1021 2678 1098 2720 Ego
1116 2689 1195 2711 sum
1207 2679 1225 2692 '’
1243 2678 1327 2720 (viii.
1349 2679 1413 2720 58).

187 2777 324 2833 Quod
354 2778 456 2821 idea
486 2779 571 2821 Dei
605 2779 813 2822 Hominis
844 2794 922 2822 seu
955 2781 1106 2822 Divini
1141 2781 1340 2823 Humani
1366 2782 1497 2823 fuerit
1528 2781 1691 2823 incolis

185 2840 314 2895 hujus
340 2841 514 2883 telluris
544 2856 571 2883 a
601 2844 831 2896 primaevo
857 2850 1076 2897 tempore,
1107 2851 1234 2897 patet
1266 2845 1324 2885 ab
1356 2845 1488 2886 idolis
1515 2859 1688 2894 eorum,

187 2911 285 2946 tum
310 2904 368 2946 ab
392 2904 503 2946 ideis
528 2906 765 2958 gentilium
787 2907 1010 2948 interioris
1037 2908 1328 2960 cogitationis
1355 2914 1401 2949 et
1429 2908 1688 2961 perceptio-

187 2969 269 3017 nis,
307 2974 357 3010 ut
397 2982 456 3010 ex
494 2967 745 3020 Africanis;
793 2971 960 3023 pariter
995 2970 1052 3011 ab
1092 2970 1250 3012 incolis
1282 2970 1494 3012 tellurum
1542 2972 1696 3024 paene'

187 3029 390 3071 omnium
421 3040 476 3079 (de
495 3040 611 3078 quibus
630 3040 662 3070 in
681 3041 831 3079 singulari
847 3042 1032 3081 opusculo).
1093 3030 1229 3085 Quod
1261 3032 1367 3073 talis
1398 3032 1500 3074 idea
1531 3032 1686 3075 Divini
