2008 3458
385 392 494 444 2318
796 400 1126 435 APOCALYPSIS
1157 401 1453 435 EXPLICATA.

381 514 453 556 hic
485 528 564 567 per
591 515 758 567 “signa
788 513 904 555 facta
934 515 991 555 ab
1027 515 1108 556 hac
1140 515 1284 556 bestia
1314 528 1464 556 coram
1495 514 1667 556 altera’'
1693 513 1922 569 signifi*

383 582 541 621 centur
580 576 923 617 testificationes
962 591 986 618 e
1027 591 1160 618 sensu
1200 577 1378 618 litterae
1414 577 1554 618 Verbi
1594 571 1913 629 conjunstaei*

382 639 623 679 ratiociniis
654 653 678 679 e
709 639 900 679 naturali
931 639 1125 688 homine,
1154 647 1222 681 est
1248 641 1349 694 quia
1374 654 1452 694 per
1479 640 1724 688 “bestiam
1749 651 1887 694 quale

383 701 486 741 fecit
518 700 672 753 signa‘’
704 700 1009 753 significantur
1045 701 1407 743 confirmationes
1447 716 1471 742 e
1512 715 1645 743 sensu
1683 698 1947 759 litterae-2³3}

384 762 536 812 Verbi,
561 770 606 803 et
634 777 711 816 per
735 764 964 804 “bestiam
991 777 1138 805 coram
1166 778 1252 817 qua
1278 762 1394 805 facta
1418 771 1522 805 sunt
1545 763 1702 817 signa”
1723 764 1952 816 signisvss*

383 823 572 866 ficantur
588 826 819 866 ratiocinia
841 840 864 866 e
882 826 1071 867 naturali
1089 826 1269 867 homine
1289 840 1298 877 3
1331 826 1400 867 hic
1421 827 1570 880 itaque
1591 825 1870 879 significatur<
1905 839 1909 843 ·

383 885 636 939 conjunctio
669 888 1056 929 confirmationum
1088 903 1111 929 e
1144 888 1298 929 Verbo
1334 902 1434 929 cum
1465 889 1707 929 ratiociniis
1745 887 1874 940 inias
1905 919 1909 925 ,
1950 940 1954 945 ,.

385 956 431 990 et
456 963 558 990 cum
585 950 927 1003 conjunguntur,
955 958 1062 992 tunc
1089 951 1199 992 fiunt
1231 950 1572 992 testificationes
1603 958 1648 992 et
1680 955 1890 1004 persua-‘f‘
1943 948 1945 950 ’

384 1012 556 1052 siones:
589 1013 820 1053 ratiocinia
851 1014 969 1053 enim
1001 1028 1024 1054 e
1057 1014 1247 1054 naturali
1278 1014 1458 1054 homine
1490 1014 1534 1054 in
1562 1013 1866 1066 spiritualibus
1886 1038 1890 1042 -
1914 1017 1928 1063 ’ζ

383 1087 533 1115 coram
565 1075 732 1115 mundo
764 1089 852 1116 non
884 1076 1051 1125 valent,
1084 1083 1131 1117 at
1163 1089 1263 1117 cum
1300 1076 1458 1116 eadem
1490 1076 1810 1118 confirmantur
1838 1090 1878 1119 er.

382 1136 550 1186 Verbo,
573 1137 752 1188 valent;
785 1151 918 1178 causa
943 1145 1025 1187 est,
1054 1139 1155 1192 quia
1177 1138 1378 1179 Verbum
1404 1144 1473 1179 est
1501 1138 1725 1187 Divinum,
1749 1145 1796 1180 et
1817 1135 1905 1194 id]

381 1199 425 1239 in
451 1213 583 1240 sensu
610 1200 786 1240 litterae
813 1201 1017 1240 consistit
1044 1214 1101 1241 ex
1129 1201 1400 1253 apparentiis
1425 1202 1530 1248 veri,
1559 1207 1605 1242 et
1631 1215 1688 1242 ex
1715 1196 1881 1243 corre?

383 1262 676 1314 spondentiis,
720 1263 763 1303 in
801 1263 957 1316 quibus
998 1264 1192 1315 genuina
1228 1277 1345 1312 vera,
1388 1277 1500 1317 quae
1541 1264 1659 1304 intus
1699 1263 1860 1314 latent,

383 1337 473 1364 non
496 1325 576 1364 nisi
594 1338 725 1378 quam
748 1339 807 1365 ex
829 1324 1052 1365 illustrato
1069 1325 1207 1366 videri
1230 1335 1417 1378 possunt
1437 1340 1446 1376 ;
1480 1340 1505 1367 a
1527 1339 1616 1367 non
1638 1326 1885 1381 illustrato,
1937 1369 1942 1378 ,

383 1393 535 1427 autem
573 1393 762 1439 possunt
803 1388 1091 1439 apparentiae
1128 1388 1220 1428 veri
1260 1388 1375 1428 trahi
1415 1389 1471 1428 ad
1512 1387 1868 1431 confirmandum-

384 1448 494 1489 falsa
511 1450 625 1490 sicut
643 1463 760 1499 vera,
781 1463 883 1490 nam
907 1450 1024 1502 apud
1042 1464 1131 1490 non
1149 1450 1420 1491 illustratum
1438 1451 1638 1492 fallaciae
1655 1459 1863 1506 regnant,
1907 1451 1914 1458 “

383 1518 429 1552 et
461 1526 520 1552 ex
551 1512 733 1552 fallaciis
765 1519 869 1552 sunt
901 1513 1157 1553 ratiocinia:
1196 1513 1444 1554 illustratus
1475 1521 1626 1555 autem
1651 1515 1774 1557 videt
1805 1528 1864 1556 ex
1923 1530 1932 1558 χ
1954 1513 1986 1571 ,ἶ

383 1574 598 1626 spirituali
630 1580 675 1614 et
707 1574 836 1614 simul
868 1588 926 1614 ex
960 1575 1150 1615 naturali
1182 1575 1293 1624 luce,
1322 1582 1366 1616 et
1399 1577 1611 1617 naturalis
1637 1576 1715 1618 lux
1746 1577 1898 1630 apuds
1938 1583 1939 1586 ’
1965 1574 1968 1579 ’

384 1635 509 1676 illum
549 1636 795 1678 illustratur
833 1651 859 1677 a
900 1637 1140 1690 spirituali;
1183 1651 1272 1678 non
1309 1638 1556 1680 illustratus
1595 1654 1702 1681 vero
1740 1639 1864 1681 videt

384 1699 529 1739 solum
561 1714 619 1740 ex
653 1699 844 1740 naturali
877 1699 974 1740 luce
1005 1707 1213 1753 separata
1245 1715 1270 1742 a
1301 1702 1531 1753 spirituali.
1566 1716 1678 1756 quae
1709 1701 1789 1743 lux
1819 1703 1864 1743 in

385 1762 684 1814 spiritualibus
721 1776 810 1802 non
848 1762 926 1802 lux
964 1763 1043 1803 sed
1078 1763 1225 1816 caligo
1262 1770 1357 1814 est;
1400 1764 1510 1805 haec
1545 1765 1692 1818 caligo
1724 1778 1876 1819 usque,

383 1815 486 1877 post
518 1823 880 1865 confirmationes
912 1824 1007 1865 falsi
1048 1832 1234 1878 apparet
1272 1826 1386 1866 sicut
1423 1826 1502 1867 lux
1537 1828 1643 1876 veri,
1681 1827 1762 1868 sed
1791 1834 1892 1876 est,

384 1886 499 1927 sicut
521 1885 600 1926 lux
622 1887 666 1927 in
689 1887 881 1936 infernis,
902 1901 1013 1940 quae
1037 1901 1187 1928 coram
1210 1888 1294 1928 illis
1312 1889 1385 1942 qui
1407 1889 1465 1929 ibi
1487 1896 1590 1930 sunt
1611 1896 1797 1943 apparet
1815 1896 1865 1931 ut

385 1948 478 1997 lux,
507 1949 585 1989 sed
612 1955 660 1989 ut
688 1950 877 2001 primum
908 1950 1046 1990 intrat
1078 1949 1156 1990 lux
1183 1965 1206 1990 e
1239 1951 1378 1999 caelo,
1406 1952 1594 1992 vertitur
1619 1951 1698 1992 lux
1730 1952 1790 1992 ibi
1819 1953 1863 1999 in

385 2023 552 2051 meram
576 2011 828 2064 caliginem,
846 2018 890 2053 et
914 2012 1131 2064 cogitatio
1153 2026 1305 2053 eorum
1329 2013 1606 2066 obstupescit
1626 2027 1635 2064 ;
1667 2014 1710 2054 in
1732 2013 1863 2057 infer—

384 2073 451 2112 nis
477 2073 521 2112 in
548 2074 704 2126 quibus
729 2079 833 2115 sunt
859 2074 920 2114 illi
947 2075 1020 2127 qui
1046 2074 1178 2115 altius
1210 2082 1525 2127 persuaserunt
1557 2075 1638 2116 sibi
1664 2075 1774 2117 falsa
1803 2089 1863 2117 ex

384 2134 490 2175 dote
517 2136 747 2188 cogitandi
773 2136 955 2177 interius
981 2150 1114 2189 quam
1140 2137 1226 2185 alii,
1255 2138 1297 2177 in
1330 2137 1427 2178 luce
1453 2138 1716 2190 phantasiae
1742 2144 1862 2187 sunt,

386 2211 497 2250 quae
525 2197 602 2237 lux
628 2198 684 2238 ad
710 2198 892 2238 modum
919 2199 1097 2247 candet,
1126 2199 1204 2239 sed
1232 2199 1341 2240 haec
1375 2199 1453 2240 lux
1479 2201 1523 2240 in
1549 2199 1693 2241 adhuc
1720 2201 1867 2253 magis

383 2260 553 2300 furvam
590 2250 827 2313 caliginem
860 2262 1047 2308 vertitur
1078 2274 1155 2313 per
1186 2261 1401 2306 influxum
1432 2263 1655 2303 radiorum
1697 2262 1806 2303 lucis
1837 2276 1862 2304 e

385 2322 538 2373 caelo;
563 2323 665 2362 talis
683 2323 761 2363 lux
780 2330 848 2363 est
872 2323 950 2363 lux
969 2323 1318 2364 confirmationis
1336 2324 1431 2364 falsi
1453 2339 1511 2365 ex
1535 2337 1667 2364 sensu
1685 2319 1877 2366 litterae

385 2384 526 2425 Verbi
562 2398 640 2437 per
675 2386 907 2426 ratiocinia
943 2399 1001 2426 ex
1033 2385 1216 2425 fallaciis
1255 2386 1468 2427 naturalis
1504 2386 1721 2426 hominis:
1759 2386 1870 2427 inde.

385 2453 512 2500 patet
535 2448 652 2500 quod
676 2448 753 2489 lux
781 2447 1130 2488 confirmationis
1152 2447 1248 2488 salsi
1272 2462 1408 2501 usque
1434 2449 1491 2489 ad
1513 2447 1866 2490 destructionem

387 2510 536 2550 Divini
554 2509 676 2559 Veri,
696 2511 814 2563 quod
837 2511 881 2550 in
905 2510 1030 2550 caelo
1053 2516 1136 2557 est,
1161 2511 1218 2550 sit
1241 2510 1319 2550 lux
1342 2510 1577 2551 infernalis.
1638 2510 1862 2564 Quoniam

385 2573 428 2613 in
460 2573 831 2625 praecedentibus
863 2572 1058 2612 articulis
1089 2570 1238 2612 actum
1270 2579 1339 2613 est
1381 2573 1436 2613 de
1476 2573 1604 2614 bonis
1641 2573 1861 2625 operibus,

384 2635 517 2676 velim
557 2635 627 2675 hic
668 2636 929 2676 continuare
970 2634 1122 2683 telam,
1157 2641 1202 2675 et
1243 2636 1482 2676 ostendere
1513 2636 1616 2689 quid
1657 2649 1781 2676 amor
1819 2636 1863 2676 in

386 2699 643 2739 Dominum.
719 2698 769 2737 In
815 2698 950 2738 tertio
990 2711 1067 2737 seu
1107 2698 1266 2738 intimo
1307 2698 1433 2738 caelo
1474 2704 1577 2738 sunt
1618 2698 1860 2739 omnes'in

386 2774 537 2801 amore
568 2761 611 2800 in
645 2760 885 2800 Dominum
918 2773 944 2799 a
975 2759 1196 2809 Domino;
1231 2766 1275 2800 et
1302 2759 1364 2800 illi
1390 2760 1505 2800 tales
1535 2766 1638 2800 sunt
1669 2766 1717 2800 ut
1742 2760 1863 2800 vitae

384 2836 488 2863 suae
514 2823 728 2874 inscripta
753 2835 858 2862 vera
884 2821 1156 2874 possideant,
1185 2828 1230 2862 et
1258 2835 1346 2862 non
1375 2822 1615 2862 memoriae
1642 2822 1754 2862 sicut
1780 2835 1862 2862 an·

384 2884 475 2937 geli
506 2884 758 2924 inferiorum
790 2883 1040 2934 caelorum;
1074 2897 1187 2936 quae
1218 2884 1354 2924 etiam
1385 2897 1519 2924 causa
1549 2890 1618 2924 est
1644 2883 1766 2937 quod
1798 2884 1861 2924 illi

384 2947 458 3000 qui
489 2947 532 2986 in
564 2947 699 2987 tertio
731 2941 857 2986 caelo
887 2952 990 2986 sunt
1022 2959 1238 2999 nusquam
1270 2945 1509 2998 loquantur
1538 2946 1594 2986 de
1619 2946 1746 2994 veris,
1780 2945 1860 2986 sed

384 3008 530 3049 solum
555 3009 738 3049 audiant
764 3008 873 3049 alios
901 3008 1139 3061 loquentes
1169 3008 1224 3048 de
1256 3007 1354 3057 illis,
1383 3021 1433 3049 ac
1460 3007 1761 3060 respondeant
1787 3007 1860 3048 vel
1884 3047 1885 3050 ,
