2054 3464
37 3251 107 3290 (α’

527 369 633 403 CAP.
658 369 780 410 xm,
803 369 942 402 VERs.
965 359 1113 401 6..-—N
1136 357 1307 414 799[a].
1556 368 1667 412 2223

115 480 268 530 &nam
293 484 350 527 in
387 483 576 538 singulis
613 483 842 532 faciendis,
877 482 993 523 sicut
1029 482 1074 523 in
1112 481 1300 535 singulis
1331 480 1570 522 credendis
1609 479 1667 521 ab

74 552 104 582 J
93 537 137 566 ⁹
127 546 370 600 homine3
407 548 615 602 cogitant
641 547 762 587 enim
794 552 841 587 et
867 546 1024 587 dicunt
1052 545 1172 599 quod
1199 546 1319 586 bona
1344 543 1549 585 facienda
1574 544 1666 585 sint

70 608 277 655 *sicut
307 611 366 652 ab
394 610 593 659 homine,
628 622 733 650 nam
765 610 838 663 qui
871 622 962 650 non
995 609 1102 650 facit
1134 615 1181 649 et
1214 607 1357 649 credit
1388 608 1504 648 sicut
1542 621 1568 648 a
1604 620 1667 656 se,

84 665 273 731 fijnihil
301 673 445 716 credit
476 679 523 715 et
550 673 659 714 nihil
690 673 810 722 facit,
840 673 910 713 cui
942 671 1065 713 nulla
1095 671 1254 724 religio
1280 677 1376 712 est:
1417 670 1496 712 sed
1528 683 1669 724 usque

83 740 133 797 ’.ἐζ
161 737 264 792 quia
293 749 387 779 non
416 735 504 778 illis
535 737 733 790 genuina
759 749 866 776 vera
896 741 1017 784 sunt,
1047 748 1137 776 non
1164 734 1346 788 quidem
1379 733 1461 774 sibi
1493 733 1667 774 caelum

94 795 394 850 sigelaudunt,
434 806 482 841 at
522 813 614 843 non
652 799 838 840 ulterius
876 811 1011 852 quam
1053 798 1110 839 ad
1148 797 1285 838 limen
1325 796 1438 838 caeli
1478 803 1670 850 possunt

82 864 340 923 {³¹Venire:
374 863 448 918 qui
469 876 578 904 vero
604 876 664 904 ex
690 861 778 903 illis
804 868 1075 903 amaverunt
1101 875 1207 902 vera
1233 867 1418 914 propter
1439 874 1558 909 vera,
1582 859 1670 900 illis

161 925 361 981 aperitur
383 925 572 974 caelum,
598 925 781 979 quando
808 925 998 966 Divinus
1021 924 1133 965 ordo
1159 924 1278 977 apud
1304 923 1406 964 illos
1432 923 1670 964 restitutus

84 995 255 1044 n,fx-3⁵..st5
274 989 350 1044 qui
380 996 451 1030 est
482 995 531 1030 ut
564 989 761 1030 charitas
793 994 839 1029 et
871 987 964 1041 ejus
997 987 1166 1028 bonum
1202 987 1347 1040 primo
1378 986 1481 1027 loco
1513 987 1584 1034 sit,
1619 999 1670 1026 ac

67 1046 274 1110 j‡T†*“fides
295 1059 342 1095 et
364 1051 457 1106 ejus
475 1066 581 1094 vera
598 1051 801 1093 secundo
821 1065 830 1102 ;
863 1057 969 1092 sunt
993 1051 1113 1092 enim
1136 1057 1244 1091 tunc
1268 1050 1383 1091 sicut
1407 1050 1481 1103 qui
1499 1049 1671 1090 vadunt

84 1110 237 1170 fivia
273 1114 398 1158 reeta
437 1115 550 1158 facie
588 1113 828 1169 spestante
870 1120 1142 1163 antrorsum,
1185 1120 1232 1154 at
1279 1114 1398 1166 prius
1441 1113 1557 1153 sicut
1598 1113 1673 1165 qui

82 1181 138 1242 ξ,-
154 1179 336 1223 'vadunt
362 1179 472 1221 facie
494 1177 732 1234 spectante
754 1185 1013 1219 retrorsum.
1076 1176 1223 1226 Sexto,
1267 1175 1382 1217 Sunt
1405 1176 1541 1216 etiam
1570 1175 1672 1228 plu-

82 1251 236 1299 &res
265 1243 339 1299 qui
365 1243 636 1284 charitatem
661 1242 831 1283 faciunt
860 1240 1104 1282 essentiale
1132 1240 1330 1281 medium
1357 1238 1529 1288 salutis,
1559 1239 1673 1279 sicut

142 1306 239 1350 „alii
269 1305 419 1356 fidem,
448 1313 494 1348 et
526 1313 684 1348 tamen
717 1318 808 1347 non
835 1305 994 1345 vivunt
1025 1304 1261 1354 charitatis
1286 1303 1454 1352 vitam;
1493 1308 1540 1343 at
1572 1303 1674 1356 quia

71 1381 144 1427 „59
165 1370 363 1413 charitas
388 1382 542 1413 eorum
569 1375 640 1411 est
674 1368 821 1410 solum
851 1368 1074 1409 confessio
1100 1366 1235 1408 oralis
1261 1365 1382 1420 quod
1415 1366 1479 1406 ita
1510 1366 1582 1414 sit,
1611 1366 1674 1406 ita

79 1433 142 1484 ³³3
165 1441 241 1477 est
262 1433 409 1476 solum
431 1432 543 1474 fides
565 1446 721 1474 eorum
744 1446 754 1483 ;
790 1432 909 1473 unde
931 1431 1110 1472 illorum
1133 1430 1329 1472 charitas
1356 1429 1560 1470 similiter
1583 1442 1674 1469 non

85 1497 143 1556 ᾖ,
163 1502 238 1541 ‘est
261 1497 364 1541 viva
393 1496 474 1539 sed
506 1503 710 1538 mortua:
750 1509 887 1549 quare
920 1507 1078 1548 parurn
1107 1493 1318 1534 differunt
1345 1507 1371 1533 a
1403 1492 1672 1533 confessori-

164 1561 250 1604 bus
270 1559 408 1602 solius
430 1559 547 1609 fidei,
567 1566 672 1601 sunt
695 1559 816 1600 enim
839 1558 970 1599 simili
994 1557 1143 1606 corde,
1164 1556 1244 1598 sed
1268 1555 1471 1596 dissimili
1493 1556 1641 1596 anima
1660 1569 1671 1606 3

75 1620 131 1679 ..ἐκ
150 1621 219 1668 at
240 1637 380 1679 usque
405 1636 519 1664 unus
546 1623 660 1664 sicut
687 1622 803 1663 alter
828 1621 998 1663 claudit
1025 1620 1106 1661 sibi
1133 1619 1323 1662 caelum.

246 1691 466 1748 799[a].
505 1691 584 1733 “ft
605 1691 918 1732 tabet-naculum
938 1687 1307 1743 lpst'us.''—Quod
1333 1687 1560 1741 significet
1582 1702 1673 1728 om-

166 1768 266 1799 nem
287 1755 493 1797 ecclesiae
515 1754 770 1796 dodrinam
798 1759 842 1794 et
863 1752 1028 1793 c'ultum
1051 1751 1169 1800 inde,
1192 1756 1379 1792 constat
1406 1764 1466 1791 ex
1498 1749 1672 1803 signifi-

67 1819 349 1882 ffij}„„eatione
377 1819 737 1868 “tabernaculi,’'
765 1819 886 1873 quod
923 1819 981 1859 sit
1013 1817 1206 1859 ecclesia
1238 1815 1388 1870 quoad
1421 1814 1675 1857 doetrinam

65 1912 89 1931 «,
162 1890 216 1934 .et
246 1883 435 1933 cultum,
469 1883 573 1924 inde
605 1883 743 1924 etiam
775 1880 983 1923 doetrina
1013 1887 1060 1922 et
1091 1879 1240 1921 cultus
1271 1879 1491 1920 ecclesiae
1509 1894 1518 1930 ;
1561 1880 1673 1920 haec

73 1946 121 2004 fg:
148 1944 322 2003 itaque
347 1946 582 1989 falsificare
610 1944 889 1999 significatur
915 1958 994 1998 per
1022 1943 1378 1996 “blasphemare
1405 1942 1674 1984 tabernacu-

168 2010 260 2057 lum
279 2009 400 2066 Dei.”
445 2009 585 2064 'Quod
603 2013 628 2029 “
643 2007 1017 2050 tabernaculum''
1031 2005 1253 2060 significet
1272 2005 1510 2047 ecclesiam
1526 2006 1675 2060 quoad

72 2067 115 2122 ’,ζῑ
143 2076 145 2078 ’
167 2072 423 2117 doctrinam
449 2081 495 2114 et
521 2072 710 2121 cultum,
737 2078 807 2113 est
834 2071 936 2125 quia
961 2070 1024 2111 illi
1050 2070 1124 2124 qui
1150 2069 1208 2110 ab
1233 2069 1427 2110 ecclesia
1452 2070 1671 2124 antiquis-

99 2143 129 2150 ““
166 2138 293 2180 simis
314 2137 593 2190 temporibus
616 2142 745 2177 erant
768 2134 1072 2176 habitabant
1063 2147 1106 2174 m
1125 2132 1430 2174 tabernaculis
1452 2139 1498 2174 et
1522 2139 1676 2174 tento-

96 2189 111 2205 ἵ
168 2201 257 2251 tiis,
276 2214 379 2263 cum
401 2200 561 2256 quibus
582 2200 720 2240 etiam
744 2198 1021 2252 peregrinati
1043 2202 1162 2246 sunt,
1182 2202 1310 2237 erant
1334 2196 1453 2236 enim
1477 2196 1679 2251 plerique

169 2270 279 2306 tunc
316 2256 523 2318 pastores
561 2263 738 2312 ovium;
782 2268 828 2302 et
861 2259 1185 2314 paterfamilias
1217 2259 1372 2300 docuit
1404 2259 1505 2300 illos
1542 2260 1615 2313 qui
1653 2274 1677 2301 e

90 2321 126 2385 ’ἰί
170 2327 309 2371 domo
344 2326 460 2368 illius
497 2326 709 2380 prognati
740 2331 876 2366 erant
914 2329 1160 2378 praecepta
1200 2322 1449 2371 charitatis,
1488 2329 1534 2363 et
1572 2323 1675 2364 inde

170 2390 313 2433 vitam
335 2390 513 2439 amoris,
537 2390 582 2430 in
605 2387 922 2437 tabernaculis,
947 2388 1061 2428 sicut
1084 2393 1245 2440 postea
1266 2386 1310 2426 in
1333 2385 1515 2440 templis
1536 2401 1544 2437 ;
1572 2386 1678 2427 inde

173 2453 553 2496 “tabernaculum
569 2452 588 2467 ”
631 2451 916 2506 significabat
958 2450 1101 2491 simile
1147 2450 1267 2504 quod
1312 2449 1512 2490 “domus
1554 2449 1678 2498 Dei‚’'

171 2530 350 2572 nempe,
383 2517 556 2558 cultum
601 2515 687 2557 Dei
727 2514 977 2556 secundum
1018 2511 1285 2562 doctrinam,
1319 2513 1508 2566 proinde
1540 2514 1679 2554 etiam

89 2581 107 2625 ²32
156 2578 425 2630 ecclesiam,
454 2580 667 2634 quoniam
694 2578 887 2620 ecclesia
913 2583 984 2619 est
1011 2576 1203 2618 ecclesia
1225 2590 1283 2617 ex
1310 2577 1404 2617 vita
1430 2576 1678 2616 secundum

173 2641 438 2693 doctrinam,
467 2650 513 2684 et
539 2643 634 2684 vita
664 2641 914 2683 secundum
947 2638 1199 2682 doctrinam
1226 2645 1296 2680 est
1328 2639 1488 2680 cultus.
1550 2638 1675 2692 Quo-

83 2715 123 2747 «Ἀ
172 2705 294 2749 niam
328 2706 624 2761 antiquissimi
663 2705 740 2754 illi,
774 2704 894 2758 apud
926 2717 1040 2758 quos
1073 2703 1266 2744 ecclesia
1297 2702 1392 2751 fuit,
1425 2702 1678 2743 adorabant

92 2794 105 2801 s
127 2775 156 2807 ⁴-
174 2768 323 2811 Deum
341 2769 423 2810 sub
445 2769 586 2810 forma
610 2767 837 2817 Humana,
857 2773 904 2808 et
921 2767 1025 2820 quia
1049 2765 1172 2806 Deus
1195 2765 1278 2805 sub
1303 2764 1444 2805 forma
1464 2764 1678 2804 Humana

62 2862 109 2890 4
173 2839 244 2875 est
276 2833 513 2881 Dominus,
542 2832 647 2873 inde
679 2831 833 2884 Ipsum
865 2830 1109 2880 colebant;
1140 2828 1244 2869 inde
1276 2827 1469 2869 ecclesia
1500 2827 1678 2868 illorum

173 2897 255 2938 fuit
286 2895 478 2938 ecclesia
514 2895 737 2942 caelestis,
766 2907 881 2948 quae
913 2892 1206 2945 distinguitur
1237 2891 1294 2932 ab
1325 2890 1517 2932 ecclesia
1549 2891 1674 2943 spiri-

173 2958 285 3002 tuali
306 2959 351 3000 in
377 2972 445 3007 eo,
474 2957 595 3012 quod
621 2957 814 2999 ecclesia
839 2955 1051 2997 caelestis
1076 2955 1120 2995 in
1147 2967 1300 2995 amore
1332 2955 1375 2994 in
1410 2953 1673 3002 Dominum,

175 3029 222 3065 et
246 3022 291 3064 in
317 3021 442 3064 cultu
464 3035 522 3062 ex
549 3020 627 3062 illo
653 3033 806 3061 amore
832 3020 903 3069 sit,
928 3025 974 3060 et
1001 3017 1121 3072 quod
1148 3017 1339 3059 ecclesia
1362 3017 1605 3071 spiritualis
1630 3017 1676 3057 in
