2054 3464
377 381 489 434 2146
790 389 1119 424 APOCALYPSIS
1150 390 1445 423 EXPLICATA.

376 503 492 544 veris
514 509 643 553 sunt;
676 502 754 543 sed
778 515 856 555 per
880 496 1069 543 “semen
1082 497 1275 556 'Jacobi”
1298 502 1359 543 illi
1382 503 1454 556 qui
1480 503 1522 543 in
1550 495 1713 543 Divino
1733 495 1881 565 §fero

378 565 582 613 naturali,
612 579 689 618 per
717 565 1009 606 “Davidem”
1034 566 1108 619 qui
1138 566 1181 606 in
1213 566 1377 606 Divino
1404 565 1527 606 Vero
1553 563 1784 618 spirituali,
1810 570 1858 608 et
1911 574 1913 578 ⁴
1949 555 1959 567 f

378 641 456 680 per
481 628 761 668 “Israelem”
783 629 855 681 qui
878 629 921 668 in
944 628 1108 669 Divino
1129 628 1252 669 Vero
1274 628 1464 669 naturali
1486 627 1715 680 spirituali,
1739 625 1860 680 quod

377 697 447 731 est
480 691 674 731 medium
706 691 822 731 inter
848 691 1058 732 Divinum
1089 690 1259 732 Verum
1291 690 1493 731 naturale
1526 697 1572 732 et
1602 683 1901 748 spiritualer,
1965 707 1971 711 ’
2051 679 2053 682 ⁴

378 759 482 794 sunt
505 754 621 794 enirn
639 754 804 806 gradus
827 753 975 794 Divini
998 753 1120 802 Veri,
1140 754 1254 795 sicut
1276 761 1379 795 sunt
1402 753 1567 806 gradus
1589 753 1877 806 receptionis}
1900 747 1971 807 ’ᾗῇ-’ἷ-
1991 755 2006 768 ”

378 815 471 868 ejus
502 816 558 856 ab
589 816 762 869 angelis
792 817 836 856 in
868 816 1008 857 tribus
1040 816 1188 865 caelis,
1216 823 1262 857 et
1294 817 1337 856 in
1369 815 1583 857 ecclesia:
1623 829 1701 868 per
1728 813 1862 866 “foe-x

379 879 461 918 dus
487 879 572 919 diei
599 885 644 919 et
671 877 853 927 n0&is,’'
878 885 924 919 et
956 892 1034 932 per
1061 882 1272 920 “statuta
1297 879 1409 920 caeli
1440 886 1485 919 et
1512 877 1697 927 terrae,''
1721 871 1859 931 signi-

378 940 536 981 ficatur
572 939 826 993 conjune‘tio
864 941 1045 982 Domini
1082 954 1181 982 cum
1217 941 1303 982 illis
1344 942 1416 994 qui
1457 941 1500 981 in
1538 940 1709 981 Divinis
1745 939 1861 981 veris

380 1010 484 1044 sunt
515 1004 558 1044 in
586 1003 735 1052 caelis,
763 1010 809 1044 et
835 1004 908 1057 qui
940 1004 983 1044 in
1011 1003 1182 1044 Divinis
1207 1005 1323 1044 veris
1354 1005 1397 1044 in
1430 1004 1584 1054 terris;
1624 1017 1702 1056 per
1730 1002 1860 1044 “foe-

381 1066 495 1106 dus'’
526 1066 801 1119 significatur
838 1064 1115 1118 conjun&io;
1159 1080 1237 1119 per
1276 1066 1517 1107 “statuta'’
1554 1064 1862 1119 significantur

378 1128 505 1181 leges
527 1127 863 1181 conjuncff’tionis‚
888 1142 1000 1182 quae
1023 1129 1158 1169 etiam
1181 1135 1284 1169 sunt
1311 1128 1435 1181 leges
1458 1129 1638 1177 ordinis,
1661 1141 1712 1168 ac
1735 1127 1862 1181 leges

378 1191 544 1232 ordinis
570 1198 672 1233 sunt
700 1192 862 1232 Divina
888 1206 1018 1242 vera;
1051 1205 1129 1244 per
1153 1192 1308 1232 “diem
1321 1191 1339 1206 ”
1364 1191 1638 1244 significatur
1663 1191 1742 1231 lux
1767 1190 1861 1232 veri

378 1253 521 1306 qualis
554 1261 623 1295 est
655 1254 772 1307 apud
813 1254 1001 1307 angelos
1042 1255 1086 1294 in
1117 1254 1267 1303 caelis,
1301 1260 1347 1295 et
1374 1246 1467 1307 'per
1501 1252 1749 1295 “noetem’'
1780 1253 1860 1294 lux
1889 1265 1898 1274 ·

378 1317 470 1356 veri
497 1317 638 1369 qualis
664 1323 733 1357 est
759 1317 875 1369 apud
902 1317 1106 1357 homines
1137 1317 1180 1356 in
1212 1317 1353 1365 terris,
1382 1323 1477 1358 tum
1503 1317 1639 1357 etiam
1665 1316 1745 1373 lux
1769 1317 1863 1358 veri
1908 1312 1911 1314 ’

379 1378 522 1431 qualis
549 1379 667 1432 apud
693 1378 794 1419 illos
820 1379 893 1432 qui
924 1379 968 1419 in
1000 1378 1136 1419 caelis
1166 1385 1212 1420 et
1243 1379 1287 1419 in
1314 1380 1443 1420 terris
1470 1379 1551 1419 sub
1582 1379 1780 1420 Domino
1811 1385 1860 1421 ut

377 1439 505 1481 Luna
529 1447 633 1481 sunt
651 1456 660 1491 ;
683 1455 819 1494 quare
837 1442 973 1482 etiam
996 1442 1170 1489 dicitur,
1190 1441 1354 1482 “Dans
1373 1441 1515 1482 solem
1533 1442 1576 1482 in
1595 1441 1740 1483 lucem
1758 1441 1859 1490 diei,
1923 1453 1925 1456 ·

1841 1503 1863 1520 η

377 1510 423 1544 et
442 1510 617 1544 statuta
632 1503 762 1544 lunae
782 1510 827 1545 et
846 1503 1080 1545 stellarum
1098 1505 1142 1544 in
1160 1504 1306 1545 lucem
1322 1502 1465 1545 noetis
1482 1504 1517 1544 :”
1543 1518 1621 1557 per
1638 1508 1830 1546 “semen

375 1572 528 1606 autem
580 1566 883 1615 “Abrahami,
932 1567 1048 1607 Isaci
1093 1573 1139 1608 et
1186 1567 1383 1620 Jacobi,”
1427 1566 1742 1620 intelliguntur
1787 1566 1860 1611 hic

376 1641 533 1669 omnes
570 1630 644 1682 qui
685 1629 742 1669 ab
779 1629 971 1670 ecclesia
1004 1629 1186 1671 Domini
1218 1636 1335 1677 sunt,
1370 1631 1414 1670 in
1446 1631 1567 1671 omni
1598 1630 1767 1683 gradu;
1804 1629 1861 1671 de

374 1692 531 1744 quibus
558 1699 603 1733 et
635 1692 691 1733 de
720 1693 929 1733 “semine
958 1692 1117 1745 Jacobi
1148 1700 1194 1734 et
1226 1693 1443 1734 Davidis''
1469 1693 1645 1742 dicitur,
1673 1692 1802 1750 quod!
1824 1693 1862 1734 si

374 1767 464 1794 non
502 1761 806 1807 agnoscerent
844 1755 1103 1804 Dominum,
1143 1762 1188 1797 et
1230 1769 1320 1796 non
1366 1757 1422 1797 ab
1464 1756 1570 1810 Ipso
1607 1756 1860 1809 reciperent

378 1816 590 1858 Divinum
617 1817 802 1866 Verum,
831 1818 1051 1859 Dominus
1083 1831 1173 1859 non
1204 1825 1473 1872 regnaturus
1505 1819 1562 1860 sit
1589 1832 1720 1872 super
1743 1818 1858 1861 illos.

374 1878 512 1933 Apud
539 1880 747 1929 eundem,

439 1980 550 2012 “Non
570 1981 835 2021 prosperabitur
858 1981 901 2012 de
925 1981 1060 2012 semine
1080 1980 1157 2021 ejus
1178 1981 1362 2022 quisquam
1383 1981 1439 2022 qui
1465 1974 1586 2013 sedeat
1605 1991 1710 2022 super
1729 1971 1859 2014 throno

544 2024 701 2062 Davidis,
719 2030 754 2056 et
771 2024 972 2056 dominetur
987 2025 1139 2065 amplius
1157 2025 1192 2056 in
1209 2025 1398 2066 Jehudah''
1416 2023 1548 2065 (mxxii.
1566 2026 1639 2066 30):

372 2125 484 2166 haec
522 2124 577 2166 de
615 2125 790 2166 Chonia
822 2139 928 2178 rege
966 2125 1183 2178 Jehudae,
1216 2126 1289 2179 qui
1329 2126 1387 2166 ibi
1427 2132 1618 2168 vocatur
1649 2125 1856 2168 “idolum

374 2194 690 2241 contemptum
717 2194 763 2228 et
789 2186 1052 2240 abjeetumss'
1077 2194 1123 2229 et
1150 2188 1205 2229 de
1231 2202 1319 2242 quo
1346 2188 1520 2237 dicitur,

437 2285 540 2327 Quod
559 2286 646 2317 “ille
663 2292 697 2317 et
714 2296 835 2317 semen
850 2286 927 2327 ejus
945 2287 1075 2318 sublati
1092 2293 1126 2319 et
1144 2285 1292 2328 projec'ti
1309 2287 1344 2319 in
1362 2293 1491 2319 terram
1505 2287 1523 2299 ”
1540 2287 1643 2327 (vers.
1661 2287 1713 2326 28,
1731 2286 1813 2328 ibi);

371 2402 450 2441 per
480 2401 612 2441 quem
645 2401 799 2440 regem
831 2388 974 2429 simile
1001 2387 1278 2441 significatur
1303 2388 1422 2442 quod
1453 2402 1531 2442 per
1559 2387 1857 2438 “Satanam,”

373 2457 419 2492 et
443 2464 521 2503 per
541 2455 566 2470 ‘⁴
581 2464 737 2491 semen
760 2450 852 2503 ejus
865 2451 883 2465 ’'
901 2450 1059 2491 falsum
1077 2451 1318 2492 infernale:
1353 2452 1471 2504 quod
1494 2451 1580 2492 hoc
1599 2464 1689 2492 non
1711 2451 1856 2493 domi-

373 2513 552 2572 nabitur
573 2513 616 2552 in
634 2512 827 2553 ecclesia
845 2513 1041 2562 Domini,
1061 2514 1105 2553 in
1127 2527 1214 2567 qua
1237 2514 1447 2554 Divinum
1466 2513 1636 2555 Verum
1655 2514 1854 2556 caeleste

371 2582 455 2624 est,
485 2575 762 2629 significatur
794 2590 871 2628 per
901 2576 1021 2629 quod
1050 2580 1182 2616 “non
1209 2577 1443 2630 quisquam
1476 2591 1534 2617 ex
1566 2576 1659 2629 ejus
1685 2577 1855 2618 semine

371 2638 547 2678 sedebit
585 2652 716 2691 super
752 2638 919 2678 throno
957 2638 1141 2679 Davidis
1173 2645 1219 2679 et
1252 2639 1555 2680 dominabitur
1590 2639 1781 2693 amplius
1807 2631 1856 2680 in

370 2700 577 2753 Jehudah
595 2700 628 2751 ;'’
646 2700 887 2753 “Jehudah
900 2701 991 2741 ”ibi
1006 2707 1075 2741 est
1089 2700 1282 2742 ecclesia
1297 2702 1520 2751 caelestis,
1537 2703 1580 2742 in
1595 2716 1681 2756 qua
1697 2702 1856 2743 Domi-

371 2777 453 2804 nus
475 2769 652 2816 regnat.
703 2762 828 2804 Sicut
852 2777 930 2816 per
948 2763 1169 2804 Davidem
1185 2771 1576 2817 repraesentatum
1595 2771 1664 2806 est
1682 2765 1854 2817 regium

371 2827 567 2874 Domini,
587 2827 651 2866 ita
673 2840 750 2880 per
768 2825 1034 2867 Aharonem
1052 2833 1440 2880 repraesentatum
1459 2834 1528 2868 est
1552 2828 1854 2870 sacerdotium

370 2889 540 2942 Ipsius3
580 2903 714 2942 quare
746 2903 824 2942 per
852 2892 1044 2944 f‘semen
1076 2889 1334 2930 Aharonis‘’
1360 2889 1676 2943 intelliguntur
1705 2891 1778 2944 qui
1809 2890 1853 2934 in

369 2950 603 2992 affe&ione
625 2953 806 3004 genuini
827 2952 919 2993 veri
941 2958 1045 2993 sunt
1067 2952 1186 3006 quod
1212 2965 1238 2993 a
1259 2953 1379 2993 bono
1402 2953 1601 3007 caelesti.
1663 2953 1853 3007 Propter

369 3015 833 3068 repraesentationem
852 3014 1024 3064 talium,
1041 3014 1129 3056 hoc
1149 3029 1229 3069 pro
1247 3012 1501 3057 [²¹Aharone
1520 3021 1745 3058 statutum
1764 3022 1850 3067 est,
1906 3042 1907 3045 =
