<?xml version="1.0" encoding="UTF-8"?>
<!DOCTYPE html PUBLIC "-//W3C//DTD XHTML 1.0 Transitional//EN"
    "http://www.w3.org/TR/xhtml1/DTD/xhtml1-transitional.dtd">
<html xmlns="http://www.w3.org/1999/xhtml" xml:lang="en" lang="en">
 <head>
  <title>
</title>
<meta http-equiv="Content-Type" content="text/html;charset=utf-8" />
  <meta name='ocr-system' content='tesseract 3.04.00' />
  <meta name='ocr-capabilities' content='ocr_page ocr_carea ocr_par ocr_line ocrx_word'/>
</head>
<body>
  <div class='ocr_page' id='page_1' title='image "apocalypsisexpli04sweduoft_0512.png"; bbox 0 0 2008 3458; ppageno 0'>
   <div class='ocr_carea' id='block_1_1' title="bbox 1812 0 2008 238">
    <p class='ocr_par' dir='ltr' id='par_1_1' title="bbox 1812 0 2008 238">
     <span class='ocr_line' id='line_1_1' title="bbox 1812 0 2008 238; baseline 0 3220"><span class='ocrx_word' id='word_1_1' title='bbox 1812 0 2008 238; x_wconf 95' lang='lat' dir='ltr'> </span> 
     </span>
    </p>
   </div>
   <div class='ocr_carea' id='block_1_2' title="bbox 398 369 1474 412">
    <p class='ocr_par' dir='ltr' id='par_1_2' title="bbox 398 369 1474 412">
     <span class='ocr_line' id='line_1_2' title="bbox 398 369 1474 412; baseline 0.003 -12"><span class='ocrx_word' id='word_1_2' title='bbox 398 369 518 412; x_wconf 58' lang='lat'>241&#39;4</span> <span class='ocrx_word' id='word_1_3' title='bbox 818 369 1146 403; x_wconf 87' lang='lat' dir='ltr'>APOCALYPSIS</span> <span class='ocrx_word' id='word_1_4' title='bbox 1178 371 1474 403; x_wconf 89' lang='lat' dir='ltr'>EXPLICATA.</span> 
     </span>
    </p>
   </div>
   <div class='ocr_carea' id='block_1_3' title="bbox 406 479 1916 1659">
    <p class='ocr_par' dir='ltr' id='par_1_3' title="bbox 406 479 1916 1659">
     <span class='ocr_line' id='line_1_3' title="bbox 407 479 1884 536; baseline 0.003 -16"><span class='ocrx_word' id='word_1_5' title='bbox 407 485 476 520; x_wconf 87' lang='lat' dir='ltr'>est</span> <span class='ocrx_word' id='word_1_6' title='bbox 503 481 621 534; x_wconf 91' lang='lat' dir='ltr'>quod</span> <span class='ocrx_word' id='word_1_7' title='bbox 648 495 673 522; x_wconf 91' lang='lat' dir='ltr'>a</span> <span class='ocrx_word' id='word_1_8' title='bbox 700 481 852 522; x_wconf 90' lang='lat' dir='ltr'>multis</span> <span class='ocrx_word' id='word_1_9' title='bbox 875 483 918 522; x_wconf 91' lang='lat' dir='ltr'>in</span> <span class='ocrx_word' id='word_1_10' title='bbox 945 482 1031 523; x_wconf 87' lang='lat' dir='ltr'>illis</span> <span class='ocrx_word' id='word_1_11' title='bbox 1058 482 1257 523; x_wconf 88' lang='lat' dir='ltr'>ecclesiis</span> <span class='ocrx_word' id='word_1_12' title='bbox 1280 482 1496 523; x_wconf 89' lang='lat' dir='ltr'>doceatur</span> <span class='ocrx_word' id='word_1_13' title='bbox 1517 482 1627 524; x_wconf 88' lang='lat' dir='ltr'>fides</span> <span class='ocrx_word' id='word_1_14' title='bbox 1645 479 1884 536; x_wconf 72' lang='lat' dir='ltr'>cOnjunE’ca</span> 
     </span>
     <span class='ocr_line' id='line_1_4' title="bbox 406 543 1883 599; baseline 0.002 -16"><span class='ocrx_word' id='word_1_15' title='bbox 406 543 540 591; x_wconf 87' lang='lat' dir='ltr'>vitae,</span> <span class='ocrx_word' id='word_1_16' title='bbox 569 550 614 584; x_wconf 89' lang='lat' dir='ltr'>et</span> <span class='ocrx_word' id='word_1_17' title='bbox 646 545 740 584; x_wconf 88' lang='lat' dir='ltr'>vita</span> <span class='ocrx_word' id='word_1_18' title='bbox 780 543 1020 597; x_wconf 65' lang='lat' dir='ltr'>conjuncta</span> <span class='ocrx_word' id='word_1_19' title='bbox 1051 544 1176 595; x_wconf 88' lang='lat' dir='ltr'>fidei;</span> <span class='ocrx_word' id='word_1_20' title='bbox 1214 545 1271 585; x_wconf 91' lang='lat' dir='ltr'>ab</span> <span class='ocrx_word' id='word_1_21' title='bbox 1301 545 1398 585; x_wconf 86' lang='lat' dir='ltr'>aliis</span> <span class='ocrx_word' id='word_1_22' title='bbox 1429 551 1580 586; x_wconf 89' lang='lat' dir='ltr'>autem</span> <span class='ocrx_word' id='word_1_23' title='bbox 1612 545 1721 586; x_wconf 91' lang='lat' dir='ltr'>fides</span> <span class='ocrx_word' id='word_1_24' title='bbox 1752 559 1883 599; x_wconf 89' lang='lat' dir='ltr'>sepa-</span> 
     </span>
     <span class='ocr_line' id='line_1_5' title="bbox 407 605 1880 660; baseline 0.002 -15"><span class='ocrx_word' id='word_1_25' title='bbox 407 611 533 645; x_wconf 91' lang='lat' dir='ltr'>arata</span> <span class='ocrx_word' id='word_1_26' title='bbox 564 619 589 645; x_wconf 91' lang='lat' dir='ltr'>a</span> <span class='ocrx_word' id='word_1_27' title='bbox 615 606 733 656; x_wconf 87' lang='lat' dir='ltr'>vita;</span> <span class='ocrx_word' id='word_1_28' title='bbox 771 606 856 647; x_wconf 90' lang='lat' dir='ltr'>hoc</span> <span class='ocrx_word' id='word_1_29' title='bbox 890 606 937 647; x_wconf 87' lang='lat' dir='ltr'>fit</span> <span class='ocrx_word' id='word_1_30' title='bbox 970 607 1026 647; x_wconf 90' lang='lat' dir='ltr'>ab</span> <span class='ocrx_word' id='word_1_31' title='bbox 1058 607 1240 648; x_wconf 87' lang='lat' dir='ltr'>eruditis</span> <span class='ocrx_word' id='word_1_32' title='bbox 1273 608 1344 660; x_wconf 90' lang='lat' dir='ltr'>qui</span> <span class='ocrx_word' id='word_1_33' title='bbox 1376 607 1543 647; x_wconf 89' lang='lat' dir='ltr'><strong>docent</strong></span> <span class='ocrx_word' id='word_1_34' title='bbox 1576 621 1634 648; x_wconf 86' lang='lat' dir='ltr'>ex</span> <span class='ocrx_word' id='word_1_35' title='bbox 1661 605 1880 656; x_wconf 68' lang='lat' dir='ltr'>doctrina,</span> 
     </span>
     <span class='ocr_line' id='line_1_6' title="bbox 407 666 1882 722; baseline 0.003 -16"><span class='ocrx_word' id='word_1_36' title='bbox 407 666 515 707; x_wconf 89' lang='lat' dir='ltr'>illud</span> <span class='ocrx_word' id='word_1_37' title='bbox 542 668 599 708; x_wconf 89' lang='lat' dir='ltr'>ab</span> <span class='ocrx_word' id='word_1_38' title='bbox 625 669 807 709; x_wconf 87' lang='lat' dir='ltr'>eruditis</span> <span class='ocrx_word' id='word_1_39' title='bbox 830 675 875 709; x_wconf 92' lang='lat' dir='ltr'>et</span> <span class='ocrx_word' id='word_1_40' title='bbox 902 683 990 709; x_wconf 90' lang='lat' dir='ltr'>non</span> <span class='ocrx_word' id='word_1_41' title='bbox 1019 670 1201 710; x_wconf 87' lang='lat' dir='ltr'>eruditis</span> <span class='ocrx_word' id='word_1_42' title='bbox 1227 671 1298 722; x_wconf 87' lang='lat' dir='ltr'>qui</span> <span class='ocrx_word' id='word_1_43' title='bbox 1325 669 1493 710; x_wconf 85' lang='lat' dir='ltr'>docent</span> <span class='ocrx_word' id='word_1_44' title='bbox 1520 683 1582 710; x_wconf 16' lang='lat' dir='ltr'>ex,</span> <span class='ocrx_word' id='word_1_45' title='bbox 1605 669 1787 720; x_wconf 90' lang='lat' dir='ltr'>Verbo;</span> <span class='ocrx_word' id='word_1_46' title='bbox 1819 669 1882 710; x_wconf 90' lang='lat' dir='ltr'>sic</span> 
     </span>
     <span class='ocr_line' id='line_1_7' title="bbox 407 727 1916 785; baseline 0.003 -16"><span class='ocrx_word' id='word_1_47' title='bbox 407 729 450 769; x_wconf 92' lang='lat' dir='ltr'>in</span> <span class='ocrx_word' id='word_1_48' title='bbox 477 731 748 771; x_wconf 87' lang='lat' dir='ltr'>contrarium</span> <span class='ocrx_word' id='word_1_49' title='bbox 774 738 906 772; x_wconf 91' lang='lat' dir='ltr'>eunt:</span> <span class='ocrx_word' id='word_1_50' title='bbox 942 732 1019 772; x_wconf 89' lang='lat' dir='ltr'>sed</span> <span class='ocrx_word' id='word_1_51' title='bbox 1046 746 1182 785; x_wconf 91' lang='lat' dir='ltr'>usque</span> <span class='ocrx_word' id='word_1_52' title='bbox 1209 732 1465 773; x_wconf 87' lang='lat' dir='ltr'>defensores</span> <span class='ocrx_word' id='word_1_53' title='bbox 1491 730 1721 773; x_wconf 62' lang='lat' dir='ltr'>doetrinae</span> <span class='ocrx_word' id='word_1_54' title='bbox 1743 732 1882 775; x_wconf 88' lang='lat' dir='ltr'>etiam</span> <span class='ocrx_word' id='word_1_55' title='bbox 1914 727 1916 731; x_wconf 63' lang='grc'>’</span> 
     </span>
     <span class='ocr_line' id='line_1_8' title="bbox 406 791 1884 847; baseline 0.003 -16"><span class='ocrx_word' id='word_1_56' title='bbox 406 791 450 831; x_wconf 89' lang='lat' dir='ltr'>id</span> <span class='ocrx_word' id='word_1_57' title='bbox 491 793 775 845; x_wconf 88' lang='lat' dir='ltr'>permittunt,</span> <span class='ocrx_word' id='word_1_58' title='bbox 809 807 961 834; x_wconf 91' lang='lat' dir='ltr'>verum</span> <span class='ocrx_word' id='word_1_59' title='bbox 1004 808 1062 834; x_wconf 83' lang='lat' dir='ltr'>ex</span> <span class='ocrx_word' id='word_1_60' title='bbox 1103 808 1238 834; x_wconf 90' lang='lat' dir='ltr'>causa</span> <span class='ocrx_word' id='word_1_61' title='bbox 1273 795 1374 847; x_wconf 87' lang='lat' dir='ltr'>quia</span> <span class='ocrx_word' id='word_1_62' title='bbox 1406 793 1607 834; x_wconf 87' lang='lat' dir='ltr'><strong>Verbum</strong></span> <span class='ocrx_word' id='word_1_63' title='bbox 1648 794 1884 836; x_wconf 84' lang='lat' dir='ltr'>manifeste</span> 
     </span>
     <span class='ocr_line' id='line_1_9' title="bbox 407 854 1884 910; baseline 0.002 -16"><span class='ocrx_word' id='word_1_64' title='bbox 407 854 543 895; x_wconf 91' lang='lat' dir='ltr'>docet</span> <span class='ocrx_word' id='word_1_65' title='bbox 568 855 708 895; x_wconf 88' lang='lat' dir='ltr'>vitam</span> <span class='ocrx_word' id='word_1_66' title='bbox 740 869 790 896; x_wconf 91' lang='lat' dir='ltr'>ac</span> <span class='ocrx_word' id='word_1_67' title='bbox 823 855 955 896; x_wconf 89' lang='lat' dir='ltr'>fidem</span> <span class='ocrx_word' id='word_1_68' title='bbox 988 856 1234 897; x_wconf 89' lang='lat' dir='ltr'>secundum</span> <span class='ocrx_word' id='word_1_69' title='bbox 1265 857 1419 904; x_wconf 89' lang='lat' dir='ltr'>vitam,</span> <span class='ocrx_word' id='word_1_70' title='bbox 1449 862 1494 896; x_wconf 91' lang='lat' dir='ltr'>et</span> <span class='ocrx_word' id='word_1_71' title='bbox 1526 857 1627 909; x_wconf 91' lang='lat' dir='ltr'>quia</span> <span class='ocrx_word' id='word_1_72' title='bbox 1659 856 1884 910; x_wconf 87' lang='lat' dir='ltr'><strong>simplices</strong></span> 
     </span>
     <span class='ocr_line' id='line_1_10' title="bbox 408 917 1884 972; baseline 0.002 -16"><span class='ocrx_word' id='word_1_73' title='bbox 408 929 497 956; x_wconf 93' lang='lat' dir='ltr'>non</span> <span class='ocrx_word' id='word_1_74' title='bbox 529 917 659 958; x_wconf 88' lang='lat' dir='ltr'>aliter</span> <span class='ocrx_word' id='word_1_75' title='bbox 685 918 835 958; x_wconf 89' lang='lat' dir='ltr'>doceri</span> <span class='ocrx_word' id='word_1_76' title='bbox 868 925 1056 971; x_wconf 84' lang='lat' dir='ltr'>possunt</span> <span class='ocrx_word' id='word_1_77' title='bbox 1090 932 1223 972; x_wconf 89' lang='lat' dir='ltr'>quam</span> <span class='ocrx_word' id='word_1_78' title='bbox 1256 919 1500 959; x_wconf 88' lang='lat' dir='ltr'>secundum</span> <span class='ocrx_word' id='word_1_79' title='bbox 1533 932 1712 959; x_wconf 89' lang='lat' dir='ltr'>sensum</span> <span class='ocrx_word' id='word_1_80' title='bbox 1745 918 1884 960; x_wconf 86' lang='lat' dir='ltr'>Verbi</span> 
     </span>
     <span class='ocr_line' id='line_1_11' title="bbox 407 981 1884 1034; baseline 0.001 -15"><span class='ocrx_word' id='word_1_81' title='bbox 407 985 668 1020; x_wconf 88' lang='lat' dir='ltr'>exstantem</span> <span class='ocrx_word' id='word_1_82' title='bbox 690 994 699 1030; x_wconf 82' lang='lat'><em>3</em></span> <span class='ocrx_word' id='word_1_83' title='bbox 732 987 778 1021; x_wconf 90' lang='lat' dir='ltr'>et</span> <span class='ocrx_word' id='word_1_84' title='bbox 805 981 984 1034; x_wconf 88' lang='lat' dir='ltr'>quidam</span> <span class='ocrx_word' id='word_1_85' title='bbox 1012 982 1112 1034; x_wconf 89' lang='lat' dir='ltr'>quia</span> <span class='ocrx_word' id='word_1_86' title='bbox 1143 982 1225 1034; x_wconf 90' lang='lat' dir='ltr'>ipsi</span> <span class='ocrx_word' id='word_1_87' title='bbox 1250 981 1430 1021; x_wconf 90' lang='lat' dir='ltr'>veritati</span> <span class='ocrx_word' id='word_1_88' title='bbox 1456 994 1547 1021; x_wconf 91' lang='lat' dir='ltr'>non</span> <span class='ocrx_word' id='word_1_89' title='bbox 1572 987 1727 1034; x_wconf 92' lang='lat' dir='ltr'>aperte</span> <span class='ocrx_word' id='word_1_90' title='bbox 1752 981 1884 1022; x_wconf 86' lang='lat' dir='ltr'>resis-</span> 
     </span>
     <span class='ocr_line' id='line_1_12' title="bbox 408 1043 1882 1096; baseline 0.002 -15"><span class='ocrx_word' id='word_1_91' title='bbox 408 1047 504 1082; x_wconf 88' lang='lat' dir='ltr'>tere</span> <span class='ocrx_word' id='word_1_92' title='bbox 529 1049 733 1095; x_wconf 80' lang='lat' dir='ltr'>possunt,</span> <span class='ocrx_word' id='word_1_93' title='bbox 761 1044 927 1083; x_wconf 87' lang='lat' dir='ltr'>veritas</span> <span class='ocrx_word' id='word_1_94' title='bbox 954 1045 1071 1083; x_wconf 91' lang='lat' dir='ltr'>enim</span> <span class='ocrx_word' id='word_1_95' title='bbox 1099 1043 1296 1084; x_wconf 86' lang='lat' dir='ltr'>latenter</span> <span class='ocrx_word' id='word_1_96' title='bbox 1321 1049 1532 1096; x_wconf 85' lang='lat' dir='ltr'><strong>operatur</strong></span> <span class='ocrx_word' id='word_1_97' title='bbox 1557 1049 1603 1084; x_wconf 93' lang='lat' dir='ltr'>et</span> <span class='ocrx_word' id='word_1_98' title='bbox 1629 1043 1882 1096; x_wconf 84' lang='lat' dir='ltr'>persuadet,</span> 
     </span>
     <span class='ocr_line' id='line_1_13' title="bbox 408 1104 1886 1159; baseline 0.002 -16"><span class='ocrx_word' id='word_1_99' title='bbox 408 1116 511 1144; x_wconf 90' lang='lat' dir='ltr'>nam</span> <span class='ocrx_word' id='word_1_100' title='bbox 534 1118 558 1144; x_wconf 89' lang='lat' dir='ltr'>e</span> <span class='ocrx_word' id='word_1_101' title='bbox 580 1104 706 1145; x_wconf 89' lang='lat' dir='ltr'>caelo</span> <span class='ocrx_word' id='word_1_102' title='bbox 729 1106 845 1158; x_wconf 91' lang='lat' dir='ltr'>apud</span> <span class='ocrx_word' id='word_1_103' title='bbox 873 1107 1212 1159; x_wconf 89' lang='lat' dir='ltr'>unumquemvis</span> <span class='ocrx_word' id='word_1_104' title='bbox 1239 1105 1394 1153; x_wconf 85' lang='lat' dir='ltr'>influit,</span> <span class='ocrx_word' id='word_1_105' title='bbox 1419 1119 1469 1146; x_wconf 92' lang='lat' dir='ltr'>ac</span> <span class='ocrx_word' id='word_1_106' title='bbox 1489 1106 1699 1158; x_wconf 86' lang='lat' dir='ltr'>recipitur</span> <span class='ocrx_word' id='word_1_107' title='bbox 1720 1105 1777 1146; x_wconf 87' lang='lat' dir='ltr'>ab</span> <span class='ocrx_word' id='word_1_108' title='bbox 1798 1105 1886 1146; x_wconf 90' lang='lat' dir='ltr'>illis</span> 
     </span>
     <span class='ocr_line' id='line_1_14' title="bbox 408 1166 1885 1222; baseline 0.001 -16"><span class='ocrx_word' id='word_1_109' title='bbox 408 1167 480 1218; x_wconf 89' lang='lat' dir='ltr'>qui</span> <span class='ocrx_word' id='word_1_110' title='bbox 500 1179 589 1207; x_wconf 92' lang='lat' dir='ltr'>non</span> <span class='ocrx_word' id='word_1_111' title='bbox 602 1166 719 1207; x_wconf 90' lang='lat' dir='ltr'>male</span> <span class='ocrx_word' id='word_1_112' title='bbox 734 1168 905 1215; x_wconf 88' lang='lat' dir='ltr'>vivunt,</span> <span class='ocrx_word' id='word_1_113' title='bbox 921 1175 965 1208; x_wconf 87' lang='lat' dir='ltr'>et</span> <span class='ocrx_word' id='word_1_114' title='bbox 985 1169 1056 1222; x_wconf 90' lang='lat' dir='ltr'>qui</span> <span class='ocrx_word' id='word_1_115' title='bbox 1072 1181 1160 1208; x_wconf 90' lang='lat' dir='ltr'>non</span> <span class='ocrx_word' id='word_1_116' title='bbox 1179 1168 1330 1208; x_wconf 87' lang='lat' dir='ltr'>multis</span> <span class='ocrx_word' id='word_1_117' title='bbox 1349 1167 1724 1208; x_wconf 89' lang='lat' dir='ltr'>confirmaverunt</span> <span class='ocrx_word' id='word_1_118' title='bbox 1742 1167 1885 1208; x_wconf 88' lang='lat' dir='ltr'>solam</span> 
     </span>
     <span class='ocr_line' id='line_1_15' title="bbox 407 1228 1884 1283; baseline 0.001 -15"><span class='ocrx_word' id='word_1_119' title='bbox 407 1228 540 1269; x_wconf 92' lang='lat' dir='ltr'>fidem</span> <span class='ocrx_word' id='word_1_120' title='bbox 568 1243 626 1269; x_wconf 84' lang='lat' dir='ltr'>ex</span> <span class='ocrx_word' id='word_1_121' title='bbox 659 1231 860 1282; x_wconf 85' lang='lat' dir='ltr'>pueritia,</span> <span class='ocrx_word' id='word_1_122' title='bbox 890 1237 935 1271; x_wconf 90' lang='lat' dir='ltr'>et</span> <span class='ocrx_word' id='word_1_123' title='bbox 968 1237 1074 1271; x_wconf 90' lang='lat' dir='ltr'>tunc</span> <span class='ocrx_word' id='word_1_124' title='bbox 1107 1245 1165 1271; x_wconf 83' lang='lat' dir='ltr'>ex</span> <span class='ocrx_word' id='word_1_125' title='bbox 1197 1231 1313 1271; x_wconf 90' lang='lat' dir='ltr'>fastu</span> <span class='ocrx_word' id='word_1_126' title='bbox 1345 1231 1604 1270; x_wconf 90' lang='lat' dir='ltr'>eruditionis</span> <span class='ocrx_word' id='word_1_127' title='bbox 1636 1243 1742 1283; x_wconf 90' lang='lat' dir='ltr'>prae</span> <span class='ocrx_word' id='word_1_128' title='bbox 1773 1229 1884 1278; x_wconf 88' lang='lat' dir='ltr'>aliis,</span> 
     </span>
     <span class='ocr_line' id='line_1_16' title="bbox 408 1291 1886 1346; baseline 0.003 -16"><span class='ocrx_word' id='word_1_129' title='bbox 408 1291 621 1344; x_wconf 89' lang='lat' dir='ltr'>imprimis</span> <span class='ocrx_word' id='word_1_130' title='bbox 639 1292 681 1331; x_wconf 92' lang='lat' dir='ltr'>in</span> <span class='ocrx_word' id='word_1_131' title='bbox 700 1292 916 1345; x_wconf 85' lang='lat' dir='ltr'>dogmate</span> <span class='ocrx_word' id='word_1_132' title='bbox 930 1293 1261 1345; x_wconf 87' lang='lat' dir='ltr'>justificationis</span> <span class='ocrx_word' id='word_1_133' title='bbox 1284 1307 1361 1346; x_wconf 90' lang='lat' dir='ltr'>per</span> <span class='ocrx_word' id='word_1_134' title='bbox 1379 1292 1516 1341; x_wconf 88' lang='lat' dir='ltr'>illam,</span> <span class='ocrx_word' id='word_1_135' title='bbox 1536 1293 1580 1332; x_wconf 91' lang='lat' dir='ltr'>in</span> <span class='ocrx_word' id='word_1_136' title='bbox 1601 1306 1690 1346; x_wconf 91' lang='lat' dir='ltr'>quo</span> <span class='ocrx_word' id='word_1_137' title='bbox 1712 1299 1886 1346; x_wconf 89' lang='lat' dir='ltr'>ponunt</span> 
     </span>
     <span class='ocr_line' id='line_1_17' title="bbox 408 1353 1888 1409; baseline 0.002 -16"><span class='ocrx_word' id='word_1_138' title='bbox 408 1353 597 1406; x_wconf 84' lang='lat' dir='ltr'>gloriam</span> <span class='ocrx_word' id='word_1_139' title='bbox 621 1354 880 1395; x_wconf 88' lang='lat' dir='ltr'>eruditionis</span> <span class='ocrx_word' id='word_1_140' title='bbox 904 1357 1165 1408; x_wconf 88' lang='lat' dir='ltr'>superioris:</span> <span class='ocrx_word' id='word_1_141' title='bbox 1199 1356 1243 1395; x_wconf 92' lang='lat' dir='ltr'>hi</span> <span class='ocrx_word' id='word_1_142' title='bbox 1266 1362 1420 1396; x_wconf 87' lang='lat' dir='ltr'>tamen</span> <span class='ocrx_word' id='word_1_143' title='bbox 1442 1369 1579 1409; x_wconf 90' lang='lat' dir='ltr'>usque</span> <span class='ocrx_word' id='word_1_144' title='bbox 1602 1355 1737 1396; x_wconf 90' lang='lat' dir='ltr'>corde</span> <span class='ocrx_word' id='word_1_145' title='bbox 1755 1355 1888 1397; x_wconf 85' lang='lat' dir='ltr'>aliter</span> 
     </span>
     <span class='ocr_line' id='line_1_18' title="bbox 409 1416 1887 1471; baseline 0.002 -16"><span class='ocrx_word' id='word_1_146' title='bbox 409 1416 616 1468; x_wconf 88' lang='lat' dir='ltr'>cogitant</span> <span class='ocrx_word' id='word_1_147' title='bbox 653 1417 758 1457; x_wconf 88' lang='lat' dir='ltr'>dum</span> <span class='ocrx_word' id='word_1_148' title='bbox 795 1418 979 1458; x_wconf 84' lang='lat' dir='ltr'>audiunt</span> <span class='ocrx_word' id='word_1_149' title='bbox 1013 1418 1378 1458; x_wconf 88' lang='lat' dir='ltr'>confirmationes</span> <span class='ocrx_word' id='word_1_150' title='bbox 1414 1432 1472 1458; x_wconf 87' lang='lat' dir='ltr'>ex</span> <span class='ocrx_word' id='word_1_151' title='bbox 1499 1417 1652 1458; x_wconf 89' lang='lat' dir='ltr'>Verbo</span> <span class='ocrx_word' id='word_1_152' title='bbox 1683 1431 1764 1471; x_wconf 93' lang='lat' dir='ltr'>pro</span> <span class='ocrx_word' id='word_1_153' title='bbox 1794 1418 1887 1459; x_wconf 86' lang='lat' dir='ltr'>vita</span> 
     </span>
     <span class='ocr_line' id='line_1_19' title="bbox 409 1478 1888 1534; baseline 0.002 -16"><span class='ocrx_word' id='word_1_154' title='bbox 409 1478 465 1518; x_wconf 86' lang='lat' dir='ltr'>ab</span> <span class='ocrx_word' id='word_1_155' title='bbox 491 1478 611 1529; x_wconf 91' lang='lat' dir='ltr'>aliis;</span> <span class='ocrx_word' id='word_1_156' title='bbox 653 1480 859 1532; x_wconf 89' lang='lat' dir='ltr'>cogitant</span> <span class='ocrx_word' id='word_1_157' title='bbox 893 1481 1010 1520; x_wconf 89' lang='lat' dir='ltr'>enim</span> <span class='ocrx_word' id='word_1_158' title='bbox 1047 1481 1166 1534; x_wconf 91' lang='lat' dir='ltr'>quod</span> <span class='ocrx_word' id='word_1_159' title='bbox 1207 1481 1303 1522; x_wconf 91' lang='lat' dir='ltr'>sola</span> <span class='ocrx_word' id='word_1_160' title='bbox 1339 1480 1449 1521; x_wconf 88' lang='lat' dir='ltr'>fides</span> <span class='ocrx_word' id='word_1_161' title='bbox 1489 1481 1533 1520; x_wconf 87' lang='lat' dir='ltr'>in</span> <span class='ocrx_word' id='word_1_162' title='bbox 1574 1494 1621 1521; x_wconf 89' lang='lat' dir='ltr'>se</span> <span class='ocrx_word' id='word_1_163' title='bbox 1653 1481 1888 1521; x_wconf 85' lang='lat' dir='ltr'>contineat</span> 
     </span>
     <span class='ocr_line' id='line_1_20' title="bbox 410 1541 1887 1596; baseline 0.002 -15"><span class='ocrx_word' id='word_1_164' title='bbox 410 1554 559 1593; x_wconf 92' lang='lat' dir='ltr'>opera,</span> <span class='ocrx_word' id='word_1_165' title='bbox 588 1548 633 1582; x_wconf 94' lang='lat' dir='ltr'>et</span> <span class='ocrx_word' id='word_1_166' title='bbox 666 1543 784 1596; x_wconf 91' lang='lat' dir='ltr'>quod</span> <span class='ocrx_word' id='word_1_167' title='bbox 817 1541 1054 1595; x_wconf 67' lang='lat' dir='ltr'>conjuncta</span> <span class='ocrx_word' id='word_1_168' title='bbox 1086 1544 1174 1583; x_wconf 92' lang='lat' dir='ltr'>sint</span> <span class='ocrx_word' id='word_1_169' title='bbox 1207 1543 1451 1584; x_wconf 90' lang='lat' dir='ltr'>secundum</span> <span class='ocrx_word' id='word_1_170' title='bbox 1484 1543 1651 1596; x_wconf 84' lang='lat' dir='ltr'>dogma</span> <span class='ocrx_word' id='word_1_171' title='bbox 1671 1541 1887 1595; x_wconf 86' lang='lat' dir='ltr'>justifica·</span> 
     </span>
     <span class='ocr_line' id='line_1_21' title="bbox 410 1605 1887 1659; baseline 0.001 -15"><span class='ocrx_word' id='word_1_172' title='bbox 410 1605 558 1652; x_wconf 88' lang='lat' dir='ltr'>tionis,</span> <span class='ocrx_word' id='word_1_173' title='bbox 585 1605 771 1645; x_wconf 88' lang='lat' dir='ltr'>tametsi</span> <span class='ocrx_word' id='word_1_174' title='bbox 802 1605 924 1653; x_wconf 90' lang='lat' dir='ltr'>illud,</span> <span class='ocrx_word' id='word_1_175' title='bbox 953 1606 1066 1645; x_wconf 86' lang='lat' dir='ltr'>sicut</span> <span class='ocrx_word' id='word_1_176' title='bbox 1099 1619 1124 1645; x_wconf 90' lang='lat' dir='ltr'>a</span> <span class='ocrx_word' id='word_1_177' title='bbox 1156 1605 1308 1646; x_wconf 86' lang='lat' dir='ltr'>multis</span> <span class='ocrx_word' id='word_1_178' title='bbox 1340 1606 1542 1654; x_wconf 89' lang='lat' dir='ltr'>docetur,</span> <span class='ocrx_word' id='word_1_179' title='bbox 1571 1605 1670 1659; x_wconf 92' lang='lat' dir='ltr'>plus</span> <span class='ocrx_word' id='word_1_180' title='bbox 1706 1608 1887 1659; x_wconf 85' lang='lat' dir='ltr'>separat</span> 
     </span>
    </p>
   </div>
   <div class='ocr_carea' id='block_1_4' title="bbox 410 1666 1959 1720">
    <p class='ocr_par' dir='ltr' id='par_1_4' title="bbox 410 1666 1959 1720">
     <span class='ocr_line' id='line_1_22' title="bbox 410 1666 1959 1720; baseline 0.001 -13"><span class='ocrx_word' id='word_1_181' title='bbox 410 1680 546 1719; x_wconf 84' lang='lat' dir='ltr'>opera</span> <span class='ocrx_word' id='word_1_182' title='bbox 570 1680 596 1707; x_wconf 86' lang='lat' dir='ltr'>a</span> <span class='ocrx_word' id='word_1_183' title='bbox 622 1666 707 1707; x_wconf 90' lang='lat' dir='ltr'>fide</span> <span class='ocrx_word' id='word_1_184' title='bbox 733 1680 867 1720; x_wconf 90' lang='lat' dir='ltr'>quam</span> <span class='ocrx_word' id='word_1_185' title='bbox 894 1667 1126 1720; x_wconf 88' lang='lat' dir='ltr'>conjungit</span> <span class='ocrx_word' id='word_1_186' title='bbox 1158 1668 1234 1708; x_wconf 87' lang='lat' dir='ltr'>illa</span> <span class='ocrx_word' id='word_1_187' title='bbox 1266 1681 1366 1708; x_wconf 90' lang='lat' dir='ltr'>cum</span> <span class='ocrx_word' id='word_1_188' title='bbox 1392 1667 1493 1716; x_wconf 88' lang='lat' dir='ltr'>fide,</span> <span class='ocrx_word' id='word_1_189' title='bbox 1521 1668 1658 1708; x_wconf 90' lang='lat' dir='ltr'>immo</span> <span class='ocrx_word' id='word_1_190' title='bbox 1682 1674 1888 1708; x_wconf 90' lang='lat' dir='ltr'>removet</span> <span class='ocrx_word' id='word_1_191' title='bbox 1957 1671 1959 1674; x_wconf 56' lang='lat'><strong>⁴</strong></span> 
     </span>
    </p>
   </div>
   <div class='ocr_carea' id='block_1_5' title="bbox 410 1729 1892 3031">
    <p class='ocr_par' dir='ltr' id='par_1_5' title="bbox 410 1729 1892 3031">
     <span class='ocr_line' id='line_1_23' title="bbox 410 1729 1888 1786; baseline 0.001 -18"><span class='ocrx_word' id='word_1_192' title='bbox 410 1729 486 1769; x_wconf 89' lang='lat' dir='ltr'>illa</span> <span class='ocrx_word' id='word_1_193' title='bbox 517 1735 564 1770; x_wconf 89' lang='lat' dir='ltr'>ut</span> <span class='ocrx_word' id='word_1_194' title='bbox 597 1743 687 1769; x_wconf 92' lang='lat' dir='ltr'>non</span> <span class='ocrx_word' id='word_1_195' title='bbox 714 1729 1018 1782; x_wconf 88' lang='lat' dir='ltr'>justificantia,</span> <span class='ocrx_word' id='word_1_196' title='bbox 1053 1737 1270 1783; x_wconf 92' lang='lat' dir='ltr'>quantum</span> <span class='ocrx_word' id='word_1_197' title='bbox 1302 1730 1388 1770; x_wconf 92' lang='lat' dir='ltr'>illis</span> <span class='ocrx_word' id='word_1_198' title='bbox 1422 1729 1586 1786; x_wconf 86' lang='lat' dir='ltr'>aliquid</span> <span class='ocrx_word' id='word_1_199' title='bbox 1618 1730 1676 1770; x_wconf 86' lang='lat' dir='ltr'>ab</span> <span class='ocrx_word' id='word_1_200' title='bbox 1706 1729 1888 1770; x_wconf 87' lang='lat' dir='ltr'>homine</span> 
     </span>
     <span class='ocr_line' id='line_1_24' title="bbox 411 1791 1890 1846; baseline 0.001 -15"><span class='ocrx_word' id='word_1_201' title='bbox 411 1805 488 1831; x_wconf 90' lang='lat' dir='ltr'>seu</span> <span class='ocrx_word' id='word_1_202' title='bbox 514 1805 539 1831; x_wconf 90' lang='lat' dir='ltr'>a</span> <span class='ocrx_word' id='word_1_203' title='bbox 564 1791 801 1832; x_wconf 88' lang='lat' dir='ltr'>voluntate</span> <span class='ocrx_word' id='word_1_204' title='bbox 834 1792 925 1844; x_wconf 91' lang='lat' dir='ltr'>ejus</span> <span class='ocrx_word' id='word_1_205' title='bbox 957 1793 1087 1833; x_wconf 89' lang='lat' dir='ltr'>inest.</span> <span class='ocrx_word' id='word_1_206' title='bbox 1150 1792 1285 1845; x_wconf 78' lang='lat' dir='ltr'>Quod</span> <span class='ocrx_word' id='word_1_207' title='bbox 1312 1806 1491 1846; x_wconf 90' lang='lat' dir='ltr'>prorsus</span> <span class='ocrx_word' id='word_1_208' title='bbox 1516 1792 1647 1833; x_wconf 90' lang='lat' dir='ltr'>aliter</span> <span class='ocrx_word' id='word_1_209' title='bbox 1672 1793 1890 1833; x_wconf 89' lang='lat' dir='ltr'>doceatur</span> 
     </span>
     <span class='ocr_line' id='line_1_25' title="bbox 411 1854 1887 1908; baseline 0.001 -14"><span class='ocrx_word' id='word_1_210' title='bbox 411 1855 454 1894; x_wconf 91' lang='lat' dir='ltr'>in</span> <span class='ocrx_word' id='word_1_211' title='bbox 477 1854 677 1895; x_wconf 88' lang='lat' dir='ltr'>ecclesiis</span> <span class='ocrx_word' id='word_1_212' title='bbox 701 1855 772 1894; x_wconf 89' lang='lat' dir='ltr'>ubi</span> <span class='ocrx_word' id='word_1_213' title='bbox 796 1855 892 1895; x_wconf 87' lang='lat' dir='ltr'>sola</span> <span class='ocrx_word' id='word_1_214' title='bbox 914 1854 1024 1895; x_wconf 88' lang='lat' dir='ltr'>fides</span> <span class='ocrx_word' id='word_1_215' title='bbox 1042 1862 1226 1908; x_wconf 87' lang='lat' dir='ltr'>recepta</span> <span class='ocrx_word' id='word_1_216' title='bbox 1252 1862 1336 1904; x_wconf 91' lang='lat' dir='ltr'>est,</span> <span class='ocrx_word' id='word_1_217' title='bbox 1362 1855 1466 1895; x_wconf 91' lang='lat' dir='ltr'>dum</span> <span class='ocrx_word' id='word_1_218' title='bbox 1490 1869 1548 1895; x_wconf 86' lang='lat' dir='ltr'>ex</span> <span class='ocrx_word' id='word_1_219' title='bbox 1566 1855 1734 1903; x_wconf 89' lang='lat' dir='ltr'>Verbo,</span> <span class='ocrx_word' id='word_1_220' title='bbox 1754 1868 1887 1908; x_wconf 89' lang='lat' dir='ltr'>quam</span> 
     </span>
     <span class='ocr_line' id='line_1_26' title="bbox 411 1916 1888 1972; baseline 0.001 -15"><span class='ocrx_word' id='word_1_221' title='bbox 411 1917 517 1957; x_wconf 90' lang='lat' dir='ltr'>dum</span> <span class='ocrx_word' id='word_1_222' title='bbox 544 1931 602 1958; x_wconf 86' lang='lat' dir='ltr'>ex</span> <span class='ocrx_word' id='word_1_223' title='bbox 625 1916 840 1966; x_wconf 60' lang='lat' dir='ltr'>doetrina,</span> <span class='ocrx_word' id='word_1_224' title='bbox 866 1917 1116 1958; x_wconf 90' lang='lat' dir='ltr'>confirmari</span> <span class='ocrx_word' id='word_1_225' title='bbox 1139 1925 1291 1972; x_wconf 87' lang='lat' dir='ltr'>potest</span> <span class='ocrx_word' id='word_1_226' title='bbox 1315 1932 1373 1959; x_wconf 87' lang='lat' dir='ltr'>ex</span> <span class='ocrx_word' id='word_1_227' title='bbox 1400 1918 1567 1966; x_wconf 88' lang='lat' dir='ltr'>multis,</span> <span class='ocrx_word' id='word_1_228' title='bbox 1587 1924 1636 1959; x_wconf 89' lang='lat' dir='ltr'>ut</span> <span class='ocrx_word' id='word_1_229' title='bbox 1658 1918 1701 1958; x_wconf 91' lang='lat' dir='ltr'>in</span> <span class='ocrx_word' id='word_1_230' title='bbox 1725 1917 1888 1959; x_wconf 88' lang='lat' dir='ltr'>Eccle-</span> 
     </span>
     <span class='ocr_line' id='line_1_27' title="bbox 414 1979 1889 2035; baseline 0.002 -16"><span class='ocrx_word' id='word_1_231' title='bbox 414 1981 478 2020; x_wconf 85' lang='lat' dir='ltr'>sia</span> <span class='ocrx_word' id='word_1_232' title='bbox 497 1979 770 2033; x_wconf 88' lang='lat' dir='ltr'>Anglicana,</span> <span class='ocrx_word' id='word_1_233' title='bbox 791 1987 836 2021; x_wconf 88' lang='lat' dir='ltr'>et</span> <span class='ocrx_word' id='word_1_234' title='bbox 859 1981 902 2020; x_wconf 93' lang='lat' dir='ltr'>in</span> <span class='ocrx_word' id='word_1_235' title='bbox 925 1980 1130 2021; x_wconf 85' lang='lat' dir='ltr'>Ecclesia</span> <span class='ocrx_word' id='word_1_236' title='bbox 1152 1981 1425 2021; x_wconf 91' lang='lat' dir='ltr'>Lutherana.</span> <span class='ocrx_word' id='word_1_237' title='bbox 1487 1980 1657 2021; x_wconf 90' lang='lat' dir='ltr'>Notum</span> <span class='ocrx_word' id='word_1_238' title='bbox 1680 1987 1748 2022; x_wconf 88' lang='lat' dir='ltr'>est</span> <span class='ocrx_word' id='word_1_239' title='bbox 1770 1981 1889 2035; x_wconf 90' lang='lat' dir='ltr'>quod</span> 
     </span>
     <span class='ocr_line' id='line_1_28' title="bbox 413 2040 1889 2097; baseline 0.001 -15"><span class='ocrx_word' id='word_1_240' title='bbox 413 2040 614 2082; x_wconf 62' lang='lat' dir='ltr'>doctrina</span> <span class='ocrx_word' id='word_1_241' title='bbox 637 2042 871 2083; x_wconf 88' lang='lat' dir='ltr'>Ecclesiae</span> <span class='ocrx_word' id='word_1_242' title='bbox 889 2043 1173 2095; x_wconf 88' lang='lat' dir='ltr'>Anglicanae</span> <span class='ocrx_word' id='word_1_243' title='bbox 1192 2044 1354 2084; x_wconf 93' lang='lat' dir='ltr'>doceat</span> <span class='ocrx_word' id='word_1_244' title='bbox 1373 2042 1515 2083; x_wconf 87' lang='lat' dir='ltr'>solam</span> <span class='ocrx_word' id='word_1_245' title='bbox 1534 2042 1681 2090; x_wconf 88' lang='lat' dir='ltr'>fidem,</span> <span class='ocrx_word' id='word_1_246' title='bbox 1701 2050 1747 2084; x_wconf 90' lang='lat' dir='ltr'>et</span> <span class='ocrx_word' id='word_1_247' title='bbox 1770 2042 1889 2097; x_wconf 90' lang='lat' dir='ltr'>quod</span> 
     </span>
     <span class='ocr_line' id='line_1_29' title="bbox 413 2104 1889 2158; baseline 0.001 -14"><span class='ocrx_word' id='word_1_248' title='bbox 413 2105 748 2157; x_wconf 88' lang='lat' dir='ltr'>praedicatores</span> <span class='ocrx_word' id='word_1_249' title='bbox 775 2104 1026 2153; x_wconf 87' lang='lat' dir='ltr'>artificiose,</span> <span class='ocrx_word' id='word_1_250' title='bbox 1056 2106 1286 2158; x_wconf 84' lang='lat' dir='ltr'>ingeniose</span> <span class='ocrx_word' id='word_1_251' title='bbox 1313 2111 1358 2146; x_wconf 92' lang='lat' dir='ltr'>et</span> <span class='ocrx_word' id='word_1_252' title='bbox 1385 2105 1619 2158; x_wconf 85' lang='lat' dir='ltr'>eleganter</span> <span class='ocrx_word' id='word_1_253' title='bbox 1639 2105 1889 2158; x_wconf 86' lang='lat' dir='ltr'>adjungant</span> 
     </span>
     <span class='ocr_line' id='line_1_30' title="bbox 414 2166 1888 2221; baseline 0.001 -15"><span class='ocrx_word' id='word_1_254' title='bbox 414 2167 452 2207; x_wconf 93' lang='lat' dir='ltr'>ei</span> <span class='ocrx_word' id='word_1_255' title='bbox 474 2180 622 2219; x_wconf 91' lang='lat' dir='ltr'>opera,</span> <span class='ocrx_word' id='word_1_256' title='bbox 644 2168 757 2207; x_wconf 87' lang='lat' dir='ltr'>sicut</span> <span class='ocrx_word' id='word_1_257' title='bbox 784 2167 1018 2207; x_wconf 88' lang='lat' dir='ltr'>recondita</span> <span class='ocrx_word' id='word_1_258' title='bbox 1040 2167 1081 2207; x_wconf 94' lang='lat' dir='ltr'>in</span> <span class='ocrx_word' id='word_1_259' title='bbox 1109 2167 1209 2216; x_wconf 89' lang='lat' dir='ltr'>fide,</span> <span class='ocrx_word' id='word_1_260' title='bbox 1230 2174 1275 2208; x_wconf 91' lang='lat' dir='ltr'>et</span> <span class='ocrx_word' id='word_1_261' title='bbox 1299 2168 1416 2221; x_wconf 92' lang='lat' dir='ltr'>quod</span> <span class='ocrx_word' id='word_1_262' title='bbox 1443 2182 1501 2208; x_wconf 86' lang='lat' dir='ltr'>ex</span> <span class='ocrx_word' id='word_1_263' title='bbox 1527 2166 1613 2208; x_wconf 93' lang='lat' dir='ltr'>fide</span> <span class='ocrx_word' id='word_1_264' title='bbox 1639 2168 1888 2220; x_wconf 86' lang='lat' dir='ltr'>percipiant</span> 
     </span>
     <span class='ocr_line' id='line_1_31' title="bbox 413 2228 1889 2282; baseline 0.001 -14"><span class='ocrx_word' id='word_1_265' title='bbox 413 2229 577 2282; x_wconf 89' lang='lat' dir='ltr'>aliquid</span> <span class='ocrx_word' id='word_1_266' title='bbox 605 2236 808 2277; x_wconf 89' lang='lat' dir='ltr'>conatus,</span> <span class='ocrx_word' id='word_1_267' title='bbox 829 2230 941 2270; x_wconf 91' lang='lat' dir='ltr'>sicut</span> <span class='ocrx_word' id='word_1_268' title='bbox 969 2228 1213 2270; x_wconf 67' lang='lat' dir='ltr'>affectionis</span> <span class='ocrx_word' id='word_1_269' title='bbox 1239 2231 1295 2270; x_wconf 89' lang='lat' dir='ltr'>ad</span> <span class='ocrx_word' id='word_1_270' title='bbox 1322 2231 1488 2271; x_wconf 91' lang='lat' dir='ltr'>bonum</span> <span class='ocrx_word' id='word_1_271' title='bbox 1514 2230 1792 2280; x_wconf 90' lang='lat' dir='ltr'>faciendum;</span> <span class='ocrx_word' id='word_1_272' title='bbox 1825 2229 1889 2270; x_wconf 88' lang='lat' dir='ltr'>illi</span> 
     </span>
     <span class='ocr_line' id='line_1_32' title="bbox 414 2291 1890 2345; baseline 0.001 -14"><span class='ocrx_word' id='word_1_273' title='bbox 414 2292 626 2344; x_wconf 90' lang='lat' dir='ltr'>imprimis</span> <span class='ocrx_word' id='word_1_274' title='bbox 658 2293 730 2344; x_wconf 91' lang='lat' dir='ltr'>qui</span> <span class='ocrx_word' id='word_1_275' title='bbox 763 2292 819 2332; x_wconf 87' lang='lat' dir='ltr'>ad</span> <span class='ocrx_word' id='word_1_276' title='bbox 852 2293 1035 2332; x_wconf 88' lang='lat' dir='ltr'>tertium</span> <span class='ocrx_word' id='word_1_277' title='bbox 1067 2298 1143 2332; x_wconf 88' lang='lat' dir='ltr'>aut</span> <span class='ocrx_word' id='word_1_278' title='bbox 1177 2299 1383 2345; x_wconf 89' lang='lat' dir='ltr'>quartum</span> <span class='ocrx_word' id='word_1_279' title='bbox 1414 2293 1603 2345; x_wconf 90' lang='lat' dir='ltr'>gradum</span> <span class='ocrx_word' id='word_1_280' title='bbox 1635 2306 1714 2345; x_wconf 89' lang='lat' dir='ltr'>per</span> <span class='ocrx_word' id='word_1_281' title='bbox 1745 2291 1890 2333; x_wconf 91' lang='lat' dir='ltr'>solam</span> 
     </span>
     <span class='ocr_line' id='line_1_33' title="bbox 415 2353 1891 2408; baseline 0 -14"><span class='ocrx_word' id='word_1_282' title='bbox 415 2354 546 2394; x_wconf 89' lang='lat' dir='ltr'>fidem</span> <span class='ocrx_word' id='word_1_283' title='bbox 570 2353 799 2406; x_wconf 86' lang='lat' dir='ltr'>justificati</span> <span class='ocrx_word' id='word_1_284' title='bbox 827 2361 957 2404; x_wconf 89' lang='lat' dir='ltr'>sunt;</span> <span class='ocrx_word' id='word_1_285' title='bbox 990 2360 1036 2394; x_wconf 92' lang='lat' dir='ltr'>et</span> <span class='ocrx_word' id='word_1_286' title='bbox 1063 2355 1180 2408; x_wconf 91' lang='lat' dir='ltr'>quod</span> <span class='ocrx_word' id='word_1_287' title='bbox 1210 2355 1273 2395; x_wconf 93' lang='lat' dir='ltr'>illi</span> <span class='ocrx_word' id='word_1_288' title='bbox 1299 2355 1415 2408; x_wconf 93' lang='lat' dir='ltr'>apud</span> <span class='ocrx_word' id='word_1_289' title='bbox 1442 2368 1552 2408; x_wconf 89' lang='lat' dir='ltr'>quos</span> <span class='ocrx_word' id='word_1_290' title='bbox 1578 2354 1673 2394; x_wconf 89' lang='lat' dir='ltr'>sola</span> <span class='ocrx_word' id='word_1_291' title='bbox 1699 2353 1808 2395; x_wconf 88' lang='lat' dir='ltr'>fides</span> <span class='ocrx_word' id='word_1_292' title='bbox 1833 2354 1891 2395; x_wconf 93' lang='lat' dir='ltr'>ad</span> 
     </span>
     <span class='ocr_line' id='line_1_34' title="bbox 414 2416 1888 2470; baseline 0.001 -14"><span class='ocrx_word' id='word_1_293' title='bbox 414 2416 539 2456; x_wconf 91' lang='lat' dir='ltr'>illurn</span> <span class='ocrx_word' id='word_1_294' title='bbox 576 2417 764 2469; x_wconf 85' lang='lat' dir='ltr'>gradum</span> <span class='ocrx_word' id='word_1_295' title='bbox 805 2430 893 2456; x_wconf 93' lang='lat' dir='ltr'>non</span> <span class='ocrx_word' id='word_1_296' title='bbox 932 2418 1239 2469; x_wconf 88' lang='lat' dir='ltr'>operationem</span> <span class='ocrx_word' id='word_1_297' title='bbox 1272 2416 1442 2463; x_wconf 89' lang='lat' dir='ltr'>habuit,</span> <span class='ocrx_word' id='word_1_298' title='bbox 1477 2430 1613 2470; x_wconf 91' lang='lat' dir='ltr'>usque</span> <span class='ocrx_word' id='word_1_299' title='bbox 1645 2416 1888 2464; x_wconf 90' lang='lat' dir='ltr'>salventur,</span> 
     </span>
     <span class='ocr_line' id='line_1_35' title="bbox 415 2478 1891 2532; baseline -0.001 -13"><span class='ocrx_word' id='word_1_300' title='bbox 415 2479 516 2532; x_wconf 87' lang='lat' dir='ltr'>quia</span> <span class='ocrx_word' id='word_1_301' title='bbox 542 2479 585 2519; x_wconf 91' lang='lat' dir='ltr'>in</span> <span class='ocrx_word' id='word_1_302' title='bbox 611 2478 697 2518; x_wconf 91' lang='lat' dir='ltr'>fide</span> <span class='ocrx_word' id='word_1_303' title='bbox 721 2478 835 2519; x_wconf 88' lang='lat' dir='ltr'>latet</span> <span class='ocrx_word' id='word_1_304' title='bbox 864 2480 1029 2519; x_wconf 90' lang='lat' dir='ltr'>bonum</span> <span class='ocrx_word' id='word_1_305' title='bbox 1052 2480 1173 2519; x_wconf 87' lang='lat' dir='ltr'>vitae</span> <span class='ocrx_word' id='word_1_306' title='bbox 1195 2480 1490 2526; x_wconf 89' lang='lat' dir='ltr'>reconditum,</span> <span class='ocrx_word' id='word_1_307' title='bbox 1511 2479 1624 2519; x_wconf 92' lang='lat' dir='ltr'>sicut</span> <span class='ocrx_word' id='word_1_308' title='bbox 1651 2479 1694 2518; x_wconf 91' lang='lat' dir='ltr'>in</span> <span class='ocrx_word' id='word_1_309' title='bbox 1721 2479 1891 2519; x_wconf 91' lang='lat' dir='ltr'>semine</span> 
     </span>
     <span class='ocr_line' id='line_1_36' title="bbox 415 2540 1891 2594; baseline -0.001 -12"><span class='ocrx_word' id='word_1_310' title='bbox 415 2540 579 2582; x_wconf 69' lang='lat' dir='ltr'>sru&amp;us</span> <span class='ocrx_word' id='word_1_311' title='bbox 597 2541 787 2581; x_wconf 91' lang='lat' dir='ltr'>facultas</span> <span class='ocrx_word' id='word_1_312' title='bbox 805 2540 1133 2594; x_wconf 68' lang='lat' dir='ltr'>productionis:</span> <span class='ocrx_word' id='word_1_313' title='bbox 1159 2542 1236 2582; x_wconf 92' lang='lat' dir='ltr'>sed</span> <span class='ocrx_word' id='word_1_314' title='bbox 1255 2541 1372 2594; x_wconf 90' lang='lat' dir='ltr'>quod</span> <span class='ocrx_word' id='word_1_315' title='bbox 1391 2541 1501 2581; x_wconf 92' lang='lat' dir='ltr'>haec</span> <span class='ocrx_word' id='word_1_316' title='bbox 1521 2541 1610 2581; x_wconf 88' lang='lat' dir='ltr'>sint</span> <span class='ocrx_word' id='word_1_317' title='bbox 1627 2541 1742 2581; x_wconf 90' lang='lat' dir='ltr'>fetus</span> <span class='ocrx_word' id='word_1_318' title='bbox 1757 2541 1891 2581; x_wconf 90' lang='lat' dir='ltr'>animi</span> 
     </span>
     <span class='ocr_line' id='line_1_37' title="bbox 416 2602 1892 2656; baseline -0.001 -12"><span class='ocrx_word' id='word_1_319' title='bbox 416 2604 651 2656; x_wconf 89' lang='lat' dir='ltr'>gloriantis</span> <span class='ocrx_word' id='word_1_320' title='bbox 674 2610 719 2644; x_wconf 91' lang='lat' dir='ltr'>et</span> <span class='ocrx_word' id='word_1_321' title='bbox 743 2617 789 2643; x_wconf 90' lang='lat' dir='ltr'>se</span> <span class='ocrx_word' id='word_1_322' title='bbox 807 2602 1020 2655; x_wconf 61' lang='lat' dir='ltr'>jaStantis</span> <span class='ocrx_word' id='word_1_323' title='bbox 1043 2618 1101 2643; x_wconf 85' lang='lat' dir='ltr'>ex</span> <span class='ocrx_word' id='word_1_324' title='bbox 1120 2604 1343 2656; x_wconf 91' lang='lat' dir='ltr'>superiore</span> <span class='ocrx_word' id='word_1_325' title='bbox 1366 2603 1615 2643; x_wconf 89' lang='lat' dir='ltr'>eruditione</span> <span class='ocrx_word' id='word_1_326' title='bbox 1637 2616 1687 2643; x_wconf 91' lang='lat' dir='ltr'>ac</span> <span class='ocrx_word' id='word_1_327' title='bbox 1711 2603 1892 2655; x_wconf 89' lang='lat' dir='ltr'>ingenio</span> 
     </span>
     <span class='ocr_line' id='line_1_38' title="bbox 416 2665 1891 2719; baseline 0 -13"><span class='ocrx_word' id='word_1_328' title='bbox 416 2680 521 2719; x_wconf 87' lang='lat' dir='ltr'>prae</span> <span class='ocrx_word' id='word_1_329' title='bbox 552 2666 661 2714; x_wconf 86' lang='lat' dir='ltr'>aliis,</span> <span class='ocrx_word' id='word_1_330' title='bbox 687 2679 817 2718; x_wconf 89' lang='lat' dir='ltr'>supra</span> <span class='ocrx_word' id='word_1_331' title='bbox 848 2667 890 2705; x_wconf 91' lang='lat' dir='ltr'>in</span> <span class='ocrx_word' id='word_1_332' title='bbox 923 2665 1300 2719; x_wconf 80' lang='lat' dir='ltr'>explicationibus</span> <span class='ocrx_word' id='word_1_333' title='bbox 1331 2666 1528 2718; x_wconf 90' lang='lat' dir='ltr'>capitum</span> <span class='ocrx_word' id='word_1_334' title='bbox 1561 2665 1812 2705; x_wconf 90' lang='lat' dir='ltr'>duodecimi</span> <span class='ocrx_word' id='word_1_335' title='bbox 1843 2671 1891 2706; x_wconf 91' lang='lat' dir='ltr'>et</span> 
     </span>
     <span class='ocr_line' id='line_1_39' title="bbox 416 2727 1892 2780; baseline -0.001 -11"><span class='ocrx_word' id='word_1_336' title='bbox 416 2729 538 2769; x_wconf 88' lang='lat' dir='ltr'>tertii</span> <span class='ocrx_word' id='word_1_337' title='bbox 570 2729 730 2769; x_wconf 89' lang='lat' dir='ltr'>decimi</span> <span class='ocrx_word' id='word_1_338' title='bbox 762 2735 994 2768; x_wconf 89' lang='lat' dir='ltr'>ostensum</span> <span class='ocrx_word' id='word_1_339' title='bbox 1026 2735 1109 2768; x_wconf 87' lang='lat' dir='ltr'>est.</span> <span class='ocrx_word' id='word_1_340' title='bbox 1165 2727 1297 2780; x_wconf 80' lang='lat' dir='ltr'>Quod</span> <span class='ocrx_word' id='word_1_341' title='bbox 1329 2729 1372 2768; x_wconf 90' lang='lat' dir='ltr'>in</span> <span class='ocrx_word' id='word_1_342' title='bbox 1405 2727 1610 2768; x_wconf 89' lang='lat' dir='ltr'>Ecclesia</span> <span class='ocrx_word' id='word_1_343' title='bbox 1632 2727 1892 2780; x_wconf 88' lang='lat' dir='ltr'>Anglicana</span> 
     </span>
     <span class='ocr_line' id='line_1_40' title="bbox 416 2789 1889 2845; baseline -0.001 -13"><span class='ocrx_word' id='word_1_344' title='bbox 416 2805 595 2845; x_wconf 91' lang='lat' dir='ltr'>prorsus</span> <span class='ocrx_word' id='word_1_345' title='bbox 628 2791 758 2831; x_wconf 86' lang='lat' dir='ltr'>aliter</span> <span class='ocrx_word' id='word_1_346' title='bbox 793 2791 1008 2831; x_wconf 89' lang='lat' dir='ltr'>doceatur</span> <span class='ocrx_word' id='word_1_347' title='bbox 1041 2791 1145 2831; x_wconf 94' lang='lat' dir='ltr'>dum</span> <span class='ocrx_word' id='word_1_348' title='bbox 1179 2805 1236 2831; x_wconf 84' lang='lat' dir='ltr'>ex</span> <span class='ocrx_word' id='word_1_349' title='bbox 1269 2791 1438 2839; x_wconf 89' lang='lat' dir='ltr'>Verbo,</span> <span class='ocrx_word' id='word_1_350' title='bbox 1470 2796 1516 2831; x_wconf 88' lang='lat' dir='ltr'>et</span> <span class='ocrx_word' id='word_1_351' title='bbox 1548 2803 1636 2830; x_wconf 91' lang='lat' dir='ltr'>non</span> <span class='ocrx_word' id='word_1_352' title='bbox 1669 2789 1798 2830; x_wconf 88' lang='lat' dir='ltr'>simul</span> <span class='ocrx_word' id='word_1_353' title='bbox 1830 2803 1889 2839; x_wconf 75' lang='lat' dir='ltr'>ex</span> 
     </span>
     <span class='ocr_line' id='line_1_41' title="bbox 418 2852 1891 2909; baseline -0.001 -15"><span class='ocrx_word' id='word_1_354' title='bbox 418 2853 634 2902; x_wconf 58' lang='lat' dir='ltr'>dofftrina,</span> <span class='ocrx_word' id='word_1_355' title='bbox 669 2854 725 2893; x_wconf 91' lang='lat' dir='ltr'>ad</span> <span class='ocrx_word' id='word_1_356' title='bbox 762 2853 1148 2893; x_wconf 88' lang='lat' dir='ltr'>confirmationem</span> <span class='ocrx_word' id='word_1_357' title='bbox 1185 2853 1318 2909; x_wconf 80' lang='lat' dir='ltr'>velim</span> <span class='ocrx_word' id='word_1_358' title='bbox 1356 2853 1577 2893; x_wconf 87' lang='lat' dir='ltr'>adducere</span> <span class='ocrx_word' id='word_1_359' title='bbox 1613 2852 1656 2892; x_wconf 92' lang='lat' dir='ltr'>id</span> <span class='ocrx_word' id='word_1_360' title='bbox 1692 2852 1810 2905; x_wconf 91' lang='lat' dir='ltr'>quod</span> <span class='ocrx_word' id='word_1_361' title='bbox 1846 2852 1891 2892; x_wconf 87' lang='lat' dir='ltr'>in</span> 
     </span>
     <span class='ocr_line' id='line_1_42' title="bbox 417 2915 1890 2969; baseline -0.001 -12"><span class='ocrx_word' id='word_1_362' title='bbox 417 2917 607 2957; x_wconf 89' lang='lat' dir='ltr'>ecclesia</span> <span class='ocrx_word' id='word_1_363' title='bbox 628 2916 705 2956; x_wconf 87' lang='lat' dir='ltr'>illa</span> <span class='ocrx_word' id='word_1_364' title='bbox 727 2917 882 2969; x_wconf 80' lang='lat' dir='ltr'>quovis</span> <span class='ocrx_word' id='word_1_365' title='bbox 905 2917 974 2956; x_wconf 89' lang='lat' dir='ltr'>die</span> <span class='ocrx_word' id='word_1_366' title='bbox 1001 2916 1115 2956; x_wconf 82' lang='lat' dir='ltr'>festo</span> <span class='ocrx_word' id='word_1_367' title='bbox 1138 2916 1337 2964; x_wconf 91' lang='lat' dir='ltr'>docetur,</span> <span class='ocrx_word' id='word_1_368' title='bbox 1362 2922 1407 2956; x_wconf 91' lang='lat' dir='ltr'>et</span> <span class='ocrx_word' id='word_1_369' title='bbox 1434 2916 1490 2956; x_wconf 87' lang='lat' dir='ltr'>ab</span> <span class='ocrx_word' id='word_1_370' title='bbox 1515 2915 1601 2955; x_wconf 89' lang='lat' dir='ltr'>illis</span> <span class='ocrx_word' id='word_1_371' title='bbox 1627 2915 1790 2967; x_wconf 86' lang='lat' dir='ltr'>legitur</span> <span class='ocrx_word' id='word_1_372' title='bbox 1815 2915 1890 2968; x_wconf 89' lang='lat' dir='ltr'>qui</span> 
     </span>
     <span class='ocr_line' id='line_1_43' title="bbox 419 2978 1724 3031; baseline -0.002 -11"><span class='ocrx_word' id='word_1_373' title='bbox 419 2978 630 3020; x_wconf 73' lang='lat' dir='ltr'>Sanc‘tam</span> <span class='ocrx_word' id='word_1_374' title='bbox 663 2978 860 3019; x_wconf 87' lang='lat' dir='ltr'>Caenam</span> <span class='ocrx_word' id='word_1_375' title='bbox 894 2979 1088 3028; x_wconf 88' lang='lat' dir='ltr'>obeunt;</span> <span class='ocrx_word' id='word_1_376' title='bbox 1126 2992 1238 3031; x_wconf 89' lang='lat' dir='ltr'>quae</span> <span class='ocrx_word' id='word_1_377' title='bbox 1271 2985 1374 3018; x_wconf 92' lang='lat' dir='ltr'>sunt</span> <span class='ocrx_word' id='word_1_378' title='bbox 1407 2978 1638 3030; x_wconf 90' lang='lat' dir='ltr'>sequentia</span> <span class='ocrx_word' id='word_1_379' title='bbox 1655 2990 1724 3017; x_wconf 87' lang='lat'>:—</span> 
     </span>
    </p>
   </div>
  </div>
 </body>
</html>
