2054 3464
399 348 508 400 2098
813 355 1142 390 APOCALYPSIS
1173 357 1470 391 EXPLICATA.

397 469 602 510 similiter
627 469 698 510 hic
725 451 930 523 discipuli
956 477 1178 512 vocantur
1205 471 1445 520 “fratres‚'’
1472 472 1574 525 quia
1605 485 1682 525 per
1711 472 1881 514 “disci-

397 532 559 585 pulos’'
586 546 727 586 aeque
754 546 804 573 ac
838 546 916 586 per
945 533 1141 574 “fratres
1154 533 1173 548 ”
1200 534 1510 587 significantur
1532 547 1689 575 omnes
1720 535 1793 588 qui
1825 534 1883 576 ab

396 595 589 636 ecclesia
614 596 757 649 Ipsius
779 596 823 636 in
846 596 966 637 bono
990 595 1225 638 charitatis
1249 604 1366 638 sunt.
1428 597 1565 651 Apud
1587 597 1880 647 Matthaeum,

462 699 480 712 ‘⁴
493 698 727 738 Respondeas
749 697 826 729 Rex
845 698 933 729 dixit
953 698 1032 737 illis,
1052 698 1140 730 Dico
1158 699 1268 737 vobis,
1286 699 1322 730 in
1343 706 1512 740 quantum
1533 700 1667 731 fecistis
1683 699 1746 731 uni
1764 709 1808 731 ex
1826 699 1882 731 his

569 742 736 772 fratribus
754 742 843 773 meis
860 742 1027 780 minimis,
1047 742 1137 774 Mihi
1154 741 1318 774 fecistis''
1336 743 1430 782 (xxv.
1447 743 1502 782 40)
1517 754 1522 775 :

396 849 516 901 quod
548 849 612 889 illi
644 850 716 902 qui
748 849 867 890 bona
896 849 1132 890 charitatis
1158 851 1483 903 praestiterunt
1515 850 1586 891 hic
1620 850 1827 891 dicantur
1856 863 1883 892 a

396 911 593 952 Domino
623 910 861 959 “fratres,”
887 918 1070 953 constat
1102 927 1160 953 ex
1194 913 1568 966 praecedentibus
1594 914 1679 964 ibi;
1716 919 1764 954 at
1796 913 1882 954 sci-

396 974 562 1014 endum
585 981 654 1015 est
677 975 796 1028 quod
821 975 1054 1022 Dominus,
1075 977 1259 1016 tametsi
1281 975 1457 1016 illorum
1482 976 1614 1016 Pater
1636 982 1720 1024 est,
1741 989 1882 1029 usque

397 1038 601 1078 nominet
633 1037 734 1077 illos
765 1037 1011 1088 ‘.‘fratres;’'
1037 1038 1117 1078 sed
1149 1038 1326 1078 illorum
1359 1038 1492 1078 Pater
1523 1044 1592 1079 est
1625 1052 1684 1078 ex
1718 1038 1883 1079 Divino

397 1098 583 1148 Amore,
623 1100 702 1140 sed
745 1100 905 1140 Frater
940 1114 999 1140 ex
1042 1100 1206 1141 Divino
1243 1101 1363 1154 quod
1405 1101 1609 1154 procedit
1646 1115 1706 1141 ex
1750 1101 1881 1154 Ipso:

397 1175 532 1202 causa
564 1169 647 1210 est,
682 1163 784 1215 quia
821 1176 978 1203 omnes
1014 1163 1058 1203 in
1095 1163 1231 1204 caelis
1269 1170 1373 1204 sunt
1410 1164 1694 1216 receptiones
1733 1163 1884 1205 Divini

396 1225 515 1277 quod
541 1226 745 1278 procedit
772 1239 831 1265 ex
859 1226 978 1278 Ipso,
1008 1239 1059 1266 ac
1088 1225 1300 1266 Divinum
1327 1226 1446 1279 quod
1474 1226 1680 1279 procedit
1705 1240 1764 1267 ex
1788 1226 1882 1267 Do-

397 1289 533 1337 mino,
572 1288 693 1340 cujus
731 1289 1015 1341 receptiones
1052 1294 1170 1337 sunt,
1209 1295 1279 1329 est
1317 1288 1536 1328 Dominus
1574 1289 1618 1329 in
1655 1289 1796 1337 caelo,
1835 1296 1882 1331 et

396 1365 571 1404 quoque
603 1352 647 1391 in
680 1350 898 1400 ecclesia;
941 1357 988 1391 et
1024 1351 1110 1391 hoc
1144 1365 1235 1391 non
1273 1358 1343 1391 est
1375 1351 1525 1403 angeli
1557 1365 1639 1392 nec
1672 1351 1880 1401 hominis,

396 1413 475 1453 sed
503 1413 685 1453 Domini
708 1413 825 1466 apud
851 1413 979 1464 illos;
1013 1427 1148 1466 quare
1171 1413 1392 1454 Dominus
1415 1414 1559 1466 ipsum
1582 1414 1750 1454 bonum
1773 1413 1882 1455 cha-

395 1477 542 1517 ritatis
566 1476 683 1529 apud
711 1476 826 1524 illos,
855 1476 975 1529 quod
1002 1482 1072 1516 est
1099 1489 1240 1524 suum,
1268 1482 1403 1517 vocat
1431 1476 1663 1527 Fratrem;
1695 1477 1882 1530 proinde

397 1539 534 1579 etiam
566 1538 755 1591 angelos
788 1545 834 1579 et
866 1538 1086 1587 homines,
1121 1539 1222 1591 quia
1254 1545 1358 1579 sunt
1390 1537 1589 1591 subjecta
1619 1540 1882 1592 recipientia

395 1601 512 1642 illius
535 1602 653 1642 boni.
715 1602 884 1651 Verbo,
911 1602 1122 1642 Divinum
1145 1603 1409 1655 procedens
1434 1603 1552 1656 quod
1579 1609 1648 1644 est
1671 1603 1882 1646 Divinum

359 1696 363 1701 .
397 1664 580 1705 Domini
605 1665 649 1704 in
676 1664 828 1713 caelis,
857 1671 927 1705 est
954 1664 1165 1704 Divinum
1194 1670 1349 1705 natum
1376 1679 1401 1705 a
1428 1665 1625 1706 Domino
1651 1666 1695 1706 in
1726 1665 1880 1716 caelo;

398 1740 534 1779 quare
576 1741 634 1767 ex
676 1727 755 1768 illo
797 1727 975 1776 Divino,
1013 1727 1165 1779 angeli
1205 1727 1279 1780 qui
1320 1734 1424 1768 sunt
1465 1728 1732 1781 recipientes
1773 1727 1879 1781 ejus,

396 1796 617 1831 vocantur
651 1789 765 1829 “filii
803 1790 888 1830 Dei
906 1789 940 1840 ;”
976 1795 1022 1830 et
1060 1790 1161 1842 quia
1195 1789 1241 1830 hi
1277 1804 1335 1830 ex
1373 1789 1450 1830 illo
1483 1790 1648 1830 Divino
1684 1791 1802 1843 apud
1833 1803 1885 1833 se¹

396 1859 582 1906 recepto
600 1859 704 1893 sunt
722 1853 894 1901 fratres,
915 1858 984 1893 est
1004 1852 1224 1892 Dominus
1242 1853 1285 1892 in
1308 1852 1394 1891 illis
1412 1853 1485 1906 qui
1503 1852 1610 1892 dicit
1631 1852 1829 1893 “Frater
1845 1851 1881 1903 ;''

396 1915 548 1968 angeli
580 1916 697 1955 enim
735 1928 826 1955 non
858 1914 1100 1968 loquuntur
1135 1928 1194 1954 ex
1231 1928 1278 1954 se
1316 1915 1395 1954 sed
1431 1929 1490 1955 ex
1528 1915 1739 1963 Domino,
1772 1915 1879 1956 dum

399 1992 458 2018 ex
490 1978 610 2018 bono
642 1977 904 2018 charitatis:
947 1977 1050 2017 inde
1082 1990 1198 2016 nunc
1232 1983 1301 2017 est
1338 1977 1456 2030 quod
1489 1977 1708 2017 Dominus
1739 1977 1876 2026 dicat,

399 2040 489 2080 “In
522 2046 740 2093 quantum
771 2039 939 2080 fecistis
976 2040 1050 2079 uni
1087 2053 1146 2079 ex
1183 2039 1251 2079 his
1287 2039 1493 2080 fratribus
1528 2040 1637 2080 meis
1669 2040 1877 2089 minimis,

397 2103 508 2143 Mihi
534 2103 701 2143 fecistis
719 2101 753 2152 ;’'
785 2109 889 2142 sunt
920 2102 1072 2155 itaque
1104 2102 1223 2142 bona
1255 2102 1503 2151 charitatis,
1531 2117 1644 2156 quae
1675 2103 1719 2143 in
1751 2116 1879 2156 prae-

398 2166 662 2206 cedentibus
708 2171 1039 2212 enumerantur,
1087 2178 1200 2218 quae
1245 2165 1288 2205 in
1334 2179 1467 2205 sensu
1511 2165 1730 2218 spirituali
1774 2171 1880 2207 sunt

398 2229 581 2269 Domini
602 2228 773 2275 fratres,
799 2234 844 2267 et
867 2241 980 2280 quae
1004 2234 1187 2280 propter
1208 2226 1483 2280 praedictam
1507 2241 1688 2268 causam
1711 2241 1879 2269 vocan-

396 2298 468 2332 tur
492 2304 518 2331 a
545 2290 742 2331 Domino
767 2290 961 2330 “fratres
978 2289 1012 2330 :’'
1044 2304 1121 2343 per
1146 2294 1170 2310 “
1186 2290 1392 2343 Regem'’
1415 2292 1566 2339 etiam,
1591 2291 1663 2344 qui
1688 2292 1753 2332 ita
1777 2291 1879 2332 illos

396 2360 547 2403 vocat,
591 2352 868 2406 significatur
909 2353 1120 2393 Divinum
1165 2354 1429 2406 procedens,
1472 2354 1591 2407 quod
1637 2368 1724 2394 una
1767 2367 1879 2395 voce

395 2424 585 2458 vocatur
611 2417 822 2457 Divinum
849 2416 1033 2464 Verum,
1062 2430 1139 2456 seu
1172 2416 1382 2456 Divinum
1409 2416 1653 2470 spirituale,
1681 2417 1801 2470 quod
1832 2418 1878 2458 in

396 2494 474 2520 sua
500 2480 697 2520 essentia
728 2485 799 2519 est
830 2479 998 2518 bonum
1026 2478 1273 2518 charitatis.
1336 2478 1604 2519 Tenendum
1630 2479 1782 2532 itaque
1807 2485 1878 2520 est

395 2542 514 2595 quod
548 2541 767 2581 Dominus
800 2554 889 2580 non
921 2541 1151 2580 vocaverit
1183 2540 1284 2580 illos
1319 2540 1545 2581 “fratres‘'
1577 2555 1636 2581 ex
1673 2555 1727 2581 eo
1758 2541 1878 2595 quod

396 2605 500 2658 Ipse
529 2604 681 2644 Homo
708 2603 838 2643 fuerit
860 2603 975 2643 sicut
1001 2602 1079 2651 illi,
1103 2602 1348 2643 secundum
1371 2603 1628 2655 opinionem
1654 2604 1698 2643 in
1725 2603 1877 2644 Chris-

395 2669 521 2708 tiano
544 2668 651 2708 orbe
673 2673 902 2719 receptam
922 2680 931 2716 ;
958 2680 1017 2706 ex
1041 2679 1128 2719 quo
1151 2666 1350 2718 sequitur
1367 2666 1486 2718 quod
1509 2666 1610 2706 ideo
1628 2680 1719 2707 non
1742 2667 1877 2708 liceat

394 2731 525 2771 alicui
560 2730 730 2770 homini
767 2742 930 2769 vocare
967 2729 1210 2768 Dominum
1241 2728 1449 2778 fratrem;
1491 2734 1560 2768 est
1598 2730 1715 2770 enim
1754 2729 1877 2770 Deus

394 2794 531 2833 etiam
562 2792 710 2846 quoad
743 2791 1018 2840 Humanum,
1053 2797 1099 2832 et
1132 2791 1254 2831 Deus
1286 2804 1376 2830 non
1409 2797 1478 2831 est
1511 2791 1659 2840 frater,
1693 2792 1772 2832 sed
1804 2798 1875 2833 est

394 2856 538 2896 Pater.
601 2854 734 2908 Quod
768 2854 987 2895 Dominus
1019 2854 1193 2894 dicatur
1223 2853 1358 2893 frater
1389 2854 1431 2893 in
1464 2854 1666 2894 ecclesiis
1702 2855 1747 2894 in
1783 2860 1874 2895 ter-

392 2919 464 2966 ris,
492 2924 561 2958 est
589 2918 690 2971 quia
715 2917 770 2957 de
799 2917 1012 2957 Humano
1039 2916 1180 2969 Ipsius
1208 2929 1297 2956 non
1323 2915 1456 2956 aliam
1483 2917 1629 2957 ideam
1656 2923 1873 2970 captave-

392 2986 495 3021 runt
532 2994 665 3034 quam
706 2981 820 3021 sicut
858 2979 913 3020 de
950 2977 1147 3020 humano
1183 2978 1294 3019 alius
1331 2978 1539 3028 hominis,
1580 2993 1679 3020 cum
1717 2985 1870 3021 tamen
