2054 3464
589 369 696 404 CAP.
720 370 844 411 xm„
867 370 1006 403 VERs.
1036 370 1178 403 1.—N.
1202 370 1298 415 774.
1582 369 1694 414 2157

98 449 124 478 f

183 470 307 529 {nde
337 490 467 540 patet
491 484 613 540 quod
643 485 689 526 id
715 484 998 526 ratiocinium
1031 476 1088 527 sit
1120 499 1180 527 ex
1205 484 1341 534 salsis,
1370 483 1695 539 profluentibus

98 542 254 618 {Vix
282 548 484 598 fallaciis,
512 562 627 603 quae
659 561 818 590 omnes
849 554 954 589 sunt
986 562 1045 589 ex
1077 548 1271 590 naturali
1303 547 1498 589 homine.
1560 547 1694 588 Prae-

61 620 66 626 ⁶
87 608 162 670 ‘es
187 613 319 655 zei-ea
341 625 435 654 non
465 626 526 654 ex
551 626 660 654 vero
691 619 761 654 est
793 612 914 666 quod
942 612 1110 653 malum
1137 612 1459 654 hereditarium
1485 611 1695 652 universo

98 670 150 725 ζῷ’
171 710 174 712 ,
191 676 347 730 'generi
369 675 567 717 humano
585 676 902 729 ingeneratum
917 676 974 717 sit
993 689 1072 729 per
1089 675 1265 730 lapsum
1284 675 1454 717 Adami
1470 689 1480 727 3
1513 674 1694 715 aliunde

96 732 163 797 '‘g'‘
190 743 263 781 est
287 737 381 792 ejus
406 739 547 792 origo.

280 805 363 861 (ii.)
410 805 539 857 Quod
558 805 660 847 inde
683 806 746 847 sit
772 806 893 860 quod
916 805 1043 847 lzomo
1070 806 1320 847 nullatenus
1340 805 1490 859 possit
1514 804 1697 858 implere

189 868 341 925 laegem,
369 876 442 912 est
473 877 650 924 quoque
677 870 961 911 ratiocinium
987 884 1046 912 ex
1079 870 1273 911 naturali
1299 870 1495 911 homine.
1556 867 1694 923 Spiri-

102 927 161 978 '⁴22
190 931 326 981 tualis
351 932 490 975 homo
516 934 643 974 novit
675 933 796 987 quod
827 933 973 974 facere
1006 933 1169 987 legem,
1198 940 1245 974 et
1277 932 1463 986 implere
1495 931 1619 973 illam
1650 932 1695 973 in

170 1002 386 1051 externa
409 995 566 1046 forma,
595 1010 685 1037 non
714 996 887 1048 salvet3
925 996 1006 1037 sed
1032 996 1152 1050 quod
1180 1003 1399 1050 quantum
1426 997 1563 1037 homo
1589 995 1695 1037 facit

96 1055 149 1113 A}
190 1057 344 1113 legem
365 1060 410 1100 in
430 1065 627 1101 externa
649 1059 792 1100 forma
814 1073 874 1100 ex
897 1059 1090 1108 interna,
1111 1059 1270 1101 salvet.
1333 1059 1520 1100 Interna
1537 1058 1693 1108 forma,

97 1128 149 1180 ρ,
192 1134 271 1164 seu
296 1122 524 1164 internum
547 1122 675 1176 legis,
700 1129 770 1164 est
792 1136 944 1164 amare
965 1122 1150 1171 bonum,
1176 1123 1399 1164 sincerum
1426 1128 1472 1163 et
1494 1122 1693 1175 justum;

93 1179 149 1242 ’,ζ’
190 1190 240 1227 et
265 1191 508 1227 externum
534 1186 634 1239 ‘ejus
665 1187 736 1228 est
767 1186 915 1228 facere
946 1186 1047 1228 illa:
1085 1186 1172 1228 hoc
1205 1187 1270 1227 ita
1302 1186 1438 1227 docet
1471 1185 1695 1226 Dominus

107 1243 157 1290 ῖ.’
191 1249 312 1304 apud
335 1249 632 1300 Matthaeum,

178 1339 179 1343 ’
258 1347 278 1362 “
289 1346 408 1423 Purgla
423 1347 520 1430 priuis
537 1347 718 1432 interncgm
737 1347 855 1388 poculi
872 1353 907 1380 et
923 1347 1077 1389 patinae,
1097 1352 1136 1379 ut
1156 1346 1215 1379 fiat
1232 1347 1338 1379 etiam
1359 1353 1563 1379 externum.
1578 1355 1697 1379 ,mun-

107 1399 150 1421 2'2-
391 1400 452 1423 um
510 1401 607 1424 xxm.
629 1399 647 1423 2
686 1415 694 1424 .

92 1484 138 1544 ’.ζ’
192 1488 428 1544 Quantum
445 1480 606 1532 'homo
646 1491 704 1532 ab
741 1491 920 1533 interno
960 1491 1066 1532 facit
1108 1490 1273 1545 legem,
1312 1497 1493 1532 tantum
1534 1490 1695 1544 implet

83 1559 138 1611 ³3}
190 1553 345 1606 illam3
387 1568 479 1596 non
510 1561 664 1596 autem
696 1561 917 1609 quantum
954 1555 1012 1596 ab
1049 1561 1244 1596 externo
1281 1554 1450 1608 absque
1487 1555 1694 1606 interno;

111 1639 149 1668 4·
190 1617 421 1669 internum
456 1617 650 1660 hominis
685 1624 756 1659 est
798 1617 892 1671 ejus
932 1631 1059 1660 arnor
1095 1625 1141 1660 et
1177 1617 1414 1659 voluntas:
1458 1624 1506 1659 at
1542 1631 1695 1659 amare

92 1667 143 1738 ’ἷχχ
191 1678 377 1731 bonum,
404 1681 628 1723 sincerum
660 1687 707 1722 et
734 1681 920 1735 justum,
949 1687 996 1722 et
1029 1695 1088 1722 ex
1121 1694 1272 1722 amore
1299 1680 1417 1722 velle
1449 1680 1539 1730 illa,
1567 1687 1638 1723 est
1669 1695 1696 1722 a

192 1741 293 1788 solo
322 1743 548 1796 Domin0;
575 1759 719 1799 quare
755 1745 858 1786 duci
894 1758 922 1785 a
965 1744 1165 1786 Domino
1201 1751 1271 1786 est
1310 1744 1496 1798 implere
1529 1744 1694 1798 legem.

174 1804 284 1848 ‘Sed
314 1806 426 1849 haec
459 1807 635 1861 plenius
660 1807 930 1850 illustranda
956 1814 1060 1850 sunt
1087 1809 1131 1849 in
1158 1808 1466 1862 sequentibus.

84 1928 93 1935 ,
117 1921 133 1933 Δ,
281 1873 378 1928 (iii.)
417 1873 547 1925 Quod
570 1874 735 1928 absque
764 1874 1012 1928 impletione
1041 1874 1152 1928 legis
1183 1874 1306 1915 nulla
1336 1874 1475 1924 salus,
1504 1874 1695 1917 involvit

70 1933 134 1993 ”;’;ζ“
190 1937 313 1992 quod
331 1938 368 1979 si
388 1937 526 1979 homo
543 1939 767 1991 potuisset
789 1937 977 1992 implere
996 1937 1146 1991 legem
1164 1952 1190 1979 a
1207 1952 1269 1986 se,
1290 1937 1553 1987 salvaretur,
1573 1939 1695 1993 quod

124 2022 127 2024 ·
191 2006 348 2042 tamen
373 2001 416 2042 in
443 2015 492 2043 se
516 2007 586 2042 est
609 2001 796 2053 salsum3
829 2009 875 2043 et
898 2002 1001 2056 quia
1025 2001 1185 2042 falsum
1209 2008 1292 2050 est,
1317 2008 1366 2042 ut
1393 2015 1531 2055 usque
1554 2015 1695 2055 appa-

192 2070 290 2107 reat
313 2065 430 2106 sicut
451 2078 621 2114 verum,
646 2066 749 2119 quia
774 2071 844 2106 est
867 2065 1037 2118 dogma
1062 2071 1309 2119 receptum,
1335 2064 1694 2107 confirmandum

148 2124 265 2170 sest
296 2139 376 2182 per
403 2129 640 2170 ratiocinia
670 2143 730 2169 ex
762 2128 957 2170 naturali
993 2128 1188 2169 homine.
1250 2127 1386 2181 Quod
1422 2128 1583 2169 falsum
1620 2130 1692 2179 sit,

119 2202 122 2213 ·
191 2198 321 2247 patet
343 2205 403 2234 ex
426 2206 494 2242 eo,
514 2193 636 2246 quod
653 2192 791 2234 homo
809 2206 899 2234 non
918 2192 1100 2246 aliquod
1118 2192 1287 2233 bonum
1304 2192 1450 2233 facere
1469 2193 1612 2246 possit
1634 2207 1694 2234 ex

190 2269 255 2306 se,
275 2255 356 2298 sed
377 2255 499 2310 quod
517 2269 652 2297 omne
674 2255 843 2297 bonum
865 2257 923 2297 sit
945 2270 971 2297 a
993 2256 1205 2304 Domino,
1226 2262 1272 2297 et
1295 2256 1416 2310 quod
1444 2253 1573 2311 [non]
1600 2256 1695 2298 dari

83 2313 133 2387 ’Δ
194 2320 338 2374 possit
360 2319 465 2361 talis
482 2320 759 2373 integritatis
777 2326 937 2369 status,
957 2326 1006 2361 ut
1029 2319 1212 2374 aliquod
1235 2319 1418 2368 bonum,
1439 2319 1558 2374 quod
1585 2320 1629 2360 in
1647 2334 1695 2362 se

192 2383 364 2425 bonum
380 2389 466 2433 est,
486 2384 543 2424 sit
561 2390 608 2424 et
626 2382 704 2424 fiat
722 2384 779 2424 ab
801 2383 997 2432 homine,
1017 2390 1066 2424 ut
1089 2396 1222 2437 supra
1244 2383 1300 2424 de
1323 2382 1508 2424 Adamo
1526 2382 1695 2425 dictum

193 2452 292 2498 est;
324 2453 372 2488 et
401 2447 505 2501 quia
538 2446 641 2488 talis
674 2447 951 2500 integritatis
985 2453 1131 2488 status
1165 2460 1255 2487 non
1290 2447 1384 2487 dari
1418 2453 1586 2500 potest,
1611 2460 1694 2488 nec

83 2511 94 2552 ἑ
126 2508 131 2513 ’
193 2522 383 2565 usquam
402 2509 535 2552 datus
552 2517 636 2559 est,
658 2511 858 2564 sequitur
872 2510 992 2564 quod
1011 2510 1088 2551 lex
1105 2510 1337 2563 implenda
1356 2511 1413 2551 sit
1436 2524 1460 2550 a
1480 2510 1693 2559 Domino,

99 2570 107 2581 ⁴
193 2573 444 2615 secundum
474 2573 552 2614 illa
578 2587 692 2628 quae
724 2587 833 2615 mox
867 2587 1000 2627 supra
1030 2571 1152 2615 dicta
1183 2579 1301 2615 sunt.
1362 2573 1588 2615 Attamen
1621 2574 1695 2628 qui

194 2637 326 2680 aliter
357 2637 500 2679 credit
534 2650 669 2692 quam
701 2637 822 2691 quod
854 2637 991 2678 homo
1022 2635 1217 2679 facturus
1249 2638 1306 2678 sit
1338 2638 1491 2678 omnia
1522 2638 1638 2678 sicut
1669 2651 1696 2678 a

93 2711 118 2747 .‹‘i
153 2694 255 2750 sse,
281 2701 465 2742 tametsi
490 2700 533 2741 id
559 2700 667 2742 facit
694 2714 720 2741 a
747 2700 959 2750 Domino,
988 2700 1181 2742 multum
1207 2700 1387 2741 fallitur.

115 2758 125 2774 ⁵
281 2765 378 2820 (iv.)
410 2765 539 2817 Quod
553 2766 770 2807 Dominus
787 2766 833 2807 z’n
854 2766 1063 2808 mundum
1076 2766 1247 2807 venerit
1262 2773 1310 2807 ut
1325 2766 1528 2820 impleret
1543 2766 1691 2820 legem,

103 2877 108 2885 ,
193 2836 237 2872 et
256 2830 320 2872 sic
339 2829 492 2882 Ipsius
498 2829 687 2884 justitia
707 2836 751 2870 et
771 2829 975 2871 meritum
996 2830 1295 2883 imputaretur
1314 2829 1495 2878 lzomz'ni,
1519 2837 1560 2871 et
1580 2830 1701 2884 quod

187 2900 275 2948 per
295 2892 611 2946 imputationen
636 2893 763 2934 illam
788 2892 913 2934 lzomo
934 2893 1103 2934 solutus
1129 2893 1195 2934 sit
1223 2908 1251 2934 a
1266 2893 1381 2947 jugo
1407 2893 1529 2947 legis,
1558 2907 1695 2947 usque

193 2963 243 2998 ut
257 2963 364 3010 post
372 2956 737 3012 justificationem
754 2963 841 3009 per
860 2956 1001 2998 solam
1014 2956 1155 3011 fidem
1177 2956 1295 2997 nihil
1310 2971 1406 2997 eum
1429 2956 1689 3007 condemnet,

192 3025 265 3061 est
287 3032 464 3073 quoque
487 3019 769 3060 ratiocinium
793 3033 851 3061 ex
876 3019 1068 3062 naturali
1093 3019 1287 3061 homine.
1350 3019 1572 3061 Dominus
1599 3021 1700 3061 non'
