2008 3458
378 373 487 425 2438
788 380 1119 414 APOCALYPSIS
1151 381 1449 414 EXPLICATA.

378 498 524 533 morte
560 493 702 545 prima
737 498 782 532 et
819 493 874 532 de
914 498 1061 533 morte
1096 493 1309 541 secunda,
1345 507 1459 547 quae
1495 492 1632 533 etiam
1665 498 1856 535 vocatur

377 554 644 595 resurrectio
662 555 805 607 prima
827 562 872 595 et
898 554 1204 595 [¹]resurre6tio
1226 556 1427 595 secunda
1446 554 1563 608 (cap.
1586 555 1627 595 ii.
1654 565 1698 595 11
1719 569 1730 606 3
1755 567 1854 608 cap.

377 617 473 656 xxi.
497 616 541 669 8)
562 630 571 666 ;
603 622 699 656 tum
725 617 863 657 etiam
886 617 1005 669 apud
1026 617 1261 665 Davidem,

459 709 647 739 “Pretiosa
664 709 698 739 in
717 709 826 739 oculis
843 708 1000 749 Jehovae
1021 719 1115 740 mors
1133 708 1338 740 sanctorum
1358 709 1473 750 Ipsius
1485 709 1502 721 ”
1515 709 1587 749 (Ps.
1602 709 1689 741 cxvi.
1706 708 1777 750 15):

375 794 495 846 quod
524 798 683 833 “mors
709 794 1002 834 sanctorum⁷’
1025 807 1114 834 non
1142 795 1366 847 significet
1393 795 1751 844 damnationem,
1773 794 1853 835 sed

375 856 709 908 separationem
747 862 792 896 et
810 857 1112 896 remotionem
1153 857 1487 897 immundorum
1527 857 1711 910 spiritus
1749 855 1853 897 illo-

374 931 485 965 rum,
512 918 576 957 ita
602 920 998 970 regenerationem
1024 925 1070 959 et
1095 919 1484 968 resurrefflonem,
1512 925 1655 972 patet.
1713 918 1780 960 Ut
1803 924 1853 960 et

374 981 493 1033 apud
515 981 782 1030 Jolmnnem,

437 1066 540 1108 Jesus
565 1067 661 1105 dixit,
681 1067 786 1098 “Nisi
810 1077 961 1108 granum
982 1068 1086 1099 tritici
1111 1069 1144 1099 in
1170 1074 1298 1099 terram
1319 1068 1448 1099 cadens
1473 1068 1653 1106 moriatur,
1680 1067 1715 1100 id
1735 1067 1854 1100 solum

545 1117 683 1148 manet;
708 1111 737 1142 si
755 1121 839 1142 vero
859 1112 1037 1149 moriatur,
1056 1112 1204 1142 multum
1219 1110 1370 1143 fructum
1388 1111 1483 1142 fert'’
1500 1112 1570 1151 (xii.
1589 1113 1663 1151 24):

374 1195 518 1236 simile
536 1196 673 1236 etiam
693 1202 762 1236 est
786 1210 886 1236 cum
905 1197 1102 1245 homine,
1122 1198 1195 1250 qui
1213 1197 1360 1250 quoad
1379 1210 1542 1250 corpus
1564 1197 1676 1238 mori
1698 1197 1850 1246 debet,

373 1264 420 1298 ut
447 1265 668 1311 resurgat,
693 1266 738 1299 et
761 1259 909 1312 quoad
933 1260 1160 1312 proprium
1183 1273 1326 1307 suum,
1346 1260 1466 1312 quod
1488 1260 1530 1299 in
1553 1273 1602 1300 se
1624 1265 1694 1300 est
1717 1259 1852 1300 infer·

373 1320 503 1371 nale;
546 1334 650 1360 nam
691 1322 773 1361 nisi
811 1321 922 1361 illud
962 1328 1008 1362 et
1044 1322 1130 1362 hoc
1167 1322 1370 1369 moritur,
1405 1335 1496 1361 non
1534 1321 1675 1362 habet
1713 1321 1852 1363 homo

372 1382 511 1421 vitam
542 1383 668 1423 caeli.
728 1383 954 1435 Quoniam
985 1383 1192 1423 homines
1222 1390 1464 1436 resurgunt
1500 1390 1604 1437 post
1639 1389 1850 1432 mortem,

372 1444 474 1484 ideo
493 1445 713 1485 Dominus
733 1445 874 1486 voluit
890 1452 1083 1486 mortem
1102 1446 1263 1494 subire,
1281 1452 1326 1485 et
1345 1446 1483 1486 tertio
1500 1446 1571 1486 die
1589 1458 1823 1498 resurgere
1841 1459 1850 1496 ;

372 1507 452 1546 sed
483 1514 670 1560 propter
700 1521 898 1555 causam,
926 1514 974 1548 ut
1005 1521 1139 1548 omne
1175 1508 1435 1556 humanum,
1465 1509 1584 1561 quod
1615 1522 1674 1548 ex
1705 1514 1852 1549 matre

373 1568 464 1620 Ipsi
495 1569 589 1617 fuit,
617 1576 820 1618 exueret,
848 1583 899 1610 ac
931 1570 1144 1610 Divinum
1177 1570 1439 1610 Humanum
1469 1570 1705 1620 indueret;
1746 1583 1851 1611 nam

372 1643 505 1670 omne
546 1631 792 1671 humanum
833 1632 953 1685 quod
995 1632 1215 1672 Dominus
1251 1646 1310 1672 ex
1346 1639 1491 1672 matre
1528 1633 1741 1685 suscepit,
1773 1645 1852 1685 per

371 1694 669 1742 tentationes,
697 1701 742 1734 et
774 1694 955 1734 demum
986 1708 1065 1747 per
1090 1700 1300 1742 mortem,
1328 1708 1352 1734 a
1383 1694 1440 1735 Se
1471 1693 1654 1746 rejecit3
1690 1707 1742 1736 ac
1773 1707 1852 1748 per

371 1756 667 1796 induitionem
705 1757 905 1796 Humani
939 1771 998 1797 ex
1033 1758 1131 1809 ipso
1167 1757 1347 1804 Divino,
1379 1758 1500 1810 quod
1533 1757 1612 1797 fuit
1646 1757 1691 1797 in
1726 1757 1848 1810 Ipso,

370 1817 642 1869 glorificavit
674 1818 745 1866 Se,
778 1818 864 1858 hoc
901 1825 986 1867 est,
1016 1819 1277 1858 Humanum
1309 1832 1436 1859 suum
1469 1819 1680 1859 Divinum
1715 1818 1848 1860 fecit:

370 1880 474 1919 inde
505 1886 575 1920 est
602 1881 721 1932 quod
745 1881 1103 1933 per“mortem’'
1123 1881 1266 1934 Ipsius
1292 1888 1337 1921 et
1363 1895 1442 1934 per
1462 1881 1818 1934 “sepelitionem
1830 1878 1851 1895 ’'

370 1943 411 1981 in
439 1943 568 1982 caelo
595 1957 683 1983 non
710 1943 994 1996 intelligatur
1019 1957 1140 1984 mors
1166 1950 1212 1984 et
1239 1944 1462 1996 sepelitio,
1490 1944 1570 1984 sed
1598 1943 1851 1997 purificatio

372 2004 571 2044 Humani
598 2005 756 2057 Ipsius,
781 2012 826 2045 et
852 2005 1150 2058 glorificatio:
1183 2006 1303 2058 quod
1329 2007 1393 2046 ita
1418 2007 1489 2054 sit,
1518 2005 1740 2046 Dominus
1767 2005 1848 2046 do-

370 2067 460 2106 cuit
486 2080 565 2119 per
591 2068 980 2119 comparationem
1010 2067 1133 2107 illam
1165 2081 1264 2108 cum
1291 2068 1442 2108 tritico
1468 2068 1663 2108 cadente
1688 2068 1731 2108 in
1756 2073 1848 2108 ter-

369 2141 479 2176 ram,
507 2129 626 2181 quod
661 2130 965 2169 “moriturum
1001 2130 1058 2169 sit
1089 2136 1138 2170 ut
1168 2129 1358 2170 fructum
1388 2130 1502 2170 ferat
1521 2129 1556 2169 :’'
1585 2130 1724 2170 etiam
1754 2129 1850 2170 tale

370 2190 561 2231 involvit
587 2191 706 2243 quod
731 2191 953 2231 Dominus
976 2192 1093 2231 dixit
1116 2192 1172 2232 ad
1195 2192 1385 2232 Mariam
1408 2191 1750 2244 Magdalenam,

435 2284 516 2315 “Ne
537 2294 593 2315 me
614 2291 729 2325 tange,
749 2285 905 2316 nondum
923 2285 1018 2316 enim
1038 2286 1180 2316 ascendi
1198 2286 1241 2317 ad
1264 2286 1403 2317 Patrem
1425 2285 1570 2317 meum”
1586 2285 1683 2328 (Joh.
1699 2295 1756 2317 xx.
1777 2285 1847 2326 17):

369 2371 748 2422 per“ascendere
770 2371 827 2410 ad
850 2371 1030 2411 Patrem
1047 2371 1490 2424 suum”intelligitur
1506 2372 1650 2412 unitio
1673 2371 1847 2412 Huma-

370 2434 413 2473 ni
439 2434 504 2473 sui
530 2446 630 2473 cum
658 2434 822 2488 Divino
848 2448 942 2482 suo,
969 2434 1167 2474 humano
1193 2448 1251 2474 ex
1278 2441 1422 2475 matre
1449 2434 1582 2487 plene
1607 2433 1789 2487 reject-o.

450 2507 592 2547 900.
620 2496 766 2535 “Immo
778 2496 876 2536 dicit
885 2496 1070 2548 Spiritus,
1085 2500 1131 2536 ut
1140 2497 1405 2549 requiescant
1415 2511 1440 2536 α
1452 2497 1654 2537 laboribus
1667 2496 1850 2538 suis.''—

370 2557 504 2609 Quod
527 2558 750 2610 significet
768 2559 887 2611 quod
901 2559 998 2599 illis
1020 2573 1101 2599 non
1118 2559 1313 2611 amplius
1324 2565 1479 2611 pugna
1494 2566 1646 2600 contra
1666 2558 1787 2600 mala
1805 2564 1849 2599 et

357 2620 504 2670 salsa,
528 2634 577 2660 ac
596 2620 828 2671 infestatio
849 2620 903 2660 ab
924 2620 1034 2668 illis,
1059 2627 1240 2661 constat
1263 2634 1321 2661 ex
1344 2620 1675 2672 significatione
1695 2620 1845 2661 “dicit

370 2681 600 2733 Spiritus‚”
619 2682 738 2735 quod
764 2683 822 2722 sit
848 2683 1128 2722 asseveratio
1154 2682 1272 2735 quod
1298 2695 1453 2722 verum
1479 2683 1550 2730 sit,
1570 2696 1648 2735 per
1667 2686 1845 2735 “ange-

369 2743 493 2783 lum''
529 2744 648 2783 enim
689 2744 966 2796 significatur
1004 2758 1159 2785 verum
1203 2759 1227 2784 a
1268 2745 1479 2793 Domino,
1521 2744 1727 2785 similiter
1765 2759 1847 2799 per

371 2805 625 2858 “Spiritum
645 2806 678 2854 ;”
700 2820 759 2846 ex
775 2806 1104 2858 significatione
1123 2811 1147 2827 “
1162 2806 1407 2853 laborum,’'
1422 2807 1542 2859 quod
1558 2807 1648 2847 sint
1665 2820 1845 2859 pugnae

369 2874 529 2907 contra
560 2868 680 2908 mala
711 2874 757 2908 et
788 2868 915 2916 falsa,
948 2882 998 2909 ac
1028 2869 1344 2909 infestationes
1376 2869 1433 2908 ab
1467 2868 1568 2916 illis,
1599 2869 1664 2912 ita
1692 2875 1843 2910 tenta-

368 2930 514 2969 tiones
541 2940 595 2978 (de
614 2949 678 2977 qua
697 2940 878 2980 sequitur);
910 2931 1013 2970 inde
1042 2931 1358 2983 “requiescere
1389 2931 1445 2970 ab
1475 2930 1594 2970 illis''
1619 2930 1845 2983 significat

368 2992 486 3043 quod
506 3005 595 3031 non
618 2992 810 3045 amplius
832 2993 875 3032 in
898 2992 985 3033 illis
1007 2998 1136 3033 erunt
1155 3007 1164 3044 3
1192 2993 1295 3033 inde
1313 2998 1441 3046 patet
1458 2992 1578 3046 quod
1595 3006 1674 3046 per
1688 2992 1842 3034 “Dicit
