2098 3476
374 356 478 410 1936
779 363 1109 407 APOCALYPSIS
1140 363 1437 395 EXPLICATA.

366 479 470 519 bum
497 478 610 519 Dei”
633 477 906 530 significatur
932 478 1101 518 discere
1127 491 1232 518 vera
1258 491 1316 517 ex
1343 476 1511 526 Verbo,
1536 482 1582 518 et
1608 490 1686 530 per
1710 479 1846 518 “cus-

365 542 510 582 todire
554 541 661 581 illud
678 541 695 555 ’'
739 540 1013 593 significatur
1057 541 1204 580 vivere
1250 539 1495 580 secundum
1541 539 1628 581 illa.
1707 539 1846 592 Apud

365 604 629 653 Jolaannem,

430 693 569 724 ‘'Dixit.
585 717 592 724 .
606 693 847 730 ,Nicodemus‚
869 692 1058 733 Quomodo
1079 698 1195 731 potest
1219 692 1327 723 homo
1347 692 1510 732 generari
1533 701 1612 723 cum
1637 701 1749 723 senex
1771 691 1849 724 est?

537 735 652 767 111N0n
671 742 788 776 potest
804 737 839 766 in
857 743 994 766 uterum
1010 736 1132 766 matris
1150 745 1233 766 suae
1247 735 1441 766 secundum
1456 735 1602 775 ingredi.
1651 734 1848 775 Respondit

535 779 649 820 Jesus,
664 780 795 810 Amen.
811 779 903 810 ,dico
918 778 989 816 tibi,
1005 778 1071 809 nisi
1087 778 1163 818 quis
1179 785 1368 818 generatus
1382 778 1487 809 fuerit
1500 788 1544 809 ex
1560 788 1652 818 aqua
1664 784 1699 809 et
1711 778 1846 818 spiritu,

536 833 607 853 non
633 828 749 862 potest
773 822 910 861 ingredi
939 822 973 852 in
999 831 1147 861 regnum
1162 821 1179 832 '⁷
1203 822 1402 859 caelorum;
1432 822 1555 862 “quod
1580 827 1702 853 natum
1727 827 1781 853 est
1803 831 1848 854 ex

534 876 639 896 carne
659 875 740 896 caro
760 873 823 904 est,
844 865 905 896 sed
926 866 1018 906 quod
1037 871 1245 905 generatum
1266 870 1320 896 est
1339 875 1360 895 a
1379 865 1503 905 spiritu
1520 865 1663 905 spiritus
1682 863 1766 896 est'’
1785 864 1846 904 (iii.

535 909 612 948 4-6)
625 920 631 940 :

362 995 480 1048 quod
500 994 771 1034 Nicodemus
790 1007 868 1046 pro
886 994 1180 1046 generatione
1199 993 1427 1045 spirituali,
1448 993 1503 1033 de
1525 1006 1611 1046 qua
1629 992 1847 1034 Dominus

362 1058 536 1098 locutus
577 1064 658 1105 est,
698 1056 973 1097 intellexerit
1014 1057 1354 1108 generationem
1394 1056 1658 1104 naturalem,
1692 1061 1844 1108 patet;

361 1134 494 1172 quare
518 1119 735 1172 Dominus
757 1119 892 1159 docet
916 1118 1039 1158 illum
1066 1118 1121 1158 de
1148 1119 1501 1171 regeneratione,
1525 1118 1645 1171 quod
1670 1117 1747 1158 illa
1768 1116 1846 1158 fiat

361 1196 437 1234 per
463 1197 566 1222 vera
592 1196 650 1222 ex
673 1182 826 1222 Verbo
852 1188 897 1222 et
924 1195 1001 1233 per
1023 1182 1160 1221 vitam
1184 1181 1428 1221 secundum
1451 1180 1539 1229 illa,
1564 1180 1684 1233 quod
1707 1180 1846 1232 signi-

360 1244 516 1285 ficatur
553 1258 630 1297 per
669 1245 908 1296 “generari
944 1257 1059 1296 aqua
1094 1251 1140 1284 et
1177 1244 1331 1295 spiritu
1349 1243 1382 1294 ;''
1429 1242 1609 1296 “aqua’'
1645 1243 1764 1283 enim
1799 1243 1844 1283 in

360 1307 575 1359 spirituali
612 1320 743 1347 sensu
779 1314 848 1346 est
885 1319 1037 1346 verum
1074 1320 1132 1346 ex
1171 1305 1338 1354 Verbo,
1372 1311 1418 1345 et
1457 1303 1740 1357 “1²³spiritus”
1771 1313 1842 1346 est

359 1371 452 1409 vita
477 1370 719 1409 secundum
742 1369 842 1409 illa:
881 1369 1000 1421 quod
1031 1369 1167 1408 homo
1200 1375 1408 1408 nascatur
1434 1367 1660 1416 naturalis,
1689 1372 1735 1408 et
1766 1366 1844 1408 fiat

361 1431 598 1483 spiritualis
625 1445 702 1484 per
727 1432 865 1472 vitam
892 1431 1136 1472 secundum
1163 1445 1267 1470 vera
1292 1444 1350 1470 ex
1378 1429 1545 1479 Verbo,
1570 1429 1845 1482 significatur

362 1507 439 1545 per
464 1494 619 1546 “quod
647 1500 800 1533 natum
827 1500 896 1533 est
923 1508 980 1533 ex
1009 1507 1140 1533 carne
1167 1507 1269 1533 caro
1295 1499 1378 1541 est,
1403 1493 1482 1532 sed
1508 1492 1627 1545 quod
1654 1505 1843 1544 genera-

359 1565 455 1596 tum
487 1563 556 1596 est
587 1570 612 1596 a
643 1557 796 1608 spiritu
826 1557 1003 1609 spiritus
1035 1563 1104 1596 est
1124 1556 1158 1596 :”
1194 1556 1311 1609 quod
1345 1555 1557 1596 naturalis
1583 1555 1732 1603 homo,
1761 1554 1843 1597 nisi

359 1619 435 1659 fiat
458 1619 709 1672 spiritualis,
730 1633 818 1659 non
842 1619 1001 1659 salvari
1025 1620 1180 1671 possit,
1205 1619 1469 1671 intelligitur
1491 1631 1569 1671 per
1593 1617 1728 1658 “Nisi
1749 1617 1846 1670 quis

359 1688 600 1734 generatus
637 1689 706 1722 est
743 1696 801 1722 ex
843 1696 958 1735 aqua
997 1689 1043 1722 et
1080 1682 1248 1734 spiritu,
1288 1695 1376 1721 non
1415 1681 1556 1733 possit
1592 1679 1766 1733 ingredi
1800 1680 1844 1720 in

359 1756 547 1795 regnum
575 1743 836 1784 caelorum.'’

445 1814 528 1868 [b.]
575 1814 800 1867 Quoniam
841 1815 1063 1855 Dominus
1102 1815 1225 1854 solus
1265 1813 1482 1854 reformat
1518 1820 1564 1855 et
1599 1819 1843 1867 regenerat

360 1876 600 1923 hominem,
629 1876 729 1916 ideo
755 1877 798 1915 in
824 1875 979 1916 Verbo
1004 1882 1190 1916 vocatur
1219 1875 1496 1916 “Formator
1520 1889 1578 1916 ex
1605 1883 1734 1917 utero
1750 1876 1842 1916 :¹⁹—

359 1937 424 1979 Ut
451 1938 567 1990 apud
593 1937 793 1986 Esaiam,

402 2034 420 2046 “
431 2031 602 2073 Jehovah,
621 2031 748 2063 Far-‘tor
763 2038 843 2063 tuus
861 2038 895 2063 et
914 2032 1114 2063 Formator.
1129 2042 1188 2064 ,ex
1208 2038 1317 2070 utere,
1336 2032 1481 2072 adjuvat
1498 2039 1531 2064 te
1544 2032 1562 2044 ”
1579 2032 1674 2072 (xliv.
1690 2041 1718 2072 2,
1733 2032 1808 2074 24);

359 2112 476 2165 apud
503 2112 708 2166 eundem,

423 2188 610 2229 “Jehovah
627 2189 671 2218 ab
688 2194 788 2218 utero
806 2187 946 2218 vocavit
963 2197 1029 2225 me,
1047 2197 1068 2218 a
1084 2188 1276 2219 visceribus
1295 2188 1417 2219 matris
1435 2197 1535 2219 meae
1553 2189 1714 2220 meminit
1730 2189 1843 2221 nomi-

530 2231 585 2262 nis
609 2231 687 2262 mei.
719 2255 748 2262 ..
762 2256 768 2262 .
784 2230 899 2262 ‚Dixit
918 2230 1090 2271 Jehovah,
1112 2230 1297 2261 Formator
1316 2241 1415 2262 meus
1440 2232 1484 2262 ab
1508 2238 1617 2269 utero,
1639 2232 1674 2263 in
1699 2242 1842 2264 servum

528 2274 962 2357 suum„,a((11redige)ridum
986 2273 1157 2315 Jacobum
1182 2275 1226 2305 ad
1252 2273 1383 2316 Ipsum,
1404 2281 1438 2305 et
1466 2274 1576 2306 Israel
1602 2275 1674 2315 Ipsi
1694 2285 1844 2316 congre·

530 2324 631 2357 getur
693 2327 714 2348 x
731 2327 773 2348 ιΧ.
790 2326 816 2355 1,
833 2325 849 2355 5
867 2341 873 2348 .

357 2409 575 2449 Dominus
593 2408 743 2448 multis
765 2409 808 2448 in
831 2408 939 2448 locis
961 2408 1004 2448 in
1023 2407 1176 2448 Verb'o
1193 2415 1379 2449 vocatur
1399 2413 1423 2428 ‘⁴
1437 2408 1663 2458 Creator‚‘'
1683 2413 1708 2430 ‘⁴
1722 2410 1837 2451 Fac-

355 2471 455 2512 tor”
491 2478 536 2512 et
576 2471 851 2512 “Formator
885 2471 941 2511 ab
978 2471 1143 2519 utero‚”
1179 2478 1224 2511 et
1261 2485 1436 2524 quoque
1477 2472 1835 2525 “Redemptor,’'

355 2549 414 2574 ex
440 2548 494 2574 eo
525 2535 643 2587 quod
670 2534 895 2574 hominem
922 2547 945 2573 e
972 2546 1089 2573 novo
1116 2540 1251 2581 creet,
1279 2534 1503 2583 reformet,
1528 2541 1763 2587 regeneret
1790 2542 1835 2577 et

355 2597 615 2637 redemerit:
655 2597 774 2637 credi
800 2602 950 2648 potest
977 2596 1095 2649 quod
1123 2596 1340 2636 Dominus
1372 2598 1435 2637 ita
1459 2605 1644 2638 vocetur
1674 2612 1733 2639 ex
1765 2611 1834 2647 eo,

356 2659 475 2713 quod
508 2660 723 2699 creaverit
755 2659 981 2699 hominem
1018 2665 1063 2698 et
1101 2659 1219 2711 quod
1256 2659 1415 2700 formet
1453 2659 1575 2699 illum
1612 2661 1655 2700 in
1692 2667 1834 2709 utero,

356 2723 433 2762 sed
461 2735 597 2774 usque
624 2728 692 2762 est
718 2721 956 2773 spiritualis
982 2722 1149 2761 creatio
1176 2727 1220 2762 et
1247 2721 1453 2762 formatio
1477 2735 1589 2774 quae
1620 2722 1679 2762 ibi
1704 2723 1836 2764 intel·

355 2784 530 2836 ligitur;
574 2797 676 2823 nam
709 2783 909 2823 Verbum
942 2797 1030 2825 non
1067 2783 1202 2823 modo
1238 2790 1308 2823 est
1341 2783 1555 2832 naturale,
1590 2785 1668 2824 sed
1699 2787 1836 2827 etiam

354 2847 610 2899 spirituale;
649 2846 849 2887 naturale
882 2860 960 2898 pro
991 2846 1242 2886 hominibus
1274 2847 1346 2899 qui
1377 2847 1603 2888 naturales
1634 2855 1752 2897 sunt,
1786 2856 1832 2890 et

354 2909 579 2961 spirituale
606 2922 685 2961 pro
710 2909 881 2961 angelis
907 2909 980 2961 qui
1006 2909 1255 2961 spirituales
1282 2915 1410 2959 sunt;
1450 2915 1496 2949 ut
1523 2923 1699 2963 quoque
1727 2924 1836 2951 con-

354 2979 472 3012 stare
499 2978 649 3024 potest
675 2986 734 3012 ex
765 2985 832 3020 eo,
861 2971 979 3024 quod
1006 2971 1129 3020 haec,
1157 2985 1269 3024 quae
1296 2969 1415 3012 dieta
1441 2979 1557 3021 sunt,
1586 2972 1640 3013 de
1669 2973 1838 3014 Israele
