<?xml version="1.0" encoding="UTF-8"?>
<!DOCTYPE html PUBLIC "-//W3C//DTD XHTML 1.0 Transitional//EN"
    "http://www.w3.org/TR/xhtml1/DTD/xhtml1-transitional.dtd">
<html xmlns="http://www.w3.org/1999/xhtml" xml:lang="en" lang="en">
 <head>
  <title>
</title>
<meta http-equiv="Content-Type" content="text/html;charset=utf-8" />
  <meta name='ocr-system' content='tesseract 3.04.00' />
  <meta name='ocr-capabilities' content='ocr_page ocr_carea ocr_par ocr_line ocrx_word'/>
</head>
<body>
  <div class='ocr_page' id='page_1' title='image "apocalypsisexpli04sweduoft_0254.png"; bbox 0 0 2054 3464; ppageno 0'>
   <div class='ocr_carea' id='block_1_1' title="bbox 1750 0 2054 442">
    <p class='ocr_par' dir='ltr' id='par_1_1' title="bbox 1750 0 2054 442">
     <span class='ocr_line' id='line_1_1' title="bbox 1750 0 2054 442; baseline 0 3022"><span class='ocrx_word' id='word_1_1' title='bbox 1750 0 2054 442; x_wconf 95' lang='lat' dir='ltr'> </span> 
     </span>
    </p>
   </div>
   <div class='ocr_carea' id='block_1_2' title="bbox 378 347 1449 400">
    <p class='ocr_par' dir='ltr' id='par_1_2' title="bbox 378 347 1449 400">
     <span class='ocr_line' id='line_1_2' title="bbox 378 347 1449 400; baseline 0.001 -12"><span class='ocrx_word' id='word_1_2' title='bbox 378 358 401 388; x_wconf 90' lang='lat'>2</span> <span class='ocrx_word' id='word_1_3' title='bbox 412 347 489 400; x_wconf 83' lang='lat'>156</span> <span class='ocrx_word' id='word_1_4' title='bbox 789 355 1122 389; x_wconf 85' lang='lat' dir='ltr'>APOCALYPSIS</span> <span class='ocrx_word' id='word_1_5' title='bbox 1151 357 1449 389; x_wconf 87' lang='lat' dir='ltr'><strong>EXPLICATA.</strong></span> 
     </span>
    </p>
   </div>
   <div class='ocr_carea' id='block_1_3' title="bbox 378 455 1914 524">
    <p class='ocr_par' dir='ltr' id='par_1_3' title="bbox 378 455 1914 524">
     <span class='ocr_line' id='line_1_3' title="bbox 378 455 1914 524; baseline 0.001 -14"><span class='ocrx_word' id='word_1_6' title='bbox 378 470 598 510; x_wconf 89' lang='lat' dir='ltr'>rationem</span> <span class='ocrx_word' id='word_1_7' title='bbox 631 483 707 522; x_wconf 91' lang='lat' dir='ltr'>per</span> <span class='ocrx_word' id='word_1_8' title='bbox 743 482 921 510; x_wconf 91' lang='lat' dir='ltr'>sensum</span> <span class='ocrx_word' id='word_1_9' title='bbox 958 469 1135 511; x_wconf 82' lang='lat' dir='ltr'><strong>litterae</strong></span> <span class='ocrx_word' id='word_1_10' title='bbox 1167 470 1319 519; x_wconf 85' lang='lat' dir='ltr'>Verbi,</span> <span class='ocrx_word' id='word_1_11' title='bbox 1354 477 1399 511; x_wconf 89' lang='lat' dir='ltr'>et</span> <span class='ocrx_word' id='word_1_12' title='bbox 1436 484 1514 524; x_wconf 89' lang='lat' dir='ltr'>per</span> <span class='ocrx_word' id='word_1_13' title='bbox 1548 471 1592 511; x_wconf 88' lang='lat' dir='ltr'>id</span> <span class='ocrx_word' id='word_1_14' title='bbox 1623 469 1862 513; x_wconf 82' lang='lat' dir='ltr'>falsificant</span> <span class='ocrx_word' id='word_1_15' title='bbox 1909 455 1914 459; x_wconf 19' lang='grc' dir='ltr'><strong>Α</strong></span> 
     </span>
    </p>
   </div>
   <div class='ocr_carea' id='block_1_4' title="bbox 379 531 1902 1396">
    <p class='ocr_par' dir='ltr' id='par_1_4' title="bbox 379 531 1902 1396">
     <span class='ocr_line' id='line_1_4' title="bbox 379 531 1863 584; baseline 0.001 -12"><span class='ocrx_word' id='word_1_16' title='bbox 379 532 516 581; x_wconf 86' lang='lat' dir='ltr'>illum,</span> <span class='ocrx_word' id='word_1_17' title='bbox 551 532 860 572; x_wconf 81' lang='lat' dir='ltr'>describantur</span> <span class='ocrx_word' id='word_1_18' title='bbox 896 545 974 584; x_wconf 88' lang='lat' dir='ltr'>per</span> <span class='ocrx_word' id='word_1_19' title='bbox 1007 532 1235 573; x_wconf 86' lang='lat' dir='ltr'>“bestiam</span> <span class='ocrx_word' id='word_1_20' title='bbox 1271 547 1295 573; x_wconf 92' lang='lat' dir='ltr'>e</span> <span class='ocrx_word' id='word_1_21' title='bbox 1333 539 1451 574; x_wconf 89' lang='lat' dir='ltr'>terra</span> <span class='ocrx_word' id='word_1_22' title='bbox 1487 533 1810 575; x_wconf 89' lang='lat' dir='ltr'>ascendentem</span> <span class='ocrx_word' id='word_1_23' title='bbox 1828 531 1863 584; x_wconf 87' lang='lat'>;”</span> 
     </span>
     <span class='ocr_line' id='line_1_5' title="bbox 380 593 1863 650; baseline 0.001 -16"><span class='ocrx_word' id='word_1_24' title='bbox 380 595 500 648; x_wconf 90' lang='lat' dir='ltr'>quod</span> <span class='ocrx_word' id='word_1_25' title='bbox 532 596 594 634; x_wconf 91' lang='lat' dir='ltr'>ita</span> <span class='ocrx_word' id='word_1_26' title='bbox 625 595 696 642; x_wconf 86' lang='lat' dir='ltr'>sit,</span> <span class='ocrx_word' id='word_1_27' title='bbox 730 593 861 646; x_wconf 84' lang='lat' dir='ltr'><strong>plene</strong></span> <span class='ocrx_word' id='word_1_28' title='bbox 894 594 1032 634; x_wconf 89' lang='lat' dir='ltr'>videri</span> <span class='ocrx_word' id='word_1_29' title='bbox 1063 601 1215 647; x_wconf 90' lang='lat' dir='ltr'>potest</span> <span class='ocrx_word' id='word_1_30' title='bbox 1246 609 1272 635; x_wconf 91' lang='lat' dir='ltr'>a</span> <span class='ocrx_word' id='word_1_31' title='bbox 1303 595 1603 648; x_wconf 83' lang='lat' dir='ltr'>descriptione</span> <span class='ocrx_word' id='word_1_32' title='bbox 1636 595 1863 650; x_wconf 86' lang='lat' dir='ltr'>utriusque</span> 
     </span>
     <span class='ocr_line' id='line_1_6' title="bbox 381 655 1863 710; baseline 0.001 -14"><span class='ocrx_word' id='word_1_33' title='bbox 381 658 423 696; x_wconf 93' lang='lat' dir='ltr'>in</span> <span class='ocrx_word' id='word_1_34' title='bbox 446 657 749 710; x_wconf 78' lang='lat' dir='ltr'>sequentibus,</span> <span class='ocrx_word' id='word_1_35' title='bbox 811 655 944 708; x_wconf 82' lang='lat' dir='ltr'>Quod</span> <span class='ocrx_word' id='word_1_36' title='bbox 970 657 1201 697; x_wconf 88' lang='lat' dir='ltr'>ratiocinia</span> <span class='ocrx_word' id='word_1_37' title='bbox 1227 671 1250 697; x_wconf 94' lang='lat' dir='ltr'>e</span> <span class='ocrx_word' id='word_1_38' title='bbox 1276 658 1467 698; x_wconf 89' lang='lat' dir='ltr'>naturali</span> <span class='ocrx_word' id='word_1_39' title='bbox 1490 658 1670 698; x_wconf 90' lang='lat' dir='ltr'>homine</span> <span class='ocrx_word' id='word_1_40' title='bbox 1692 657 1863 699; x_wconf 86' lang='lat' dir='ltr'>intrent</span> 
     </span>
     <span class='ocr_line' id='line_1_7' title="bbox 379 717 1863 772; baseline 0.001 -13"><span class='ocrx_word' id='word_1_41' title='bbox 379 720 422 759; x_wconf 93' lang='lat' dir='ltr'>in</span> <span class='ocrx_word' id='word_1_42' title='bbox 449 719 667 771; x_wconf 80' lang='lat' dir='ltr'>dogmata</span> <span class='ocrx_word' id='word_1_43' title='bbox 692 732 844 759; x_wconf 89' lang='lat' dir='ltr'>eorum</span> <span class='ocrx_word' id='word_1_44' title='bbox 871 719 944 772; x_wconf 90' lang='lat' dir='ltr'>qui</span> <span class='ocrx_word' id='word_1_45' title='bbox 970 717 1103 759; x_wconf 85' lang='lat' dir='ltr'>fidem</span> <span class='ocrx_word' id='word_1_46' title='bbox 1129 719 1295 760; x_wconf 88' lang='lat' dir='ltr'>faciunt</span> <span class='ocrx_word' id='word_1_47' title='bbox 1322 721 1498 760; x_wconf 89' lang='lat' dir='ltr'>unicum</span> <span class='ocrx_word' id='word_1_48' title='bbox 1526 720 1720 760; x_wconf 91' lang='lat' dir='ltr'>medium</span> <span class='ocrx_word' id='word_1_49' title='bbox 1743 719 1863 760; x_wconf 77' lang='lat' dir='ltr'>salu-</span> 
     </span>
     <span class='ocr_line' id='line_1_8' title="bbox 379 781 1864 834; baseline 0.001 -12"><span class='ocrx_word' id='word_1_50' title='bbox 379 783 449 830; x_wconf 88' lang='lat' dir='ltr'>tis,</span> <span class='ocrx_word' id='word_1_51' title='bbox 477 783 540 822; x_wconf 90' lang='lat' dir='ltr'>ita</span> <span class='ocrx_word' id='word_1_52' title='bbox 570 783 714 834; x_wconf 89' lang='lat' dir='ltr'>ipsum</span> <span class='ocrx_word' id='word_1_53' title='bbox 749 781 991 822; x_wconf 80' lang='lat' dir='ltr'>essentiale</span> <span class='ocrx_word' id='word_1_54' title='bbox 1017 782 1247 832; x_wconf 89' lang='lat' dir='ltr'>ecclesiae,</span> <span class='ocrx_word' id='word_1_55' title='bbox 1276 796 1326 824; x_wconf 90' lang='lat' dir='ltr'>ac</span> <span class='ocrx_word' id='word_1_56' title='bbox 1359 783 1420 823; x_wconf 89' lang='lat' dir='ltr'>sic</span> <span class='ocrx_word' id='word_1_57' title='bbox 1452 782 1574 823; x_wconf 88' lang='lat' dir='ltr'>illam</span> <span class='ocrx_word' id='word_1_58' title='bbox 1606 797 1632 823; x_wconf 91' lang='lat' dir='ltr'>a</span> <span class='ocrx_word' id='word_1_59' title='bbox 1662 782 1755 824; x_wconf 88' lang='lat' dir='ltr'>vita</span> <span class='ocrx_word' id='word_1_60' title='bbox 1785 795 1864 823; x_wconf 91' lang='lat' dir='ltr'>seu</span> 
     </span>
     <span class='ocr_line' id='line_1_9' title="bbox 379 846 1864 898; baseline 0 -12"><span class='ocrx_word' id='word_1_61' title='bbox 379 860 404 885; x_wconf 91' lang='lat' dir='ltr'>a</span> <span class='ocrx_word' id='word_1_62' title='bbox 430 846 664 893; x_wconf 81' lang='lat' dir='ltr'>charitate,</span> <span class='ocrx_word' id='word_1_63' title='bbox 693 858 826 897; x_wconf 90' lang='lat' dir='ltr'>quam</span> <span class='ocrx_word' id='word_1_64' title='bbox 858 857 948 885; x_wconf 89' lang='lat' dir='ltr'>non</span> <span class='ocrx_word' id='word_1_65' title='bbox 975 852 1229 898; x_wconf 90' lang='lat' dir='ltr'>agnoscunt</span> <span class='ocrx_word' id='word_1_66' title='bbox 1255 851 1304 886; x_wconf 90' lang='lat' dir='ltr'>ut</span> <span class='ocrx_word' id='word_1_67' title='bbox 1332 846 1488 886; x_wconf 90' lang='lat' dir='ltr'>salutis</span> <span class='ocrx_word' id='word_1_68' title='bbox 1514 846 1711 886; x_wconf 88' lang='lat' dir='ltr'>medium</span> <span class='ocrx_word' id='word_1_69' title='bbox 1737 857 1787 886; x_wconf 89' lang='lat' dir='ltr'>ac</span> <span class='ocrx_word' id='word_1_70' title='bbox 1814 850 1864 886; x_wconf 84' lang='lat' dir='ltr'>ut</span> 
     </span>
     <span class='ocr_line' id='line_1_10' title="bbox 379 906 1865 961; baseline 0.001 -14"><span class='ocrx_word' id='word_1_71' title='bbox 379 907 618 948; x_wconf 80' lang='lat' dir='ltr'>essentiale</span> <span class='ocrx_word' id='word_1_72' title='bbox 642 906 873 955; x_wconf 90' lang='lat' dir='ltr'>ecclesiae,</span> <span class='ocrx_word' id='word_1_73' title='bbox 902 914 1127 960; x_wconf 89' lang='lat' dir='ltr'>separant,</span> <span class='ocrx_word' id='word_1_74' title='bbox 1151 921 1306 961; x_wconf 91' lang='lat' dir='ltr'>parum</span> <span class='ocrx_word' id='word_1_75' title='bbox 1328 908 1483 948; x_wconf 89' lang='lat' dir='ltr'>vident</span> <span class='ocrx_word' id='word_1_76' title='bbox 1509 914 1554 948; x_wconf 90' lang='lat' dir='ltr'>et</span> <span class='ocrx_word' id='word_1_77' title='bbox 1581 907 1684 948; x_wconf 89' lang='lat' dir='ltr'>inde</span> <span class='ocrx_word' id='word_1_78' title='bbox 1709 919 1865 961; x_wconf 86' lang='lat' dir='ltr'>parum</span> 
     </span>
     <span class='ocr_line' id='line_1_11' title="bbox 379 968 1866 1023; baseline 0.001 -14"><span class='ocrx_word' id='word_1_79' title='bbox 379 970 523 1010; x_wconf 91' lang='lat' dir='ltr'>sciunt</span> <span class='ocrx_word' id='word_1_80' title='bbox 561 969 748 1010; x_wconf 89' lang='lat' dir='ltr'>clientes</span> <span class='ocrx_word' id='word_1_81' title='bbox 786 968 877 1021; x_wconf 87' lang='lat' dir='ltr'>ejus</span> <span class='ocrx_word' id='word_1_82' title='bbox 917 983 969 1010; x_wconf 90' lang='lat' dir='ltr'>ae</span> <span class='ocrx_word' id='word_1_83' title='bbox 1005 968 1140 1018; x_wconf 66' lang='lat' dir='ltr'>docti,</span> <span class='ocrx_word' id='word_1_84' title='bbox 1179 984 1238 1010; x_wconf 86' lang='lat' dir='ltr'>ex</span> <span class='ocrx_word' id='word_1_85' title='bbox 1280 983 1413 1010; x_wconf 88' lang='lat' dir='ltr'>causa</span> <span class='ocrx_word' id='word_1_86' title='bbox 1449 971 1551 1023; x_wconf 91' lang='lat' dir='ltr'>quia</span> <span class='ocrx_word' id='word_1_87' title='bbox 1587 970 1866 1023; x_wconf 85' lang='lat' dir='ltr'>cogitatione</span> 
     </span>
     <span class='ocr_line' id='line_1_12' title="bbox 379 1030 1868 1086; baseline -0.001 -13"><span class='ocrx_word' id='word_1_88' title='bbox 379 1033 613 1073; x_wconf 83' lang='lat' dir='ltr'>inhaerent</span> <span class='ocrx_word' id='word_1_89' title='bbox 646 1031 754 1072; x_wconf 87' lang='lat' dir='ltr'>locis</span> <span class='ocrx_word' id='word_1_90' title='bbox 781 1031 933 1080; x_wconf 90' lang='lat' dir='ltr'>Verbi,</span> <span class='ocrx_word' id='word_1_91' title='bbox 962 1045 1040 1085; x_wconf 91' lang='lat' dir='ltr'>per</span> <span class='ocrx_word' id='word_1_92' title='bbox 1071 1046 1183 1085; x_wconf 91' lang='lat' dir='ltr'>quae</span> <span class='ocrx_word' id='word_1_93' title='bbox 1215 1031 1507 1084; x_wconf 82' lang='lat' dir='ltr'>confirmant3</span> <span class='ocrx_word' id='word_1_94' title='bbox 1546 1038 1591 1073; x_wconf 92' lang='lat' dir='ltr'>et</span> <span class='ocrx_word' id='word_1_95' title='bbox 1622 1033 1725 1086; x_wconf 89' lang='lat' dir='ltr'>quia</span> <span class='ocrx_word' id='word_1_96' title='bbox 1755 1030 1868 1072; x_wconf 85' lang='lat' dir='ltr'>salsa</span> 
     </span>
     <span class='ocr_line' id='line_1_13' title="bbox 380 1093 1864 1148; baseline 0 -14"><span class='ocrx_word' id='word_1_97' title='bbox 380 1102 496 1142; x_wconf 91' lang='lat' dir='ltr'>sunt,</span> <span class='ocrx_word' id='word_1_98' title='bbox 526 1109 637 1148; x_wconf 88' lang='lat' dir='ltr'>quae</span> <span class='ocrx_word' id='word_1_99' title='bbox 670 1108 728 1134; x_wconf 89' lang='lat' dir='ltr'>ex</span> <span class='ocrx_word' id='word_1_100' title='bbox 760 1107 893 1134; x_wconf 91' lang='lat' dir='ltr'>sensu</span> <span class='ocrx_word' id='word_1_101' title='bbox 920 1094 1059 1134; x_wconf 87' lang='lat' dir='ltr'>Verbi</span> <span class='ocrx_word' id='word_1_102' title='bbox 1091 1094 1263 1143; x_wconf 87' lang='lat' dir='ltr'>ultimo,</span> <span class='ocrx_word' id='word_1_103' title='bbox 1298 1095 1370 1147; x_wconf 92' lang='lat' dir='ltr'>qui</span> <span class='ocrx_word' id='word_1_104' title='bbox 1402 1101 1471 1135; x_wconf 91' lang='lat' dir='ltr'>est</span> <span class='ocrx_word' id='word_1_105' title='bbox 1504 1108 1660 1136; x_wconf 87' lang='lat' dir='ltr'>sensus</span> <span class='ocrx_word' id='word_1_106' title='bbox 1685 1093 1864 1135; x_wconf 88' lang='lat' dir='ltr'>litterae</span> 
     </span>
     <span class='ocr_line' id='line_1_14' title="bbox 380 1155 1902 1206; baseline 0 -9"><span class='ocrx_word' id='word_1_107' title='bbox 380 1157 532 1206; x_wconf 86' lang='lat' dir='ltr'>Verbi,</span> <span class='ocrx_word' id='word_1_108' title='bbox 561 1155 841 1205; x_wconf 79' lang='lat' dir='ltr'>confirmant,</span> <span class='ocrx_word' id='word_1_109' title='bbox 870 1169 1104 1197; x_wconf 88' lang='lat' dir='ltr'>necessum</span> <span class='ocrx_word' id='word_1_110' title='bbox 1135 1162 1206 1198; x_wconf 86' lang='lat' dir='ltr'>est</span> <span class='ocrx_word' id='word_1_111' title='bbox 1237 1163 1286 1197; x_wconf 91' lang='lat' dir='ltr'>ut</span> <span class='ocrx_word' id='word_1_112' title='bbox 1317 1157 1549 1198; x_wconf 90' lang='lat' dir='ltr'>ratiocinia</span> <span class='ocrx_word' id='word_1_113' title='bbox 1580 1171 1639 1198; x_wconf 87' lang='lat' dir='ltr'>ex</span> <span class='ocrx_word' id='word_1_114' title='bbox 1671 1155 1864 1198; x_wconf 86' lang='lat' dir='ltr'>naturali</span> <span class='ocrx_word' id='word_1_115' title='bbox 1899 1179 1902 1183; x_wconf 89' lang='lat'><strong>·</strong></span> 
     </span>
     <span class='ocr_line' id='line_1_15' title="bbox 380 1218 1866 1272; baseline 0.001 -13"><span class='ocrx_word' id='word_1_116' title='bbox 380 1220 562 1260; x_wconf 89' lang='lat' dir='ltr'>homine</span> <span class='ocrx_word' id='word_1_117' title='bbox 588 1219 854 1270; x_wconf 83' lang='lat' dir='ltr'>desumant3</span> <span class='ocrx_word' id='word_1_118' title='bbox 893 1232 996 1258; x_wconf 90' lang='lat' dir='ltr'>nam</span> <span class='ocrx_word' id='word_1_119' title='bbox 1022 1219 1190 1272; x_wconf 86' lang='lat' dir='ltr'>absque</span> <span class='ocrx_word' id='word_1_120' title='bbox 1216 1219 1302 1259; x_wconf 90' lang='lat' dir='ltr'>illis</span> <span class='ocrx_word' id='word_1_121' title='bbox 1328 1218 1600 1272; x_wconf 90' lang='lat' dir='ltr'>impossibile</span> <span class='ocrx_word' id='word_1_122' title='bbox 1626 1225 1696 1260; x_wconf 90' lang='lat' dir='ltr'>est</span> <span class='ocrx_word' id='word_1_123' title='bbox 1721 1219 1866 1261; x_wconf 86' lang='lat' dir='ltr'>facere</span> 
     </span>
     <span class='ocr_line' id='line_1_16' title="bbox 382 1279 1867 1334; baseline 0 -12"><span class='ocrx_word' id='word_1_124' title='bbox 382 1288 428 1322; x_wconf 90' lang='lat' dir='ltr'>ut</span> <span class='ocrx_word' id='word_1_125' title='bbox 454 1281 566 1322; x_wconf 91' lang='lat' dir='ltr'>falsa</span> <span class='ocrx_word' id='word_1_126' title='bbox 588 1287 834 1333; x_wconf 84' lang='lat' dir='ltr'>appareant</span> <span class='ocrx_word' id='word_1_127' title='bbox 856 1282 970 1321; x_wconf 92' lang='lat' dir='ltr'>sicut</span> <span class='ocrx_word' id='word_1_128' title='bbox 992 1294 1121 1322; x_wconf 88' lang='lat' dir='ltr'>vera:</span> <span class='ocrx_word' id='word_1_129' title='bbox 1156 1281 1235 1321; x_wconf 92' lang='lat' dir='ltr'>sed</span> <span class='ocrx_word' id='word_1_130' title='bbox 1260 1282 1343 1322; x_wconf 91' lang='lat' dir='ltr'>hoc</span> <span class='ocrx_word' id='word_1_131' title='bbox 1371 1281 1618 1322; x_wconf 86' lang='lat' dir='ltr'>illustretur</span> <span class='ocrx_word' id='word_1_132' title='bbox 1639 1279 1867 1334; x_wconf 82' lang='lat' dir='ltr'>exemplo.</span> 
     </span>
     <span class='ocr_line' id='line_1_17' title="bbox 382 1342 1522 1396; baseline -0.001 -11"><span class='ocrx_word' id='word_1_133' title='bbox 382 1344 446 1385; x_wconf 94' lang='lat' dir='ltr'>Ut</span> <span class='ocrx_word' id='word_1_134' title='bbox 473 1350 705 1396; x_wconf 86' lang='lat' dir='ltr'>separetur</span> <span class='ocrx_word' id='word_1_135' title='bbox 727 1344 821 1384; x_wconf 89' lang='lat' dir='ltr'>vita</span> <span class='ocrx_word' id='word_1_136' title='bbox 847 1357 924 1383; x_wconf 92' lang='lat' dir='ltr'>seu</span> <span class='ocrx_word' id='word_1_137' title='bbox 950 1343 1144 1384; x_wconf 87' lang='lat' dir='ltr'>charitas</span> <span class='ocrx_word' id='word_1_138' title='bbox 1169 1357 1195 1384; x_wconf 90' lang='lat' dir='ltr'>a</span> <span class='ocrx_word' id='word_1_139' title='bbox 1222 1342 1323 1392; x_wconf 89' lang='lat' dir='ltr'>fide,</span> <span class='ocrx_word' id='word_1_140' title='bbox 1354 1343 1522 1393; x_wconf 89' lang='lat' dir='ltr'>dicunt,</span> 
     </span>
    </p>
   </div>
   <div class='ocr_carea' id='block_1_5' title="bbox 382 1430 1870 1718">
    <p class='ocr_par' dir='ltr' id='par_1_5' title="bbox 382 1430 1870 1711">
     <span class='ocr_line' id='line_1_18' title="bbox 453 1430 1868 1477; baseline 0.001 -12"><span class='ocrx_word' id='word_1_141' title='bbox 453 1431 508 1475; x_wconf 88' lang='lat' dir='ltr'>(i.)</span> <span class='ocrx_word' id='word_1_142' title='bbox 544 1430 661 1477; x_wconf 74' lang='lat' dir='ltr'>Quod</span> <span class='ocrx_word' id='word_1_143' title='bbox 689 1442 758 1476; x_wconf 91' lang='lat' dir='ltr'>per</span> <span class='ocrx_word' id='word_1_144' title='bbox 774 1431 926 1475; x_wconf 88' lang='lat' dir='ltr'>lapsum</span> <span class='ocrx_word' id='word_1_145' title='bbox 947 1430 1090 1465; x_wconf 90' lang='lat' dir='ltr'>Adami</span> <span class='ocrx_word' id='word_1_146' title='bbox 1111 1441 1228 1466; x_wconf 90' lang='lat' dir='ltr'>omne</span> <span class='ocrx_word' id='word_1_147' title='bbox 1247 1431 1412 1466; x_wconf 89' lang='lat' dir='ltr'>liberum</span> <span class='ocrx_word' id='word_1_148' title='bbox 1432 1431 1601 1467; x_wconf 84' lang='lat' dir='ltr'>faciendi</span> <span class='ocrx_word' id='word_1_149' title='bbox 1619 1432 1768 1467; x_wconf 89' lang='lat' dir='ltr'>bonum</span> <span class='ocrx_word' id='word_1_150' title='bbox 1785 1441 1809 1468; x_wconf 88' lang='lat' dir='ltr'>a</span> <span class='ocrx_word' id='word_1_151' title='bbox 1825 1442 1868 1468; x_wconf 87' lang='lat' dir='ltr'>se</span> 
     </span>
     <span class='ocr_line' id='line_1_19' title="bbox 382 1477 1868 1525; baseline 0.001 -13"><span class='ocrx_word' id='word_1_152' title='bbox 382 1478 631 1523; x_wconf 86' lang='lat' dir='ltr'>deperditum</span> <span class='ocrx_word' id='word_1_153' title='bbox 651 1478 722 1517; x_wconf 87' lang='lat' dir='ltr'>sit;</span> <span class='ocrx_word' id='word_1_154' title='bbox 748 1484 787 1512; x_wconf 87' lang='lat' dir='ltr'>et</span> <span class='ocrx_word' id='word_1_155' title='bbox 806 1478 884 1522; x_wconf 88' lang='lat' dir='ltr'>[ii.,]</span> <span class='ocrx_word' id='word_1_156' title='bbox 904 1478 1011 1522; x_wconf 91' lang='lat' dir='ltr'>quod</span> <span class='ocrx_word' id='word_1_157' title='bbox 1039 1477 1130 1512; x_wconf 89' lang='lat' dir='ltr'>inde</span> <span class='ocrx_word' id='word_1_158' title='bbox 1156 1478 1207 1512; x_wconf 86' lang='lat' dir='ltr'>sit</span> <span class='ocrx_word' id='word_1_159' title='bbox 1233 1479 1340 1523; x_wconf 88' lang='lat' dir='ltr'>quod</span> <span class='ocrx_word' id='word_1_160' title='bbox 1360 1479 1481 1513; x_wconf 90' lang='lat' dir='ltr'>homo</span> <span class='ocrx_word' id='word_1_161' title='bbox 1500 1478 1724 1514; x_wconf 87' lang='lat' dir='ltr'>nullatenus</span> <span class='ocrx_word' id='word_1_162' title='bbox 1742 1479 1868 1525; x_wconf 88' lang='lat' dir='ltr'>possit</span> 
     </span>
     <span class='ocr_line' id='line_1_20' title="bbox 383 1524 1866 1580; baseline 0.001 -21"><span class='ocrx_word' id='word_1_163' title='bbox 383 1525 545 1569; x_wconf 91' lang='lat' dir='ltr'>implere</span> <span class='ocrx_word' id='word_1_164' title='bbox 564 1525 712 1570; x_wconf 73' lang='lat' dir='ltr'>legem:</span> <span class='ocrx_word' id='word_1_165' title='bbox 738 1531 778 1559; x_wconf 90' lang='lat' dir='ltr'>et</span> <span class='ocrx_word' id='word_1_166' title='bbox 797 1524 864 1568; x_wconf 86' lang='lat' dir='ltr'>[iii</span> <span class='ocrx_word' id='word_1_167' title='bbox 868 1525 892 1568; x_wconf 82' lang='lat' dir='ltr'>J,</span> <span class='ocrx_word' id='word_1_168' title='bbox 912 1525 1059 1569; x_wconf 89' lang='lat' dir='ltr'>absque</span> <span class='ocrx_word' id='word_1_169' title='bbox 1079 1524 1310 1578; x_wconf 88' lang='lat' dir='ltr'>impletione</span> <span class='ocrx_word' id='word_1_170' title='bbox 1329 1525 1425 1571; x_wconf 87' lang='lat' dir='ltr'>legis</span> <span class='ocrx_word' id='word_1_171' title='bbox 1444 1526 1552 1560; x_wconf 89' lang='lat' dir='ltr'>nulla</span> <span class='ocrx_word' id='word_1_172' title='bbox 1568 1525 1693 1560; x_wconf 86' lang='lat' dir='ltr'>salus:</span> <span class='ocrx_word' id='word_1_173' title='bbox 1717 1532 1757 1561; x_wconf 89' lang='lat' dir='ltr'>et</span> <span class='ocrx_word' id='word_1_174' title='bbox 1775 1525 1866 1580; x_wconf 66' lang='lat' dir='ltr'>[iv:]&#39;</span> 
     </span>
     <span class='ocr_line' id='line_1_21' title="bbox 382 1571 1870 1618; baseline 0.001 -12"><span class='ocrx_word' id='word_1_175' title='bbox 382 1572 488 1616; x_wconf 89' lang='lat' dir='ltr'>quod</span> <span class='ocrx_word' id='word_1_176' title='bbox 509 1571 731 1606; x_wconf 90' lang='lat' dir='ltr'>Dominus</span> <span class='ocrx_word' id='word_1_177' title='bbox 724 1582 762 1605; x_wconf 77' lang='grc' dir='ltr'>ιη</span> <span class='ocrx_word' id='word_1_178' title='bbox 782 1571 973 1605; x_wconf 89' lang='lat' dir='ltr'>mundum</span> <span class='ocrx_word' id='word_1_179' title='bbox 993 1571 1146 1606; x_wconf 87' lang='lat' dir='ltr'>venerit</span> <span class='ocrx_word' id='word_1_180' title='bbox 1163 1578 1207 1606; x_wconf 91' lang='lat' dir='ltr'>ut</span> <span class='ocrx_word' id='word_1_181' title='bbox 1226 1571 1406 1616; x_wconf 85' lang='lat' dir='ltr'>impleret</span> <span class='ocrx_word' id='word_1_182' title='bbox 1424 1572 1562 1618; x_wconf 90' lang='lat' dir='ltr'>legem,</span> <span class='ocrx_word' id='word_1_183' title='bbox 1581 1579 1621 1607; x_wconf 90' lang='lat' dir='ltr'>et</span> <span class='ocrx_word' id='word_1_184' title='bbox 1642 1572 1699 1608; x_wconf 92' lang='lat' dir='ltr'>sic</span> <span class='ocrx_word' id='word_1_185' title='bbox 1715 1572 1870 1618; x_wconf 76' lang='lat' dir='ltr'>Justitia</span> 
     </span>
     <span class='ocr_line' id='line_1_22' title="bbox 383 1617 1866 1664; baseline 0.001 -12"><span class='ocrx_word' id='word_1_186' title='bbox 383 1626 422 1652; x_wconf 89' lang='lat' dir='ltr'>et</span> <span class='ocrx_word' id='word_1_187' title='bbox 449 1618 631 1653; x_wconf 89' lang='lat' dir='ltr'>meritum</span> <span class='ocrx_word' id='word_1_188' title='bbox 660 1617 788 1663; x_wconf 89' lang='lat' dir='ltr'>Ipsius</span> <span class='ocrx_word' id='word_1_189' title='bbox 816 1618 1077 1663; x_wconf 86' lang='lat' dir='ltr'>imputaretur</span> <span class='ocrx_word' id='word_1_190' title='bbox 1095 1618 1259 1658; x_wconf 90' lang='lat' dir='ltr'>homini,</span> <span class='ocrx_word' id='word_1_191' title='bbox 1277 1625 1317 1653; x_wconf 89' lang='lat' dir='ltr'>et</span> <span class='ocrx_word' id='word_1_192' title='bbox 1343 1630 1412 1664; x_wconf 86' lang='lat' dir='ltr'>per</span> <span class='ocrx_word' id='word_1_193' title='bbox 1430 1619 1733 1664; x_wconf 89' lang='lat' dir='ltr'>imputationem</span> <span class='ocrx_word' id='word_1_194' title='bbox 1761 1619 1866 1654; x_wconf 90' lang='lat' dir='ltr'>illam</span> 
     </span>
     <span class='ocr_line' id='line_1_23' title="bbox 383 1664 1869 1718; baseline 0.002 -20"><span class='ocrx_word' id='word_1_195' title='bbox 383 1666 504 1699; x_wconf 90' lang='lat' dir='ltr'>homo</span> <span class='ocrx_word' id='word_1_196' title='bbox 522 1665 674 1699; x_wconf 87' lang='lat' dir='ltr'>solutus</span> <span class='ocrx_word' id='word_1_197' title='bbox 693 1671 797 1699; x_wconf 88' lang='lat' dir='ltr'>esset</span> <span class='ocrx_word' id='word_1_198' title='bbox 823 1675 845 1699; x_wconf 88' lang='lat' dir='ltr'>a</span> <span class='ocrx_word' id='word_1_199' title='bbox 861 1665 956 1710; x_wconf 87' lang='lat' dir='ltr'>jugo</span> <span class='ocrx_word' id='word_1_200' title='bbox 975 1664 1085 1718; x_wconf 36' lang='lat' dir='ltr'>legmis,</span> <span class='ocrx_word' id='word_1_201' title='bbox 1105 1676 1228 1711; x_wconf 90' lang='lat' dir='ltr'>usque</span> <span class='ocrx_word' id='word_1_202' title='bbox 1247 1671 1291 1700; x_wconf 86' lang='lat' dir='ltr'>ut</span> <span class='ocrx_word' id='word_1_203' title='bbox 1316 1666 1414 1699; x_wconf 87' lang='lat' dir='ltr'>nihil</span> <span class='ocrx_word' id='word_1_204' title='bbox 1433 1677 1522 1700; x_wconf 88' lang='lat' dir='ltr'>eum</span> <span class='ocrx_word' id='word_1_205' title='bbox 1541 1666 1799 1707; x_wconf 79' lang='lat' dir='ltr'>condemnet:</span> <span class='ocrx_word' id='word_1_206' title='bbox 1827 1671 1869 1701; x_wconf 86' lang='lat' dir='ltr'>et</span> 
     </span>
    </p>
   </div>
   <div class='ocr_carea' id='block_1_6' title="bbox 383 1693 1868 1804">
    <p class='ocr_par' dir='ltr' id='par_1_6' title="bbox 383 1693 1868 1804">
     <span class='ocr_line' id='line_1_24' title="bbox 383 1693 1868 1779; baseline 0.001 -33"><span class='ocrx_word' id='word_1_207' title='bbox 383 1712 459 1757; x_wconf 84' lang='lat' dir='ltr'>[v.],</span> <span class='ocrx_word' id='word_1_208' title='bbox 485 1712 592 1757; x_wconf 92' lang='lat' dir='ltr'>quod</span> <span class='ocrx_word' id='word_1_209' title='bbox 620 1711 923 1756; x_wconf 85' lang='lat' dir='ltr'>imputationem</span> <span class='ocrx_word' id='word_1_210' title='bbox 952 1711 1080 1746; x_wconf 89' lang='lat' dir='ltr'>meriti</span> <span class='ocrx_word' id='word_1_211' title='bbox 1113 1711 1274 1747; x_wconf 89' lang='lat' dir='ltr'>Domini</span> <span class='ocrx_word' id='word_1_212' title='bbox 1300 1712 1467 1757; x_wconf 86' lang='lat' dir='ltr'>accipiat</span> <span class='ocrx_word' id='word_1_213' title='bbox 1496 1713 1618 1749; x_wconf 88' lang='lat' dir='ltr'>homo</span> <span class='ocrx_word' id='word_1_214' title='bbox 1648 1724 1719 1759; x_wconf 88' lang='lat' dir='ltr'>per</span> <span class='ocrx_word' id='word_1_215' title='bbox 1742 1693 1868 1779; x_wconf 80' lang='lat' dir='ltr'>solam</span> 
     </span>
     <span class='ocr_line' id='line_1_25' title="bbox 384 1758 924 1804; baseline 0 -12"><span class='ocrx_word' id='word_1_216' title='bbox 384 1759 513 1798; x_wconf 76' lang='lat' dir='ltr'>tidem,</span> <span class='ocrx_word' id='word_1_217' title='bbox 533 1765 572 1793; x_wconf 91' lang='lat' dir='ltr'>et</span> <span class='ocrx_word' id='word_1_218' title='bbox 592 1758 688 1792; x_wconf 92' lang='lat' dir='ltr'>nihil</span> <span class='ocrx_word' id='word_1_219' title='bbox 708 1769 777 1803; x_wconf 93' lang='lat' dir='ltr'>per</span> <span class='ocrx_word' id='word_1_220' title='bbox 795 1769 924 1804; x_wconf 89' lang='lat' dir='ltr'>opera.</span> 
     </span>
    </p>
   </div>
   <div class='ocr_carea' id='block_1_7' title="bbox 385 1845 1876 3021">
    <p class='ocr_par' dir='ltr' id='par_1_7' title="bbox 385 1845 1870 2074">
     <span class='ocr_line' id='line_1_26' title="bbox 387 1845 1870 1899; baseline 0.002 -14"><span class='ocrx_word' id='word_1_221' title='bbox 387 1845 520 1898; x_wconf 79' lang='lat' dir='ltr'>Quod</span> <span class='ocrx_word' id='word_1_222' title='bbox 561 1845 770 1899; x_wconf 89' lang='lat' dir='ltr'>pleraque</span> <span class='ocrx_word' id='word_1_223' title='bbox 811 1845 920 1886; x_wconf 90' lang='lat' dir='ltr'>haec</span> <span class='ocrx_word' id='word_1_224' title='bbox 962 1846 1051 1887; x_wconf 91' lang='lat' dir='ltr'>sint</span> <span class='ocrx_word' id='word_1_225' title='bbox 1091 1846 1322 1886; x_wconf 88' lang='lat' dir='ltr'>ratiocinia</span> <span class='ocrx_word' id='word_1_226' title='bbox 1362 1860 1420 1886; x_wconf 83' lang='lat' dir='ltr'>ex</span> <span class='ocrx_word' id='word_1_227' title='bbox 1461 1846 1652 1887; x_wconf 90' lang='lat' dir='ltr'>naturali</span> <span class='ocrx_word' id='word_1_228' title='bbox 1687 1847 1870 1888; x_wconf 88' lang='lat' dir='ltr'>homine</span> 
     </span>
     <span class='ocr_line' id='line_1_27' title="bbox 385 1908 1868 1960; baseline 0.002 -12"><span class='ocrx_word' id='word_1_229' title='bbox 385 1908 695 1948; x_wconf 88' lang='lat' dir='ltr'>confirmantia</span> <span class='ocrx_word' id='word_1_230' title='bbox 727 1909 988 1960; x_wconf 90' lang='lat' dir='ltr'>principium</span> <span class='ocrx_word' id='word_1_231' title='bbox 1021 1914 1202 1960; x_wconf 89' lang='lat' dir='ltr'>captum</span> <span class='ocrx_word' id='word_1_232' title='bbox 1238 1909 1294 1948; x_wconf 91' lang='lat' dir='ltr'>de</span> <span class='ocrx_word' id='word_1_233' title='bbox 1331 1908 1427 1949; x_wconf 86' lang='lat' dir='ltr'>sola</span> <span class='ocrx_word' id='word_1_234' title='bbox 1463 1908 1563 1958; x_wconf 88' lang='lat' dir='ltr'>fide,</span> <span class='ocrx_word' id='word_1_235' title='bbox 1597 1916 1643 1950; x_wconf 92' lang='lat' dir='ltr'>et</span> <span class='ocrx_word' id='word_1_236' title='bbox 1674 1923 1868 1951; x_wconf 89' lang='lat' dir='ltr'>connec-</span> 
     </span>
     <span class='ocr_line' id='line_1_28' title="bbox 385 1971 1868 2026; baseline 0.002 -15"><span class='ocrx_word' id='word_1_237' title='bbox 385 1972 528 2011; x_wconf 89' lang='lat' dir='ltr'>tentia</span> <span class='ocrx_word' id='word_1_238' title='bbox 547 1972 810 2023; x_wconf 89' lang='lat' dir='ltr'>principiata</span> <span class='ocrx_word' id='word_1_239' title='bbox 831 1971 935 2023; x_wconf 90' lang='lat' dir='ltr'>ejus,</span> <span class='ocrx_word' id='word_1_240' title='bbox 957 1978 1163 2012; x_wconf 90' lang='lat' dir='ltr'>constare</span> <span class='ocrx_word' id='word_1_241' title='bbox 1187 1978 1337 2024; x_wconf 89' lang='lat' dir='ltr'>potest</span> <span class='ocrx_word' id='word_1_242' title='bbox 1357 1986 1414 2012; x_wconf 86' lang='lat' dir='ltr'>ex</span> <span class='ocrx_word' id='word_1_243' title='bbox 1433 1972 1698 2014; x_wconf 87' lang='lat' dir='ltr'>lustratione</span> <span class='ocrx_word' id='word_1_244' title='bbox 1716 1973 1868 2026; x_wconf 87' lang='lat' dir='ltr'>singu-</span> 
     </span>
     <span class='ocr_line' id='line_1_29' title="bbox 386 2033 1040 2074; baseline 0.002 -1"><span class='ocrx_word' id='word_1_245' title='bbox 386 2033 527 2074; x_wconf 91' lang='lat' dir='ltr'>lorum</span> <span class='ocrx_word' id='word_1_246' title='bbox 554 2034 597 2073; x_wconf 92' lang='lat' dir='ltr'>in</span> <span class='ocrx_word' id='word_1_247' title='bbox 625 2047 705 2074; x_wconf 88' lang='lat' dir='ltr'>suo</span> <span class='ocrx_word' id='word_1_248' title='bbox 731 2034 885 2074; x_wconf 89' lang='lat' dir='ltr'>ordine</span> <span class='ocrx_word' id='word_1_249' title='bbox 903 2034 1040 2074; x_wconf 76' lang='lat' dir='ltr'>z—Ut</span> 
     </span>
    </p>

    <p class='ocr_par' dir='ltr' id='par_1_8' title="bbox 385 2095 1876 3021">
     <span class='ocr_line' id='line_1_30' title="bbox 472 2095 1876 2152; baseline 0.004 -18"><span class='ocrx_word' id='word_1_250' title='bbox 472 2095 537 2148; x_wconf 86' lang='lat' dir='ltr'>(i.)</span> <span class='ocrx_word' id='word_1_251' title='bbox 584 2095 711 2145; x_wconf 76' lang='lat' dir='ltr'>Quod</span> <span class='ocrx_word' id='word_1_252' title='bbox 729 2102 814 2147; x_wconf 77' lang='lat' dir='ltr'>per</span> <span class='ocrx_word' id='word_1_253' title='bbox 844 2095 1017 2147; x_wconf 77' lang='lat' dir='ltr'>lapsum</span> <span class='ocrx_word' id='word_1_254' title='bbox 1051 2096 1227 2136; x_wconf 79' lang='lat' dir='ltr'>Adami</span> <span class='ocrx_word' id='word_1_255' title='bbox 1258 2096 1440 2137; x_wconf 76' lang='lat' dir='ltr'>liberum</span> <span class='ocrx_word' id='word_1_256' title='bbox 1469 2097 1724 2148; x_wconf 80' lang='lat' dir='ltr'>arbitrium,</span> <span class='ocrx_word' id='word_1_257' title='bbox 1757 2097 1876 2152; x_wconf 82' lang='lat' dir='ltr'>quod</span> 
     </span>
     <span class='ocr_line' id='line_1_31' title="bbox 385 2157 1869 2211; baseline 0.003 -14"><span class='ocrx_word' id='word_1_258' title='bbox 385 2164 451 2198; x_wconf 81' lang='lat' dir='ltr'>est</span> <span class='ocrx_word' id='word_1_259' title='bbox 493 2157 676 2198; x_wconf 77' lang='lat' dir='ltr'>liberum</span> <span class='ocrx_word' id='word_1_260' title='bbox 704 2158 908 2209; x_wconf 74' lang='lat' dir='ltr'>faciendi</span> <span class='ocrx_word' id='word_1_261' title='bbox 944 2158 1099 2198; x_wconf 84' lang='lat' dir='ltr'>bonum</span> <span class='ocrx_word' id='word_1_262' title='bbox 1142 2173 1170 2199; x_wconf 86' lang='lat' dir='ltr'>a</span> <span class='ocrx_word' id='word_1_263' title='bbox 1213 2172 1273 2207; x_wconf 86' lang='lat' dir='ltr'>se,</span> <span class='ocrx_word' id='word_1_264' title='bbox 1316 2159 1589 2211; x_wconf 78' lang='lat' dir='ltr'>deperditum</span> <span class='ocrx_word' id='word_1_265' title='bbox 1632 2160 1695 2201; x_wconf 87' lang='lat' dir='ltr'>sit</span> <span class='ocrx_word' id='word_1_266' title='bbox 1709 2161 1869 2202; x_wconf 88' lang='lat' dir='ltr'>.·-—hoc</span> 
     </span>
     <span class='ocr_line' id='line_1_32' title="bbox 386 2220 1870 2270; baseline 0.003 -10"><span class='ocrx_word' id='word_1_267' title='bbox 386 2220 666 2260; x_wconf 88' lang='lat' dir='ltr'>ratiocinium</span> <span class='ocrx_word' id='word_1_268' title='bbox 698 2227 767 2260; x_wconf 91' lang='lat' dir='ltr'>est</span> <span class='ocrx_word' id='word_1_269' title='bbox 799 2235 857 2260; x_wconf 81' lang='lat' dir='ltr'>ex</span> <span class='ocrx_word' id='word_1_270' title='bbox 889 2220 1023 2270; x_wconf 81' lang='lat' dir='ltr'>falsis,</span> <span class='ocrx_word' id='word_1_271' title='bbox 1057 2220 1244 2261; x_wconf 90' lang='lat' dir='ltr'>liberum</span> <span class='ocrx_word' id='word_1_272' title='bbox 1276 2223 1393 2262; x_wconf 90' lang='lat' dir='ltr'>enim</span> <span class='ocrx_word' id='word_1_273' title='bbox 1425 2223 1614 2263; x_wconf 85' lang='lat' dir='ltr'>faciendi</span> <span class='ocrx_word' id='word_1_274' title='bbox 1645 2223 1812 2264; x_wconf 89' lang='lat' dir='ltr'>bonum</span> <span class='ocrx_word' id='word_1_275' title='bbox 1843 2236 1870 2264; x_wconf 88' lang='lat' dir='ltr'>a</span> 
     </span>
     <span class='ocr_line' id='line_1_33' title="bbox 386 2282 1871 2335; baseline 0.004 -14"><span class='ocrx_word' id='word_1_276' title='bbox 386 2296 446 2330; x_wconf 92' lang='lat' dir='ltr'>se,</span> <span class='ocrx_word' id='word_1_277' title='bbox 473 2290 542 2324; x_wconf 86' lang='lat' dir='ltr'>est</span> <span class='ocrx_word' id='word_1_278' title='bbox 569 2282 676 2322; x_wconf 91' lang='lat' dir='ltr'>nulli</span> <span class='ocrx_word' id='word_1_279' title='bbox 702 2283 883 2331; x_wconf 88' lang='lat' dir='ltr'>homini,</span> <span class='ocrx_word' id='word_1_280' title='bbox 909 2296 989 2323; x_wconf 90' lang='lat' dir='ltr'>nec</span> <span class='ocrx_word' id='word_1_281' title='bbox 1017 2289 1168 2335; x_wconf 90' lang='lat' dir='ltr'>potest</span> <span class='ocrx_word' id='word_1_282' title='bbox 1195 2297 1292 2324; x_wconf 89' lang='lat' dir='ltr'>esse</span> <span class='ocrx_word' id='word_1_283' title='bbox 1319 2284 1475 2335; x_wconf 89' lang='lat' dir='ltr'>alicui;</span> <span class='ocrx_word' id='word_1_284' title='bbox 1509 2298 1612 2325; x_wconf 88' lang='lat' dir='ltr'>nam</span> <span class='ocrx_word' id='word_1_285' title='bbox 1639 2285 1775 2327; x_wconf 91' lang='lat' dir='ltr'>homo</span> <span class='ocrx_word' id='word_1_286' title='bbox 1800 2293 1871 2327; x_wconf 90' lang='lat' dir='ltr'>est</span> 
     </span>
     <span class='ocr_line' id='line_1_34' title="bbox 388 2344 1870 2400; baseline 0.003 -16"><span class='ocrx_word' id='word_1_287' title='bbox 388 2344 523 2384; x_wconf 92' lang='lat' dir='ltr'>modo</span> <span class='ocrx_word' id='word_1_288' title='bbox 563 2346 806 2397; x_wconf 88' lang='lat' dir='ltr'>recipiens;</span> <span class='ocrx_word' id='word_1_289' title='bbox 855 2359 989 2398; x_wconf 90' lang='lat' dir='ltr'>quare</span> <span class='ocrx_word' id='word_1_290' title='bbox 1030 2346 1197 2385; x_wconf 91' lang='lat' dir='ltr'>bonum</span> <span class='ocrx_word' id='word_1_291' title='bbox 1238 2347 1357 2399; x_wconf 90' lang='lat' dir='ltr'>quod</span> <span class='ocrx_word' id='word_1_292' title='bbox 1398 2347 1534 2387; x_wconf 93' lang='lat' dir='ltr'>homo</span> <span class='ocrx_word' id='word_1_293' title='bbox 1570 2348 1740 2400; x_wconf 86' lang='lat' dir='ltr'>recipit,</span> <span class='ocrx_word' id='word_1_294' title='bbox 1779 2361 1870 2389; x_wconf 92' lang='lat' dir='ltr'>non</span> 
     </span>
     <span class='ocr_line' id='line_1_35' title="bbox 388 2407 1872 2462; baseline 0.003 -16"><span class='ocrx_word' id='word_1_295' title='bbox 388 2414 457 2447; x_wconf 88' lang='lat' dir='ltr'>est</span> <span class='ocrx_word' id='word_1_296' title='bbox 479 2407 670 2456; x_wconf 90' lang='lat' dir='ltr'>hominis</span> <span class='ocrx_word' id='word_1_297' title='bbox 693 2408 771 2448; x_wconf 91' lang='lat' dir='ltr'>sed</span> <span class='ocrx_word' id='word_1_298' title='bbox 796 2408 976 2448; x_wconf 90' lang='lat' dir='ltr'>Domini</span> <span class='ocrx_word' id='word_1_299' title='bbox 999 2408 1116 2460; x_wconf 92' lang='lat' dir='ltr'>apud</span> <span class='ocrx_word' id='word_1_300' title='bbox 1139 2407 1276 2448; x_wconf 90' lang='lat' dir='ltr'>illum.</span> <span class='ocrx_word' id='word_1_301' title='bbox 1338 2409 1482 2450; x_wconf 91' lang='lat' dir='ltr'>Immo</span> <span class='ocrx_word' id='word_1_302' title='bbox 1505 2423 1588 2450; x_wconf 90' lang='lat' dir='ltr'>nec</span> <span class='ocrx_word' id='word_1_303' title='bbox 1606 2410 1779 2462; x_wconf 89' lang='lat' dir='ltr'>angelis</span> <span class='ocrx_word' id='word_1_304' title='bbox 1800 2418 1872 2452; x_wconf 90' lang='lat' dir='ltr'>est</span> 
     </span>
     <span class='ocr_line' id='line_1_36' title="bbox 388 2470 1871 2525; baseline 0.003 -16"><span class='ocrx_word' id='word_1_305' title='bbox 388 2470 553 2509; x_wconf 92' lang='lat' dir='ltr'>bonum</span> <span class='ocrx_word' id='word_1_306' title='bbox 581 2471 660 2510; x_wconf 93' lang='lat' dir='ltr'>nisi</span> <span class='ocrx_word' id='word_1_307' title='bbox 687 2484 712 2510; x_wconf 90' lang='lat' dir='ltr'>a</span> <span class='ocrx_word' id='word_1_308' title='bbox 738 2471 934 2511; x_wconf 90' lang='lat' dir='ltr'>Domino</span> <span class='ocrx_word' id='word_1_309' title='bbox 956 2485 964 2520; x_wconf 91' lang='grc'>;</span> <span class='ocrx_word' id='word_1_310' title='bbox 998 2477 1043 2510; x_wconf 90' lang='lat' dir='ltr'>et</span> <span class='ocrx_word' id='word_1_311' title='bbox 1070 2483 1158 2522; x_wconf 91' lang='lat' dir='ltr'>quo</span> <span class='ocrx_word' id='word_1_312' title='bbox 1184 2470 1282 2522; x_wconf 91' lang='lat' dir='ltr'>plus</span> <span class='ocrx_word' id='word_1_313' title='bbox 1308 2478 1561 2524; x_wconf 90' lang='lat' dir='ltr'>agnoscunt</span> <span class='ocrx_word' id='word_1_314' title='bbox 1586 2473 1630 2512; x_wconf 92' lang='lat' dir='ltr'>id</span> <span class='ocrx_word' id='word_1_315' title='bbox 1657 2479 1703 2513; x_wconf 90' lang='lat' dir='ltr'>et</span> <span class='ocrx_word' id='word_1_316' title='bbox 1729 2473 1871 2525; x_wconf 88' lang='lat' dir='ltr'>perci-</span> 
     </span>
     <span class='ocr_line' id='line_1_37' title="bbox 389 2533 1872 2589; baseline 0.003 -17"><span class='ocrx_word' id='word_1_317' title='bbox 389 2534 515 2585; x_wconf 92' lang='lat' dir='ltr'>piunt</span> <span class='ocrx_word' id='word_1_318' title='bbox 546 2533 604 2581; x_wconf 88' lang='lat' dir='ltr'>id,</span> <span class='ocrx_word' id='word_1_319' title='bbox 632 2547 686 2573; x_wconf 93' lang='lat' dir='ltr'>eo</span> <span class='ocrx_word' id='word_1_320' title='bbox 718 2533 816 2586; x_wconf 89' lang='lat' dir='ltr'>plus</span> <span class='ocrx_word' id='word_1_321' title='bbox 847 2533 997 2585; x_wconf 87' lang='lat' dir='ltr'>angeli</span> <span class='ocrx_word' id='word_1_322' title='bbox 1029 2539 1146 2582; x_wconf 88' lang='lat' dir='ltr'>sunt,</span> <span class='ocrx_word' id='word_1_323' title='bbox 1174 2534 1258 2574; x_wconf 92' lang='lat' dir='ltr'>hoc</span> <span class='ocrx_word' id='word_1_324' title='bbox 1290 2541 1373 2582; x_wconf 90' lang='lat' dir='ltr'>est,</span> <span class='ocrx_word' id='word_1_325' title='bbox 1403 2535 1651 2587; x_wconf 88' lang='lat' dir='ltr'>superiores</span> <span class='ocrx_word' id='word_1_326' title='bbox 1677 2542 1723 2576; x_wconf 91' lang='lat' dir='ltr'>et</span> <span class='ocrx_word' id='word_1_327' title='bbox 1754 2537 1872 2589; x_wconf 86' lang='lat' dir='ltr'>sapi-</span> 
     </span>
     <span class='ocr_line' id='line_1_38' title="bbox 389 2595 1871 2651; baseline 0.003 -16"><span class='ocrx_word' id='word_1_328' title='bbox 389 2596 583 2636; x_wconf 90' lang='lat' dir='ltr'>entiores</span> <span class='ocrx_word' id='word_1_329' title='bbox 615 2595 805 2649; x_wconf 91' lang='lat' dir='ltr'>reliquis.</span> <span class='ocrx_word' id='word_1_330' title='bbox 866 2595 935 2635; x_wconf 88' lang='lat' dir='ltr'>Eo</span> <span class='ocrx_word' id='word_1_331' title='bbox 967 2596 1110 2635; x_wconf 89' lang='lat' dir='ltr'>minus</span> <span class='ocrx_word' id='word_1_332' title='bbox 1142 2597 1287 2648; x_wconf 91' lang='lat' dir='ltr'>potuit</span> <span class='ocrx_word' id='word_1_333' title='bbox 1319 2596 1538 2645; x_wconf 90' lang='lat' dir='ltr'>Adamus,</span> <span class='ocrx_word' id='word_1_334' title='bbox 1567 2599 1639 2651; x_wconf 92' lang='lat' dir='ltr'>qui</span> <span class='ocrx_word' id='word_1_335' title='bbox 1672 2598 1871 2639; x_wconf 90' lang='lat' dir='ltr'>nondum</span> 
     </span>
     <span class='ocr_line' id='line_1_39' title="bbox 390 2658 1871 2712; baseline 0.001 -14"><span class='ocrx_word' id='word_1_336' title='bbox 390 2658 469 2698; x_wconf 85' lang='lat' dir='ltr'>fuit</span> <span class='ocrx_word' id='word_1_337' title='bbox 495 2658 696 2710; x_wconf 89' lang='lat' dir='ltr'>angelus,</span> <span class='ocrx_word' id='word_1_338' title='bbox 725 2659 768 2698; x_wconf 90' lang='lat' dir='ltr'>in</span> <span class='ocrx_word' id='word_1_339' title='bbox 795 2664 917 2698; x_wconf 89' lang='lat' dir='ltr'>statu</span> <span class='ocrx_word' id='word_1_340' title='bbox 943 2658 1047 2698; x_wconf 91' lang='lat' dir='ltr'>boni</span> <span class='ocrx_word' id='word_1_341' title='bbox 1076 2672 1102 2698; x_wconf 87' lang='lat' dir='ltr'>a</span> <span class='ocrx_word' id='word_1_342' title='bbox 1132 2672 1178 2699; x_wconf 90' lang='lat' dir='ltr'>se</span> <span class='ocrx_word' id='word_1_343' title='bbox 1205 2672 1314 2699; x_wconf 85' lang='lat' dir='ltr'>esse.</span> <span class='ocrx_word' id='word_1_344' title='bbox 1376 2659 1619 2712; x_wconf 89' lang='lat' dir='ltr'>Integritas</span> <span class='ocrx_word' id='word_1_345' title='bbox 1646 2659 1737 2712; x_wconf 91' lang='lat' dir='ltr'>ejus</span> <span class='ocrx_word' id='word_1_346' title='bbox 1763 2673 1871 2700; x_wconf 92' lang='lat' dir='ltr'>con-</span> 
     </span>
     <span class='ocr_line' id='line_1_40' title="bbox 391 2721 1870 2773; baseline 0.001 -12"><span class='ocrx_word' id='word_1_347' title='bbox 391 2721 569 2761; x_wconf 87' lang='lat' dir='ltr'>stiterat·</span> <span class='ocrx_word' id='word_1_348' title='bbox 595 2722 638 2760; x_wconf 90' lang='lat' dir='ltr'>in</span> <span class='ocrx_word' id='word_1_349' title='bbox 664 2721 861 2773; x_wconf 90' lang='lat' dir='ltr'>pleniore</span> <span class='ocrx_word' id='word_1_350' title='bbox 888 2722 1145 2773; x_wconf 88' lang='lat' dir='ltr'>receptione</span> <span class='ocrx_word' id='word_1_351' title='bbox 1171 2721 1276 2762; x_wconf 92' lang='lat' dir='ltr'>boni</span> <span class='ocrx_word' id='word_1_352' title='bbox 1302 2728 1347 2761; x_wconf 91' lang='lat' dir='ltr'>et</span> <span class='ocrx_word' id='word_1_353' title='bbox 1374 2723 1478 2770; x_wconf 87' lang='lat' dir='ltr'>veri,</span> <span class='ocrx_word' id='word_1_354' title='bbox 1506 2728 1551 2763; x_wconf 92' lang='lat' dir='ltr'>et</span> <span class='ocrx_word' id='word_1_355' title='bbox 1574 2722 1677 2763; x_wconf 91' lang='lat' dir='ltr'>inde</span> <span class='ocrx_word' id='word_1_356' title='bbox 1702 2722 1870 2763; x_wconf 90' lang='lat' dir='ltr'>intelli-</span> 
     </span>
     <span class='ocr_line' id='line_1_41' title="bbox 391 2784 1872 2838; baseline 0.002 -15"><span class='ocrx_word' id='word_1_357' title='bbox 391 2785 572 2836; x_wconf 82' lang='lat' dir='ltr'>gentiae</span> <span class='ocrx_word' id='word_1_358' title='bbox 604 2790 649 2824; x_wconf 92' lang='lat' dir='ltr'>et</span> <span class='ocrx_word' id='word_1_359' title='bbox 682 2785 927 2836; x_wconf 87' lang='lat' dir='ltr'>sapientiae</span> <span class='ocrx_word' id='word_1_360' title='bbox 959 2798 984 2824; x_wconf 91' lang='lat' dir='ltr'>a</span> <span class='ocrx_word' id='word_1_361' title='bbox 1020 2784 1230 2833; x_wconf 89' lang='lat' dir='ltr'>Domino,</span> <span class='ocrx_word' id='word_1_362' title='bbox 1264 2798 1396 2838; x_wconf 90' lang='lat' dir='ltr'>quam</span> <span class='ocrx_word' id='word_1_363' title='bbox 1428 2785 1520 2837; x_wconf 89' lang='lat' dir='ltr'>ejus</span> <span class='ocrx_word' id='word_1_364' title='bbox 1551 2786 1744 2837; x_wconf 91' lang='lat' dir='ltr'>posteri;</span> <span class='ocrx_word' id='word_1_365' title='bbox 1786 2785 1872 2826; x_wconf 88' lang='lat' dir='ltr'>hoc</span> 
     </span>
     <span class='ocr_line' id='line_1_42' title="bbox 390 2846 1868 2900; baseline 0.001 -14"><span class='ocrx_word' id='word_1_366' title='bbox 390 2847 524 2886; x_wconf 90' lang='lat' dir='ltr'>etiam</span> <span class='ocrx_word' id='word_1_367' title='bbox 545 2852 639 2886; x_wconf 88' lang='lat' dir='ltr'>erat</span> <span class='ocrx_word' id='word_1_368' title='bbox 661 2846 811 2898; x_wconf 85' lang='lat' dir='ltr'>imago</span> <span class='ocrx_word' id='word_1_369' title='bbox 835 2846 943 2896; x_wconf 89' lang='lat' dir='ltr'>Dei;</span> <span class='ocrx_word' id='word_1_370' title='bbox 977 2859 1080 2886; x_wconf 86' lang='lat' dir='ltr'>nam</span> <span class='ocrx_word' id='word_1_371' title='bbox 1098 2847 1248 2899; x_wconf 87' lang='lat' dir='ltr'>imago</span> <span class='ocrx_word' id='word_1_372' title='bbox 1266 2846 1313 2887; x_wconf 88' lang='lat' dir='ltr'>fit</span> <span class='ocrx_word' id='word_1_373' title='bbox 1337 2848 1408 2900; x_wconf 92' lang='lat' dir='ltr'>qui</span> <span class='ocrx_word' id='word_1_374' title='bbox 1431 2848 1586 2900; x_wconf 91' lang='lat' dir='ltr'>recipit</span> <span class='ocrx_word' id='word_1_375' title='bbox 1610 2847 1868 2896; x_wconf 90' lang='lat' dir='ltr'>Dominum,</span> 
     </span>
     <span class='ocr_line' id='line_1_43' title="bbox 391 2908 1871 2961; baseline 0.001 -12"><span class='ocrx_word' id='word_1_376' title='bbox 391 2915 436 2949; x_wconf 91' lang='lat' dir='ltr'>et</span> <span class='ocrx_word' id='word_1_377' title='bbox 463 2915 640 2949; x_wconf 90' lang='lat' dir='ltr'>tantum</span> <span class='ocrx_word' id='word_1_378' title='bbox 666 2909 815 2961; x_wconf 88' lang='lat' dir='ltr'>imago</span> <span class='ocrx_word' id='word_1_379' title='bbox 841 2908 889 2949; x_wconf 80' lang='lat' dir='ltr'>fit</span> <span class='ocrx_word' id='word_1_380' title='bbox 916 2914 1132 2961; x_wconf 89' lang='lat' dir='ltr'>quantum</span> <span class='ocrx_word' id='word_1_381' title='bbox 1158 2910 1326 2961; x_wconf 89' lang='lat' dir='ltr'>recipit.</span> <span class='ocrx_word' id='word_1_382' title='bbox 1388 2909 1554 2958; x_wconf 87' lang='lat' dir='ltr'>Verbo,</span> <span class='ocrx_word' id='word_1_383' title='bbox 1583 2909 1769 2950; x_wconf 92' lang='lat' dir='ltr'>liberum</span> <span class='ocrx_word' id='word_1_384' title='bbox 1800 2915 1871 2950; x_wconf 89' lang='lat' dir='ltr'>est</span> 
     </span>
     <span class='ocr_line' id='line_1_44' title="bbox 391 2971 1869 3021; baseline 0.001 -10"><span class='ocrx_word' id='word_1_385' title='bbox 391 2971 534 3012; x_wconf 83' lang='lat' dir='ltr'>facere</span> <span class='ocrx_word' id='word_1_386' title='bbox 561 2972 725 3012; x_wconf 91' lang='lat' dir='ltr'>bonum</span> <span class='ocrx_word' id='word_1_387' title='bbox 753 2985 777 3012; x_wconf 91' lang='lat' dir='ltr'>a</span> <span class='ocrx_word' id='word_1_388' title='bbox 805 2971 1013 3021; x_wconf 89' lang='lat' dir='ltr'>Domino,</span> <span class='ocrx_word' id='word_1_389' title='bbox 1038 2978 1083 3012; x_wconf 91' lang='lat' dir='ltr'>et</span> <span class='ocrx_word' id='word_1_390' title='bbox 1110 2985 1286 3012; x_wconf 90' lang='lat' dir='ltr'>servum</span> <span class='ocrx_word' id='word_1_391' title='bbox 1309 2978 1376 3013; x_wconf 90' lang='lat' dir='ltr'>est</span> <span class='ocrx_word' id='word_1_392' title='bbox 1399 2972 1541 3012; x_wconf 89' lang='lat' dir='ltr'>facere</span> <span class='ocrx_word' id='word_1_393' title='bbox 1568 2972 1733 3012; x_wconf 90' lang='lat' dir='ltr'>bonum</span> <span class='ocrx_word' id='word_1_394' title='bbox 1759 2985 1784 3012; x_wconf 88' lang='lat' dir='ltr'>a</span> <span class='ocrx_word' id='word_1_395' title='bbox 1809 2984 1869 3012; x_wconf 89' lang='lat' dir='ltr'>se.</span> 
     </span>
    </p>
   </div>
   <div class='ocr_carea' id='block_1_8' title="bbox 1861 442 2054 2467">
    <p class='ocr_par' dir='ltr' id='par_1_9' title="bbox 1861 442 2054 2467">
     <span class='ocr_line' id='line_1_45' title="bbox 1861 442 2054 2467; baseline 0 0"><span class='ocrx_word' id='word_1_396' title='bbox 1861 442 2054 2467; x_wconf 95' lang='lat' dir='ltr'> </span> 
     </span>
    </p>
   </div>
   <div class='ocr_carea' id='block_1_9' title="bbox 2013 3309 2054 3464">
    <p class='ocr_par' dir='ltr' id='par_1_10' title="bbox 2013 3309 2054 3464">
     <span class='ocr_line' id='line_1_46' title="bbox 2013 3309 2054 3464; baseline 0 0"><span class='ocrx_word' id='word_1_397' title='bbox 2013 3309 2054 3464; x_wconf 95' lang='lat' dir='ltr'> </span> 
     </span>
    </p>
   </div>
  </div>
 </body>
</html>
