2054 3464
402 342 510 386 2052
812 342 1141 377 APOCALYPSIS
1173 345 1470 379 EXPLICATA.

404 454 506 507 quia
544 454 761 495 Dominus
794 455 837 495 in
875 455 959 496 illis
997 457 1113 509 apud
1151 457 1392 507 hominem,
1426 465 1472 500 et
1503 459 1566 499 sic‘
1596 473 1653 500 ex
1685 459 1769 500 illis
1801 470 1881 513 pro

398 516 592 565 homine,
633 524 804 570 pugnat
842 525 1000 558 contra
1040 519 1222 568 inferna,
1262 535 1374 574 quae
1412 522 1455 561 in
1497 535 1629 562 sensu
1666 522 1881 575 spirituali

398 585 501 619 sunt
526 579 694 628 hostes,
720 580 820 620 ideo
843 581 1015 629 dicitur,
1039 583 1176 635 “quia
1197 582 1398 634 Jehovah
1432 583 1555 624 Deus
1581 590 1745 633 tecum,
1769 591 1815 626 et
1845 585 1880 626 it

398 647 546 681 tecum
579 642 635 681 ad
668 643 960 694 pugnandum
993 657 1072 695 pro
1102 645 1227 685 vobis
1260 658 1361 685 cum
1393 646 1598 686 hostibus
1629 648 1803 697 vestris,
1831 655 1879 690 ut

397 709 544 743 servet
567 704 682 744 vos.”
745 704 803 744 Hi
826 705 915 745 bini
938 719 1107 754 sensus,
1133 720 1295 759 nempe
1318 708 1534 748 naturalis
1556 716 1602 749 et
1624 710 1876 762 spiritualis,

397 777 532 804 unum
558 765 724 806 faciunt
751 780 827 818 per
854 769 1287 820 correspondentias,
1316 784 1428 823 quae
1454 777 1558 811 sunt
1589 772 1706 812 inter
1730 773 1880 814 omnia

397 827 549 867 mundi
572 834 617 868 et
636 830 784 869 omnia
801 829 911 869 caeli
930 844 938 879 ;
972 831 1074 870 inde
1093 838 1161 872 est
1180 831 1433 884 conjunffio
1451 833 1562 873 caeli
1580 846 1680 874 cum
1698 834 1877 875 homine

396 901 475 940 per
492 889 706 930 Verbum.
755 890 924 931 Verum
948 893 1187 944 spiritualis
1210 907 1379 943 sensus,
1400 895 1473 947 qui
1496 894 1609 936 latet
1632 896 1675 935 in
1697 895 1876 937 histori-

397 951 458 991 cis
473 951 626 999 Verbi,
644 954 818 1005 aegrius
837 961 987 1006 potest
1003 955 1139 995 videri
1157 969 1290 1008 quam
1308 957 1380 1009 qui
1399 957 1510 997 latet
1529 959 1571 997 in
1590 958 1874 1011 propheticiS,

395 1027 454 1053 ex
492 1027 637 1063 causa,
674 1017 775 1069 quia
810 1017 1021 1057 historica
1055 1024 1214 1058 tenent
1247 1025 1446 1059 mentem
1483 1020 1526 1059 in
1563 1034 1610 1060 se
1643 1019 1794 1069 fixam,
1829 1028 1876 1063 et

395 1077 498 1117 inde
521 1077 749 1118 abducunt
775 1079 831 1118 ad
864 1079 1154 1131 cogitandum
1178 1080 1296 1120 aliud
1319 1094 1451 1134 quam
1474 1082 1592 1134 quod
1615 1089 1801 1135 apparet
1831 1084 1876 1124 in

396 1139 546 1180 littera
564 1154 572 1190 ;
597 1146 643 1180 at
663 1154 799 1194 usque
819 1143 968 1181 omnia
986 1142 1197 1183 historica
1216 1143 1353 1183 Verbi
1371 1150 1474 1184 sunt
1492 1146 1874 1196 repraesentativa

396 1201 671 1251 caelestium,
691 1217 742 1243 ac
761 1204 897 1243 verba
914 1204 1221 1256 significativa.
1283 1205 1416 1258 Quod
1439 1219 1594 1247 omnes
1616 1207 1678 1247 illi
1702 1221 1874 1260 pugna-

395 1265 481 1305 turi
503 1266 591 1306 sint
614 1267 686 1319 qui
718 1267 760 1306 in
783 1267 898 1306 veris
921 1265 1150 1307 doctrinae
1173 1274 1314 1316 erant,
1338 1275 1385 1309 et
1416 1269 1518 1309 inde
1544 1268 1646 1310 facti
1671 1269 1875 1312 homines

395 1326 625 1376 ecclesiae,
651 1335 695 1368 et
719 1342 806 1368 non
830 1329 891 1368 illi
913 1330 985 1382 qui
1009 1330 1206 1370 nondum
1229 1329 1345 1379 facti,
1370 1330 1645 1383 significatur
1666 1345 1744 1385 per
1764 1332 1873 1374 haec

394 1402 506 1442 quae
530 1397 774 1443 sequuntur
795 1392 839 1431 in
863 1405 915 1431 eo
939 1393 1099 1444 capite,

461 1487 790 1563 “Loquentturddein
810 1489 1052 1563 moderatgres
1069 1490 1490 1565 ad·pf³tpu¹¹·¹t¹n’{¹ic‘>³ndg’
1509 1491 1596 1566 ςέυἰῗ
1613 1492 1667 1523 vir
1683 1492 1741 1566 quti
1757 1491 1875 1566 aedifi-

566 1541 642 1562 cav1
712 1542 832 1563 omum
861 1542 956 1563 nova
996 1558 1002 1567 .
1029 1543 1092 1564 nec
1121 1543 1256 1564 xn11aV1
1300 1544 1318 1564 e
1345 1544 1397 1566 m.
1435 1544 1456 1565 a
1481 1545 1523 1565 ea
1561 1545 1579 1566 e
1619 1545 1815 1567 reveraur
1837 1546 1873 1567 1n

567 1575 711 1605 domum
734 1585 844 1613 suam,
866 1586 910 1606 ne
935 1576 1024 1606 forte
1050 1577 1218 1607 moriatur
1238 1577 1273 1607 in
1293 1577 1397 1615 bello,
1418 1584 1452 1608 et
1472 1578 1525 1609 vir
1544 1578 1633 1609 alius
1653 1578 1766 1610 initiet
1784 1588 1872 1611 eam.

568 1619 641 1649 Aut
660 1619 737 1659 quis
757 1619 810 1649 vir
829 1619 887 1659 qui
908 1619 1080 1658 plantavit
1099 1620 1251 1658 vineam,
1272 1626 1307 1651 et
1326 1630 1398 1651 non
1424 1621 1570 1660 perfecit
1589 1627 1623 1653 et
1643 1621 1874 1654 vindemiavit

569 1663 671 1694 eam?
698 1663 800 1693 abeat
825 1669 859 1693 et
884 1669 1079 1693 revertatur
1099 1663 1134 1693 in
1159 1663 1303 1705 domum
1329 1673 1440 1702 suam,
1462 1674 1505 1695 ne
1529 1664 1619 1695 forte
1643 1665 1814 1696 moriatur
1836 1665 1872 1696 in

568 1705 671 1742 bello,
697 1711 731 1736 et
755 1706 808 1736 vir
831 1706 920 1736 alius
952 1706 1107 1746 perficiat
1131 1712 1166 1737 et
1189 1706 1382 1738 vindemiet
1406 1717 1495 1738 eam.
1541 1707 1614 1738 Aut
1637 1708 1714 1748 quis
1738 1709 1792 1744 vir
1814 1709 1873 1749 qui

567 1749 796 1788 desponsavit
810 1758 966 1786 uxorem,
982 1759 1045 1780 nec
1058 1749 1157 1780 duxit
1174 1751 1275 1782 eam?
1297 1751 1399 1781 abeat
1416 1757 1450 1781 et
1467 1756 1662 1782 revertatur
1678 1750 1714 1783 in
1727 1751 1872 1783 domum

565 1801 676 1829 suam,
695 1802 739 1822 ne
760 1791 851 1822 forte
872 1792 1041 1822 moriatur
1060 1793 1095 1823 in
1116 1793 1218 1831 bello,
1236 1799 1271 1824 et
1289 1793 1343 1824 vir
1361 1794 1449 1824 alius
1469 1794 1572 1824 ducat
1591 1803 1679 1825 eam.
1702 1818 1710 1826 .
1725 1818 1732 1826 .
1746 1818 1754 1826 .
1768 1794 1872 1835 ‚Quis

566 1835 619 1865 vir
638 1835 781 1866 timidus
802 1842 836 1866 et
856 1835 972 1866 mollis
993 1836 1120 1867 corde?
1142 1837 1245 1867 abeat
1269 1842 1304 1867 et
1327 1842 1523 1868 revertatur
1541 1837 1684 1868 domum
1705 1846 1815 1876 suam,
1836 1843 1871 1869 et

566 1888 638 1908 non
668 1878 867 1919 liquefaciat
895 1888 954 1909 cor
978 1878 1124 1909 fratrum
1153 1889 1307 1917 suorum,
1332 1880 1420 1911 sicut
1447 1889 1507 1911 cor
1530 1879 1607 1920 ejus
1619 1879 1635 1892 ''
1663 1879 1797 1920 (Deutr.
1814 1890 1870 1913 xx.

566 1922 641 1961 5-8)
654 1933 661 1953 ε

391 2024 511 2077 quod
538 2024 600 2064 illi
626 2025 736 2078 “qui
758 2038 897 2065 novas
920 2025 1078 2065 domos
1100 2024 1460 2075 aedificaverunt,
1485 2031 1530 2066 et
1553 2026 1750 2066 nondum
1772 2025 1870 2066 illas

391 2087 717 2136 initiaverunt‚'’
739 2094 784 2127 et
814 2088 924 2140 “qui
951 2087 1267 2140 plantaverunt
1289 2088 1454 2136 vineas,
1479 2095 1524 2128 et
1548 2088 1746 2128 nondum
1770 2088 1868 2128 illas

391 2149 816 2198 vindemiaverunt,'’
843 2157 888 2190 et
918 2151 1031 2203 “qui
1057 2150 1443 2202 desponsaverunt
1472 2164 1650 2199 uxores,
1678 2157 1724 2191 et
1756 2164 1868 2190 non-

391 2211 496 2251 dum
534 2226 608 2252 eas
640 2212 906 2260 duxerunt‚''
937 2218 1220 2252 remanerent
1257 2212 1391 2261 domi,
1426 2226 1480 2253 ne
1518 2220 1796 2254 morerentur
1825 2214 1868 2254 in

391 2273 525 2322 bello,
554 2281 599 2314 et
626 2275 704 2315 viri
730 2275 802 2314 alii
827 2276 1052 2315 initiarent
1080 2275 1250 2323 domos,
1278 2275 1604 2316 vindemiarent
1629 2277 1795 2325 vineas,
1821 2283 1868 2318 et

391 2336 607 2377 ducerent
633 2351 811 2385 uxores,
841 2337 1104 2377 mandatum
1131 2343 1176 2377 et
1205 2338 1425 2378 sancitum
1452 2338 1530 2378 fuit
1562 2352 1619 2378 ex
1652 2339 1794 2378 causis
1824 2339 1868 2379 in

389 2399 606 2450 spirituali
633 2399 814 2456 mundo,
845 2413 953 2452 quas
985 2413 1117 2440 nemo
1144 2399 1292 2440 videre
1325 2406 1476 2452 potest
1501 2401 1589 2440 nisi
1619 2401 1732 2440 sciat
1763 2401 1867 2454 quid

389 2460 665 2512 significatur
701 2474 780 2513 per
814 2460 1088 2502 “aedificare
1120 2462 1340 2510 domum‚'’
1375 2462 1620 2514 “plantare
1652 2462 1867 2511 vineam,''

389 2529 436 2564 et
470 2523 670 2564 “ducere
703 2524 931 2571 uxorem‚”
963 2531 1058 2564 tum
1092 2524 1196 2577 quid
1228 2523 1503 2576 significatur
1533 2538 1611 2577 per
1644 2525 1791 2564 “mori
1821 2525 1865 2565 in

389 2585 560 2625 bello:”
611 2599 688 2637 per
732 2586 1002 2626 “aedificare
1047 2586 1263 2627 domum''
1302 2586 1576 2638 significatur
1618 2587 1864 2628 instaurare

390 2647 641 2695 ecclesiam,
676 2661 753 2699 per
782 2648 1026 2700 “plantare
1057 2648 1264 2689 vineam’'
1289 2648 1503 2697 similiter,
1531 2649 1609 2688 sed
1641 2662 1719 2701 per
1746 2649 1864 2690 “do-

388 2709 539 2750 mum''
562 2709 835 2761 significatur
857 2711 1046 2751 ecclesia
1072 2711 1218 2764 quoad
1241 2710 1420 2759 bonum,
1445 2717 1491 2751 et
1517 2723 1594 2763 per
1618 2714 1642 2730 “
1658 2711 1833 2751 vineam
1846 2710 1864 2739 ³'

388 2772 578 2813 ecclesia
608 2773 754 2825 quoad
786 2786 952 2821 verum,
987 2787 1089 2813 nam
1128 2779 1362 2826 utrumque
1398 2779 1491 2813 tam
1529 2774 1694 2814 bonum
1730 2787 1863 2827 quam

387 2847 540 2874 verum
572 2834 929 2886 implantandum
962 2842 1030 2875 est
1064 2836 1245 2883 homini,
1280 2842 1327 2875 ut
1364 2835 1407 2875 in
1444 2835 1520 2875 illo
1557 2836 1613 2876 sit
1645 2835 1861 2886 ecclesia;

376 2894 640 2947 „conjunctio
674 2897 913 2950 utriusque,
946 2910 1106 2950 nempe
1138 2897 1240 2938 boni
1272 2903 1318 2937 et
1349 2898 1453 2946 veri,
1481 2897 1755 2950 significatur
1785 2911 1863 2951 per

389 2959 698 3011 “desponsare
730 2959 811 2998 sibi
844 2973 1031 3000 uxorem
1065 2966 1110 3000 et
1143 2960 1303 3000 ducere
1335 2959 1507 3011 illam;’'
1545 2966 1590 3000 et
1622 2974 1700 3013 per
1728 2960 1861 3002 “bel-
