2054 3464
619 378 726 413 cAP.
751 378 874 420 xm„
898 378 1037 411 VERs.
1059 369 1208 411 6.—-N.
1231 378 1327 422 797.
1611 375 1723 420 2217

91 470 172 538 ³5:
235 516 242 538 ᾖ
287 494 499 579 “Νηωιὲι)ἰᾱ
522 494 700 535 colligitur
718 503 764 526 ex
786 493 900 534 spinis
920 503 1000 533 uva,
1020 499 1080 525 aut
1104 503 1149 532 ex
1173 493 1311 525 tribulis
1337 492 1422 524 ficus
1432 489 1466 525 ?”
1491 490 1635 532 (Mattlz.
1662 490 1721 523 vii.

399 547 415 571 1

200 619 378 666 *Homo
403 621 541 664 etiam
566 619 670 663 talis
697 620 842 662 nescit
868 620 974 674 quid
996 621 1091 662 vita
1115 620 1249 669 bona,
1274 626 1320 661 et
1342 619 1448 674 quid
1474 619 1568 660 vita
1589 618 1721 661 mala.

94 675 139 734 ’Ξῖ
221 682 268 727 Si
291 685 410 729 vivit
449 691 499 727 ut
530 685 638 726 civis
669 683 838 733 mundi,
873 683 1016 724 credit
1048 683 1169 737 quod
1195 684 1318 724 vivat
1349 683 1490 724 vitam
1522 683 1720 734 bonam;

102 782 142 802 2„
218 745 323 793 ¹oum
347 753 503 790 tamen
535 747 646 789 haec
673 747 780 795 vita,
809 747 846 787 si
876 746 1000 787 illam
1032 760 1123 787 non
1149 747 1258 787 vivit
1286 752 1334 787 ut
1361 746 1469 787 civis
1495 745 1622 795 caeli,
1650 752 1722 787 est

200 811 314 854 vita
353 810 499 862 mala;
547 823 630 852 nec
671 810 898 863 dignoscit
939 823 1073 850 unam
1109 809 1167 850 ab
1199 809 1356 859 altera,
1390 810 1493 863 quia
1533 815 1721 863 utraque

102 867 140 926 ξ’·
216 880 408 928 'apparet
431 873 586 915 similis
608 874 652 915 in
670 873 887 914 externis.
939 871 1074 926 Quod
1093 886 1183 914 non
1203 873 1458 925 dignoscat,
1478 878 1547 913 est
1571 885 1719 922 causa,

117 927 126 982 ⁶.
219 931 324 991 quia
353 936 474 979 bona
505 950 657 990 opera,
691 950 806 990 quae
837 935 1006 977 faciunt
1037 936 1192 985 vitam,
1226 935 1475 988 vilipendit.
1538 935 1721 976 Exinde

99 987 173 1056 ³⁴J'L‘
218 1011 337 1044 nunc
362 1000 563 1055 sequitur
580 1000 702 1054 quod
724 999 788 1040 illi
805 999 879 1053 qui
901 1005 948 1041 et
970 997 1176 1040 doctrina
1197 1005 1244 1040 et
1262 999 1355 1039 vita
1377 1012 1425 1040 se
1448 998 1720 1039 confirmant

219 1062 266 1104 in
295 1077 364 1112 eo,
399 1063 519 1118 quod
551 1063 648 1106 sola
680 1063 792 1104 fides
823 1062 1157 1117 absque-bonis
1189 1062 1400 1116 operibus
1427 1061 1642 1115 justificet
1673 1069 1720 1103 et

98 1118 163 1186 f}
188 1148 193 1150 ν
218 1125 380 1176 salvet,
405 1127 580 1169 caelum
607 1127 690 1168 sibi
716 1141 896 1181 prorsus
919 1126 1148 1168 claudant.
1212 1125 1291 1179 (4.)
1327 1125 1556 1167 Claudunt
1582 1126 1721 1167 etiam

78 1183 159 1254 &31¹
218 1189 301 1237 sibi
326 1190 503 1232 caelum
526 1205 604 1245 per
626 1191 685 1240 id,
709 1191 830 1245 quod
857 1191 1040 1232 tametsi
1063 1190 1157 1231 vita
1181 1189 1360 1231 illorum
1386 1195 1456 1230 est
1480 1190 1574 1230 vita
1599 1202 1720 1230 mere

92 1252 165 1305 ζῗ,
216 1253 452 1304 naturalis,
477 1268 592 1309 quae
625 1254 766 1296 trahit
798 1254 952 1295 omnia
982 1267 1063 1294 sua
1094 1267 1153 1295 ex
1186 1266 1340 1294 amore
1372 1253 1438 1293 sui
1470 1258 1515 1293 et
1549 1253 1719 1302 mundi,

83 1309 171 1378 :ss
219 1329 360 1371 usque
383 1318 594 1360 meritum
618 1317 804 1359 Domini
827 1317 910 1358 sibi
931 1317 1214 1367 attribuant;
1247 1316 1443 1357 dicendo
1462 1316 1612 1365 corde,
1636 1315 1720 1358 “Si

101 1395 172 1442 χλ-
199 1378 365 1422 *solum
390 1393 493 1423 curn
519 1380 684 1423 fiducia
709 1387 755 1423 et
782 1380 1061 1422 confidentia
1086 1380 1322 1422 credidero
1347 1380 1469 1434 quod
1497 1379 1720 1421 Dominus

92 1442 111 1475 ἰ
133 1444 155 1494 f.-
218 1451 377 1497 passus
402 1443 462 1486 sit
494 1457 675 1486 crucem
703 1458 784 1498 pro
816 1457 903 1492 me,
932 1450 978 1485 et
1010 1457 1090 1497 per
1120 1443 1164 1484 id
1195 1443 1439 1484 redemerit
1467 1456 1553 1491 me,
1578 1444 1720 1484 vitam

217 1511 454 1551 aeternam
479 1507 704 1558 habeam;
744 1514 791 1549 et
823 1507 910 1548 hoc
938 1507 1041 1561 quia
1067 1506 1146 1548 illa
1166 1505 1343 1560 justitia
1369 1513 1417 1547 et
1448 1506 1558 1547 illud
1586 1507 1719 1552 meri-

154 1579 155 1584 ’
178 1600 180 1602 v
217 1573 315 1614 tum
332 1570 582 1624 imputatur
597 1571 707 1612 mihi
725 1584 804 1624 per
821 1569 972 1620 fidem,
990 1577 1036 1611 et
1055 1569 1164 1611 nihil
1183 1569 1276 1622 ejus
1295 1583 1374 1623 per
1391 1583 1529 1623 opera
1547 1570 1669 1611 vitae
1685 1569 1721 1610 ;”

217 1644 320 1675 cum
345 1639 502 1676 tamen
523 1634 847 1688 imputativum
871 1634 1020 1675 meriti
1048 1633 1232 1674 Domini
1255 1645 1346 1673 non
1370 1632 1517 1681 datur,
1542 1634 1607 1673 ita
1634 1646 1717 1674 nec

93 1688 163 1752 ,ζῆ
215 1695 321 1739 vita,
345 1696 450 1739 inde
482 1697 755 1751 imputativa
787 1697 986 1748 homini;
1029 1697 1108 1738 sed
1140 1697 1234 1737 vita
1270 1709 1297 1736 a
1334 1695 1533 1736 Domino
1570 1696 1718 1745 datur,

90 1815 102 1817 ..
134 1757 141 1766 '
217 1771 332 1813 quae
363 1759 509 1814 qualis
541 1761 599 1802 sit
631 1774 766 1814 supra
802 1761 845 1801 in
883 1774 964 1801 suo
995 1759 1188 1801 articulo
1219 1757 1389 1800 dictum
1421 1765 1506 1800 est.
1569 1758 1720 1812 Quare

217 1821 441 1876 imputare
473 1822 555 1864 sibi
594 1825 805 1865 meritum
844 1823 1042 1872 Domini,
1077 1829 1123 1864 et
1162 1836 1254 1864 non
1285 1823 1437 1864 vivere
1470 1823 1720 1864 secundum

99 1878 155 1938 ’3ζ
215 1892 462 1940 praecepta
489 1885 634 1940 Ipsius
659 1887 704 1928 in
732 1886 903 1936 Verbo,
929 1893 975 1928 et
1002 1887 1064 1928 sic
1089 1887 1239 1927 vivere
1265 1886 1323 1927 ab
1349 1886 1469 1940 Ipso,
1499 1891 1570 1927 est
1597 1885 1719 1927 blas-

73 1943 148 2000 'ss'‘J
216 1948 424 2003 phemia;
473 1951 576 2004 quia
614 1950 701 1992 hoc
740 1950 933 1992 involvit
970 1949 1322 2004 possibilitatem
1358 1950 1540 1991 vivendi
1572 1949 1720 1991 solum

99 2009 115 2066 ³„-
133 2036 151 2058 η
215 2011 298 2056 sibi
323 2018 371 2055 et
397 2013 582 2062 mundo,
607 2015 672 2055 ita
698 2014 832 2062 male,
856 2015 901 2055 in
929 2013 1141 2055 Domino.
1206 2012 1287 2068 (5.)
1323 2013 1552 2055 Claudunt
1579 2015 1719 2056 etiam

90 2068 161 2117 ’Ἧι
217 2074 302 2117 sibi
327 2075 505 2118 caelum
531 2090 610 2131 per
632 2077 691 2126 id,
717 2077 838 2131 quod
865 2083 1122 2130 agnoscant
1149 2076 1322 2118 nullam
1344 2076 1479 2118 fidem
1506 2090 1588 2130 pro
1614 2076 1718 2126 fide,

81 2143 86 2196 ζ
215 2144 295 2181 aut
326 2138 591 2182 historicam
631 2153 712 2194 pro
751 2139 965 2190 salvifica,
1000 2140 1255 2181 naturalem
1292 2154 1373 2194 pro
1405 2140 1637 2194 spirituali,
1672 2148 1720 2183 et

90 2196 164 2241 δ’
188 2245 198 2249 Α
216 2209 444 2247 mortuam
470 2216 551 2257 pro
578 2204 708 2254 viva;
747 2203 955 2244 similiter
979 2202 1189 2245 fiduciam
1221 2202 1349 2244 fidei:
1390 2203 1436 2244 hi
1468 2204 1588 2245 enim
1621 2218 1718 2246 cre-

217 2265 332 2311 dunt
358 2266 480 2320 quod
507 2266 621 2308 scire
653 2272 700 2308 et
729 2267 934 2320 cogitare
960 2267 1134 2320 aperiat
1161 2266 1352 2315 caelum,
1382 2273 1430 2308 et
1462 2280 1554 2308 non
1586 2267 1719 2308 simul

95 2326 155 2381 (ρ’,
195 2327 335 2373 ⁴vello
372 2334 419 2370 et
455 2329 618 2378 facere,
658 2343 760 2371 cum
802 2336 957 2371 tamen
1000 2330 1112 2371 haec
1151 2330 1361 2384 primaria
1398 2336 1518 2380 sunt,
1558 2337 1605 2371 et
1642 2330 1721 2372 illa

91 2382 157 2452 ἶς’,
214 2392 510 2443 secundaria;
554 2393 648 2434 vita
679 2393 799 2434 enim
832 2393 1127 2446 cogitationis
1160 2393 1356 2434 hominis
1388 2400 1459 2435 est
1491 2408 1551 2434 ex
1584 2393 1719 2435 affec-

215 2455 342 2497 tione
359 2455 613 2497 voluntatis
636 2455 742 2509 ejus.
807 2455 887 2510 (6.)
922 2454 1153 2498 Claudunt
1172 2458 1310 2498 etiarn
1335 2457 1418 2498 sibi
1441 2457 1617 2498 caelum
1641 2471 1720 2511 per

95 2530 102 2566 ¹,
146 2565 151 2576 ι
217 2517 277 2567 id,
305 2518 426 2573 quod
458 2519 561 2573 quia
592 2519 732 2560 homo
764 2533 855 2561 non
882 2526 1038 2573 potest
1066 2520 1214 2562 facere
1245 2521 1416 2562 bonum
1449 2535 1474 2561 a
1506 2534 1569 2569 se,
1598 2521 1718 2574 quod

215 2587 288 2623 est
313 2581 498 2631 bonum,
522 2588 569 2624 et
596 2583 681 2623 nisi
707 2583 766 2624 sit
793 2583 1087 2632 meritorium,
1112 2584 1332 2625 omittant
1358 2584 1529 2624 bonurn
1555 2583 1716 2631 facere,

162 2637 174 2652 ⁵
215 2650 263 2687 et
289 2644 535 2699 implorent
562 2644 724 2697 fidem3
759 2652 805 2687 et
832 2660 972 2700 usque
998 2660 1090 2688 non
1117 2646 1228 2688 fides
1255 2661 1371 2701 quae
1397 2653 1468 2688 est
1495 2646 1608 2688 fides
1636 2647 1719 2687 nisi

215 2720 276 2748 ex
302 2707 545 2757 charitate,
573 2709 638 2750 ita
665 2709 748 2750 nisi
774 2723 834 2750 ex
862 2709 1010 2750 bono:
1049 2709 1161 2751 fides
1188 2724 1302 2764 quae
1329 2724 1408 2764 per
1433 2709 1717 2763 imploratio-

89 2792 111 2829 *5
137 2787 170 2824 Q
215 2782 319 2811 nem
351 2777 460 2812 tunc
494 2772 774 2825 permittitur
805 2772 915 2822 dari,
944 2779 1015 2814 est
1047 2772 1159 2814 fides
1196 2773 1295 2814 falsi
1327 2788 1386 2814 ex
1419 2773 1571 2823 malo;
1611 2786 1717 2813 nam

99 2827 127 2841 ’
159 2854 166 2861 -
214 2834 289 2875 ubi
320 2847 412 2875 non
443 2841 516 2876 est
547 2834 717 2876 bonurn
749 2835 809 2877 ibi
841 2843 911 2878 est
945 2836 1131 2886 malum,
1165 2843 1212 2878 et
1246 2837 1320 2877 ubi
1353 2843 1424 2877 est
1457 2836 1626 2876 malum
1658 2836 1719 2877 ibi

213 2902 285 2939 est
316 2896 505 2948 falsum3
548 2905 595 2940 et
626 2897 738 2940 fides
769 2899 869 2940 falsi
901 2914 960 2940 ex
993 2899 1115 2941 malo
1147 2906 1218 2941 est
1251 2899 1363 2941 fides
1395 2900 1566 2948 inferni,
1601 2914 1718 2954 quae

77 2959 108 3022 κ’
175 2964 178 2968 ’
213 2966 404 3002 vocatur
426 2959 538 3002 fides
561 2968 755 3012 mortua,
780 2969 827 3004 et
851 2962 963 3004 haec
987 2963 1159 3004 claudit
1184 2963 1373 3004 caelum.
1439 2962 1518 3017 (7.)
1554 2963 1716 3017 Impri-

163 3068 169 3069 ἶ
214 3024 298 3065 mis
339 3023 566 3067 clauditur
605 3024 694 3066 illis
739 3026 917 3068 caelum
958 3040 1038 3080 per
1077 3026 1434 3081 applicationem
1476 3026 1617 3068 Verbi
1657 3026 1717 3069 ad
