2098 3476
400 369 507 403 CAP.
530 370 633 411 XII.,
657 369 936 402 CONTENTA
961 370 1198 402 VERSUUM
1227 372 1264 413 3,
1287 370 1435 412 4.—N.
1459 370 1555 414 712.
1651 373 1756 415 1947

257 483 390 538 pitur.
450 483 526 525 Ex
549 483 616 525 his
639 489 849 525 constare
865 489 1019 536 potest
1042 483 1147 536 quid
1171 496 1248 536 per
1270 483 1313 524 id
1337 489 1561 524 statutum
1579 497 1756 537 reprae-

257 547 489 589 sentatum
530 553 616 595 est,
655 553 702 587 et
743 547 788 587 in
829 560 964 587 sensu
1005 546 1224 599 spirituali
1261 546 1576 599 significatum.
1638 545 1757 600 Quid

257 609 561 664 significatum
587 616 657 650 est
685 622 764 662 per

331 699 437 741 Quod
457 698 556 731 Deus
572 699 738 730 clauserit
754 708 899 730 omnem
917 704 1057 730 uterum
1075 698 1204 730 domus
1221 698 1443 730 Abimelechi
1461 705 1606 739 propter
1623 699 1757 736 Saram,

432 753 582 774 uxorem
597 743 815 779 Abrahami3
840 749 875 774 et
892 749 1083 782 postquam
1102 742 1283 773 Abraham
1301 749 1466 774 oraverat
1483 752 1547 782 pro
1565 742 1644 780 illis,
1661 742 1758 773 Deus

431 787 614 818 sanaverit
634 786 918 824 Abimelechum,
938 795 1086 817 uxorem
1108 786 1196 827 ejus,
1217 792 1252 817 et
1272 786 1420 817 ancillas
1441 796 1574 823 eorum,
1595 792 1633 817 ut
1654 796 1759 827 pepe-

431 830 543 862 rerint
559 831 656 868 (Gen.
674 840 731 862 xx.
752 837 802 868 17,
824 830 886 869 18),

247 919 463 967 ‚videatur
487 919 532 960 in
557 918 756 959 Arcanis
786 917 1076 967 caelestibus,
1106 918 1179 959 ubi
1206 917 1283 959 illa
1309 917 1541 971 explicata
1567 925 1686 959 sunt.

327 989 455 1036 x711.
494 981 720 1022 “clamavit
752 980 1007 1033 parturiens,
1051 984 1096 1021 et
1136 980 1326 1020 cruciata
1363 979 1755 1033 paret-e.”—Quod

255 1042 479 1096 significet
506 1057 589 1084 non
615 1043 901 1096 receptionem
927 1042 983 1083 ab
1017 1042 1112 1083 illis
1145 1042 1224 1095 qai
1250 1042 1295 1082 in
1326 1041 1502 1082 ecclesia
1528 1042 1757 1082 naturales

253 1112 296 1147 et
319 1106 544 1148 sensuales
569 1113 686 1156 sunt,
709 1113 750 1147 et
774 1106 1079 1147 resistentiam
1104 1105 1297 1154 illorum,
1321 1111 1504 1146 constat
1531 1120 1590 1146 ex
1617 1106 1756 1159 signi-

254 1167 464 1211 ficatione
490 1169 722 1211 “clamare
746 1169 1029 1223 parturiens”
1052 1175 1098 1210 et
1124 1169 1347 1209 “cruciari
1374 1169 1630 1221 pariendo,”
1654 1183 1755 1210 cum

254 1232 312 1274 de
353 1231 558 1274 doctrina
594 1233 687 1273 veri
728 1240 945 1273 nascente
988 1246 1048 1273 ex
1091 1245 1243 1272 amore
1281 1231 1482 1280 caelesti,
1522 1246 1636 1285 quae
1678 1246 1756 1285 per

196 1295 198 1297 ’
257 1295 577 1337 “masculum''
595 1309 728 1350 quem
747 1297 936 1350 peperit,
957 1294 1240 1348 intelligitur,
1260 1295 1381 1349 quod
1405 1296 1461 1336 sit
1485 1309 1575 1335 non
1598 1309 1755 1348 recep-

253 1359 320 1401 tio
355 1358 462 1412 ejus,
501 1365 548 1400 ct
585 1373 763 1412 quoque
801 1360 1086 1409 resistentia;
1130 1358 1251 1412 quod
1288 1359 1346 1399 sit
1384 1359 1441 1399 ab
1479 1358 1566 1398 illis
1603 1359 1676 1412 qui
1713 1359 1757 1399 in

255 1422 448 1464 ecclesia
470 1422 700 1464 naturales
723 1429 769 1463 et
793 1422 1026 1463 sensuales
1049 1429 1168 1471 sunt,
1189 1429 1259 1463 est
1282 1423 1385 1476 quia
1407 1422 1469 1463 illi
1492 1422 1756 1475 intelligun-

225 1536 230 1539 ,
255 1491 329 1529 tur
359 1499 438 1540 per
466 1486 790 1535 “draconem,''
817 1486 873 1526 de
905 1500 994 1540 quo
1026 1486 1240 1539 sequitur.
1303 1485 1439 1539 Quod
1468 1487 1726 1539 “parturire
1739 1485 1757 1500 ”

251 1555 302 1595 ,et
341 1549 566 1604 “parere”
602 1550 659 1590 sit
698 1550 915 1602 parturire
952 1555 999 1589 et
1041 1563 1196 1602 parere
1238 1549 1348 1590 talia
1388 1563 1501 1602 quae
1539 1548 1757 1589 ecclesiae

255 1619 375 1662 sunt,
402 1612 473 1654 hic
506 1626 620 1666 quae
652 1610 887 1653 doctrinae
919 1612 1011 1652 veri
1043 1619 1089 1653 et
1121 1612 1242 1661 boni,
1272 1619 1483 1653 constare
1509 1618 1664 1665 potest
1697 1626 1756 1652 ex

254 1675 342 1718 illis
367 1689 481 1730 quae
507 1676 551 1716 in
578 1675 884 1716 antecedente
910 1674 1102 1716 articulo
1130 1675 1185 1715 de
1212 1679 1380 1715 “utero
1393 1674 1412 1689 '’
1435 1681 1480 1715 et
1508 1674 1600 1727 ejus
1627 1688 1756 1727 aper-

65 1791 72 1793 <
256 1744 372 1788 tura,
396 1745 443 1780 et
465 1738 522 1780 de
547 1738 757 1792 “partu‚”
775 1745 961 1779 ostensa
984 1744 1103 1787 sunt,
1129 1744 1174 1779 et
1197 1752 1375 1792 quoque
1398 1738 1441 1777 in
1465 1737 1758 1791 sequentibus

253 1801 382 1856 hujus
400 1802 575 1855 capitis,
595 1802 669 1842 ubi
690 1805 883 1854 “parere
896 1801 914 1816 ’'
933 1802 1106 1842 dicitur.
1170 1801 1356 1842 Interim
1376 1801 1481 1842 licet
1504 1801 1588 1842 hoc
1614 1801 1751 1842 modo

62 1859 70 1869 ²
254 1877 505 1907 memorare
547 1865 666 1919 quod
709 1878 788 1918 per
827 1865 1129 1914 “masculum‚
1169 1878 1303 1919 quem
1346 1864 1503 1906 mulier
1544 1864 1758 1917 peperit‚''

31 1973 34 1975 ,
257 1927 527 1982 intelligitur
553 1926 759 1969 doctrina
785 1927 943 1968 Novae
974 1927 1337 1980 Hierosolymae,
1367 1942 1480 1981 quae
1508 1942 1534 1982 a
1561 1927 1758 1968 Domino

0 1991 30 2050 ξῖ
257 2005 282 2034 e
313 1991 441 2033 caelo
473 1991 583 2033 data
613 1997 710 2042 est3
748 1991 868 2045 quod
895 1991 1116 2032 dracones
1143 1998 1251 2032 tunc
1279 1991 1676 2040 circumsteterint,
1706 2005 1757 2031 ac

0 2048 18 2061 ”
255 2054 553 2096 vehementer
574 2061 620 2096 et
648 2054 817 2095 obnixe
844 2055 1122 2103 obstiterint,
1151 2061 1198 2095 et
1225 2055 1310 2094 hoc
1339 2068 1478 2108 usque
1502 2054 1558 2095 ad
1586 2054 1757 2095 clamo-

191 2143 204 2146 -»
254 2129 355 2159 rem
376 2124 423 2160 et
449 2118 696 2159 cruciatum
723 2117 901 2159 illorum
934 2118 1008 2171 qui
1042 2131 1122 2171 pro
1154 2117 1232 2158 illa
1259 2116 1466 2158 doetrina
1492 2125 1636 2167 erant,
1665 2125 1757 2158 tes-

253 2181 340 2222 tari
370 2194 579 2235 possum:
618 2181 739 2235 quod
772 2182 909 2222 etiam
942 2181 1111 2222 similes
1143 2181 1188 2221 in
1221 2181 1394 2222 mundo
1427 2181 1636 2222 obstituri
1668 2182 1758 2222 sint

254 2257 310 2286 ne
331 2244 584 2298 recipiatur,
605 2244 708 2285 inde
729 2251 939 2285 constare
958 2251 1126 2297 potest.
1189 2243 1385 2297 Quinam
1409 2244 1471 2285 illi
1495 2251 1614 2294 sunt,
1635 2245 1756 2285 dice-

0 2302 5 2318 ’
253 2313 327 2349 tur
369 2308 415 2349 in
454 2308 760 2362 sequentibus,
805 2308 880 2348 ubi
922 2308 978 2349 de
1023 2308 1259 2349 “dracone
1273 2308 1291 2323 ’'
1333 2315 1379 2349 et
1425 2309 1482 2349 de
1526 2308 1758 2349 “bestiis’‘

0 2354 6 2433 Ξ
121 2415 124 2418 ,
254 2369 375 2424 Quid
391 2377 544 2412 autem
563 2371 606 2411 in
625 2372 774 2424 specie
790 2370 1068 2424 significatur
1086 2370 1201 2425 [per]
1223 2371 1456 2412 “clamare
1473 2372 1724 2424 parturiens
1738 2371 1756 2386 ”

0 2453 18 2479 a
254 2437 303 2473 et
319 2436 346 2453 “
358 2432 549 2473 cruciari
565 2433 786 2486 pariendo
798 2432 818 2447 ‘’
833 2433 878 2472 in
894 2432 1053 2473 Verbo
1068 2433 1191 2481 alibi,
1209 2433 1421 2473 videatur
1436 2433 1549 2473 infra
1565 2444 1610 2481 (in
1621 2445 1756 2473 articulo

0 2493 18 2519 Ε*
257 2490 410 2544 ¹⁸¹721)‚
437 2491 513 2532 ubi
539 2492 801 2546 explicatur
827 2493 933 2546 quid
963 2493 1225 2546 “parturire
1239 2492 1258 2507 ’'
1281 2499 1327 2533 et
1357 2497 1556 2546 “parere
1570 2492 1590 2508 ''
1615 2494 1757 2547 signi-

258 2552 378 2604 ficat,
406 2566 521 2608 quae
547 2554 796 2595 videantur.

885 2705 1023 2729 VERSUS
1039 2706 1068 2737 3,
1086 2706 1117 2737 4.

331 2773 450 2820 ⁷12·
483 2779 549 2806 ”ft
567 2780 658 2807 vlsum
677 2781 726 2807 est
743 2780 824 2806 allud
841 2780 956 2813 slqnum
975 2780 1005 2807 1η
1024 2781 1124 2812 caelet
1149 2782 1180 2808 et
1197 2788 1265 2808 ecce
1283 2781 1371 2808 draco
1389 2788 1511 2814 maanus
1530 2780 1625 2814 rufus,
1646 2780 1757 2807 habens

249 2819 349 2852 capita
363 2821 486 2851 εσρΐειη,
502 2821 534 2847 et
550 2827 659 2846 cornua
673 2821 782 2851 decem.
799 2822 830 2846 et
848 2827 938 2852 super
953 2821 1101 2852 capitibus
1117 2822 1182 2848 sm's
1197 2822 1364 2848 dfademata
1379 2823 1501 2853 septem.
1539 2821 1574 2847 ft
1592 2822 1684 2847 cauda
1703 2828 1757 2847 sua

249 2857 345 2884 traxit
356 2858 476 2884 tertlam
489 2859 602 2890 partem
615 2859 767 2885 stellarum
781 2859 864 2889 caen,
880 2861 911 2885 et
923 2859 1050 2892 projecit
1062 2859 1131 2886 illas
1144 2860 1173 2886 Ῐη
1188 2861 1318 2891 ίενναιηῐ
1338 2860 1369 2886 e't
1382 2860 1470 2886 draco
1485 2860 1572 2886 stetit
1583 2867 1680 2886 coram
1694 2867 1757 2885 mu-

249 2896 322 2923 ltere
331 2895 438 2929 futura
449 2903 564 2929 parere.
581 2899 614 2923 ut
625 2899 779 2930 postquam
792 2898 952 2930 pepererit,
965 2897 1061 2930 fetum
1075 2895 1141 2931 &Jus
1154 2899 1342 2925 devoraret.”

294 2977 327 3012 3.
359 2969 423 3004 “Et
440 2969 549 3004 risum
566 2973 624 3004 est
644 2970 742 3004 aliud
753 2970 889 3014 signum
906 2970 940 3005 in
957 2958 1083 3008 caelos
1099 2972 1261 3014 significat
1278 2973 1512 3004 revelationem
1530 2972 1702 3004 Divinam
1718 2973 1758 3004 de

427 3015 680 3058 impugnatione
694 3017 869 3048 doarinae
891 3027 976 3059 quae
989 3022 1057 3059 pro
1081 3028 1172 3049 nova
1189 3018 1330 3057 ecclesia,
1347 3022 1378 3048 et
1399 3029 1420 3048 a
1444 3017 1563 3060 quibus
1582 3017 1632 3060 [n.
1652 3016 1755 3060 713];
