2098 3476
405 369 509 413 1952
811 367 1142 401 APOCALvPffls
1174 368 1471 399 EXPLICATA.

396 482 440 522 in
479 481 577 523 luce
610 481 776 529 mundi,
810 482 892 521 nisi
924 481 1035 522 haec
1068 480 1294 521 illustrata
1326 481 1383 521 sit
1421 480 1478 521 ab
1513 480 1601 522 illa.
1663 481 1748 530 Illi,
1777 482 1884 536 'quia

397 544 513 585 tales
551 551 668 593 sunt,
704 558 792 584 non
829 544 963 584 aliam
1000 544 1140 583 vitam
1177 549 1332 583 amant
1370 556 1503 596 quarn
1541 557 1802 597 corpoream
1835 551 1883 586 et

397 608 698 656 mundanam;
743 613 787 647 et
826 607 927 659 quia
959 606 1221 658 voluptates
1253 612 1298 646 et
1331 607 1724 659 concupiscentiae
1755 606 1884 660 hujus

394 671 516 710 vitae
550 670 748 710 resident
791 670 833 709 in
876 668 1068 709 naturali
1107 668 1302 716 homine,
1342 669 1444 709 inde
1481 669 1691 719 interiora
1730 684 1883 712 eorum

395 738 498 772 sunt
531 732 675 778 foeda,
710 738 755 772 et
789 733 933 771 omnis
965 731 1142 783 generis
1174 731 1303 771 malis
1336 731 1580 784 obstipata,
1615 746 1728 785 quae
1759 732 1882 774 clau-

395 794 507 834 dunt
534 807 713 834 omnem
740 795 858 834 viam
891 808 970 846 pro
997 793 1165 833 influxu
1193 793 1302 834 lucis
1335 800 1380 834 et
1413 794 1574 834 caloris
1601 795 1740 845 caeli;
1779 795 1883 837 inde

395 863 498 897 sunt
536 857 720 897 interius
759 856 926 896 diaboli
964 862 1009 896 et
1048 863 1250 904 satanae,
1285 862 1512 910 utcunque
1543 864 1791 911 appareant
1823 873 1883 900 ex
1956 902 1959 906 Α

395 919 584 972 loquelis
617 933 667 959 ac
701 919 922 959 simulatis
949 919 1152 971 gestibus
1185 920 1299 959 sicut
1327 919 1581 972 spirituales
1613 926 1658 961 et
1691 920 1882 962 Christi·
1936 926 1940 932 ’

393 983 478 1022 ani.
541 982 677 1022 Tales
711 995 798 1021 non
832 988 936 1022 sunt
970 982 1052 1021 nisi
1085 995 1218 1035 quam
1250 982 1507 1031 sensuales;
1547 996 1650 1023 nam
1682 984 1882 1024 exterius

394 1044 514 1097 loqui
541 1051 729 1097 possunt
763 1045 818 1085 de
851 1042 1016 1085 sanctis
1044 1044 1276 1093 ecclesiae,
1306 1052 1351 1085 et
1384 1046 1569 1086 interius
1602 1060 1739 1100 usque
1771 1046 1881 1087 nihil

393 1107 609 1156 credunt;
649 1113 693 1147 et
727 1108 798 1160 qui
826 1113 988 1160 putant
1016 1121 1063 1147 se
1091 1108 1286 1155 credere,
1314 1115 1382 1148 est
1410 1108 1673 1149 historicum
1699 1115 1746 1150 et
1777 1109 1882 1150 inde

366 1163 699 1222 'persuasivum
732 1184 790 1210 ex
824 1170 1044 1222 magistro
1076 1176 1152 1210 aut
1185 1184 1244 1210 ex
1277 1171 1454 1223 propria
1485 1171 1804 1224 intelligentia,
1837 1173 1882 1213 in

395 1246 442 1272 se
479 1231 652 1280 falsum,
687 1232 806 1285 quod
844 1233 1066 1282 creditur;
1110 1233 1178 1272 cui
1215 1239 1369 1273 tamen
1407 1233 1517 1274 fides
1553 1233 1745 1275 habetur
1780 1235 1884 1288 quia

394 1295 579 1335 inservit
608 1309 687 1348 pro
714 1295 864 1335 medio
890 1295 947 1335 ad
974 1295 1153 1343 famam,
1181 1294 1399 1336 honorem
1426 1303 1472 1337 et
1499 1293 1683 1338 lucrum.
1745 1297 1882 1338 Tales

393 1358 437 1397 in
474 1371 639 1410 genere
677 1364 780 1397 sunt
818 1358 1050 1398 dracones
1114 1357 1227 1398 Sunt
1270 1365 1420 1399 autem
1459 1359 1607 1412 plures
1647 1361 1691 1400 in
1733 1360 1882 1413 specie

392 1421 466 1473 qui
493 1434 570 1473 per
599 1419 910 1460 “draconem’‘
937 1419 1271 1472 significantur;
1311 1429 1414 1462 sunt
1442 1423 1560 1462 enim
1587 1423 1660 1476 qui
1685 1423 1881 1464 referunt

394 1482 485 1535 ejus
512 1489 662 1536 caput,
691 1484 764 1536 qui
791 1483 882 1535 ejus
910 1496 1086 1535 corpuS,
1115 1490 1160 1524 et
1188 1485 1261 1536 qui
1288 1484 1380 1536 ejus
1407 1491 1612 1525 externa.

480 1545 560 1598 (ii.)
606 1545 692 1598 Qui
725 1547 767 1585 in
796 1547 944 1598 specie
971 1546 1166 1586 referunt
1194 1546 1401 1586 draconis
1428 1554 1564 1600 caput
1596 1554 1700 1588 sunt
1732 1548 1806 1601 qui
1836 1547 1881 1589 in

393 1607 489 1648 sola
515 1608 614 1656 fide,
644 1622 756 1661 quae
783 1615 852 1648 est
880 1608 990 1648 fides
1017 1615 1225 1662 separata
1252 1623 1277 1649 a
1303 1609 1539 1658 charitate,
1569 1624 1616 1650 se
1642 1610 1880 1651 confirma-

392 1677 552 1711 verunt
580 1669 784 1711 do6trina
811 1677 856 1711 et
882 1672 1004 1720 vita3
1037 1671 1156 1724 quod
1183 1671 1246 1711 illi
1273 1679 1408 1724 caput
1436 1673 1642 1713 draconis
1669 1673 1879 1722 reserant,

393 1739 462 1773 est
495 1734 596 1786 quia
629 1733 827 1786 plerique
860 1746 1011 1773 eorum
1044 1740 1147 1774 sunt
1181 1735 1355 1782 eruditi,
1384 1741 1429 1775 et
1463 1735 1706 1776 creduntur
1731 1733 1879 1786 d0&i;

394 1795 773 1836 confirmaverunt
797 1797 915 1836 enim
943 1810 989 1836 se
1017 1797 1135 1849 quod
1163 1811 1240 1850 per
1266 1797 1411 1837 solum
1435 1798 1639 1850 cogitare
1664 1797 1741 1838 illa
1767 1812 1881 1852 quae

392 1858 582 1898 ecclesia
609 1859 758 1906 docet,
787 1858 907 1911 quod
935 1866 1100 1899 vocant
1128 1860 1324 1907 credere,
1354 1859 1613 1900 salventur:
1652 1861 1731 1901 sed
1758 1861 1879 1902 dice·

392 1927 464 1960 tur
490 1920 633 1973 qualis
665 1927 735 1960 est
763 1919 967 1961 doctrina
993 1921 1186 1969 illorum,
1215 1927 1260 1961 et
1293 1921 1437 1974 qualis
1470 1929 1539 1963 est
1566 1924 1661 1963 vita
1686 1923 1878 1965 illorum.

393 1981 608 2023 Doctrina
631 1983 808 2023 illorum
831 1990 900 2023 est
928 1984 1046 2036 quod
1071 1983 1193 2024 Deus
1217 1984 1349 2024 Pater
1372 1985 1541 2025 miserit
1567 1985 1728 2026 Filium
1751 2000 1879 2027 suum

391 2045 448 2084 ab
474 2052 660 2085 aeterno
687 2052 843 2086 natum
870 2047 912 2086 in
941 2048 1155 2085 mundum
1183 2052 1231 2099 Ut
1262 2046 1386 2087 fieret
1414 2047 1565 2096 homo,
1594 2054 1642 2088 ut
1669 2049 1878 2101 impleret

391 2109 541 2148 omnia
578 2107 729 2160 Legis,
768 2115 970 2161 portaret
1009 2109 1206 2148 omnium
1244 2110 1519 2162 iniquitates,
1558 2124 1608 2151 ac
1647 2117 1879 2164 pateretur

391 2183 595 2220 crucem;
643 2177 688 2211 et
726 2171 844 2224 quod
886 2184 964 2223 per
1004 2171 1048 2210 id
1086 2171 1207 2211 Deus
1245 2172 1378 2212 Pater
1414 2173 1791 2221 reconciliaretur,
1830 2180 1877 2215 et

391 2239 754 2273 commoveretur
791 2234 1108 2281 misericordia,
1147 2240 1192 2274 et
1235 2235 1354 2287 quod
1391 2236 1696 2288 reciperentur
1731 2236 1795 2278 illi
1832 2237 1876 2277 in

391 2295 565 2335 caelum
592 2296 664 2348 qui
696 2296 739 2335 in
766 2295 852 2335 fide
884 2296 939 2336 de
965 2295 1051 2336 illis
1078 2310 1136 2336 ex
1163 2295 1322 2336 fiducia
1348 2305 1515 2346 essent,
1545 2305 1590 2339 et
1617 2299 1736 2352 quod
1763 2298 1875 2340 fidu-

391 2359 458 2398 cia
490 2358 605 2398 illius
638 2357 739 2398 fidei
771 2372 858 2398 una
890 2371 991 2398 cum
1018 2358 1214 2398 Domino
1241 2359 1542 2401 intercederet
1575 2367 1620 2401 et
1648 2361 1872 2403 salvaret:

389 2421 575 2475 proinde
613 2421 731 2474 quod
767 2420 844 2460 illa
880 2420 990 2461 fides
1027 2421 1158 2461 detur
1189 2423 1343 2473 generi
1376 2422 1574 2463 humano
1606 2430 1817 2477 separato
1848 2438 1875 2465 a

391 2485 490 2524 Deo
523 2484 669 2531 Patre,
704 2489 751 2523 ut
785 2484 981 2523 medium
1012 2485 1283 2536 receptionis
1315 2491 1361 2525 et
1396 2485 1567 2534 salutis,
1602 2487 1704 2540 quia
1735 2487 1873 2528 homo

389 2553 630 2600 postquam
673 2545 879 2586 Adamus
921 2546 1182 2586 comederat
1225 2560 1282 2586 ex
1324 2547 1482 2587 arbore
1523 2548 1739 2588 scientiae
1781 2562 1871 2589 non

390 2609 580 2662 amplius
612 2610 655 2649 in
688 2614 811 2648 statu
843 2608 1032 2648 faciendi
1065 2609 1231 2648 bonum
1269 2623 1327 2649 ex
1365 2623 1412 2649 se
1444 2616 1580 2657 esset,
1614 2611 1871 2663 perdiderat

389 2673 508 2712 enim
541 2672 643 2712 inde
681 2685 780 2711 cum
813 2672 1008 2723 imagine
1046 2671 1130 2711 Dei
1162 2671 1348 2711 liberum
1380 2672 1638 2722 arbitrium3
1681 2673 1873 2726 denique

388 2735 508 2788 quod
549 2732 804 2787 supradffiia
844 2734 933 2775 sint
975 2734 1183 2774 meritum
1222 2734 1417 2782 Domini,
1455 2749 1533 2787 per
1573 2735 1691 2788 quod
1733 2735 1870 2776 homo

389 2799 517 2837 unice
543 2803 696 2850 potest
725 2796 899 2836 salvari.
964 2795 1089 2836 Haec
1123 2802 1226 2836 sunt
1254 2798 1461 2849 primaria
1487 2796 1587 2837 fidei
1620 2798 1737 2850 apud
1770 2797 1871 2838 illos

388 2861 461 2913 qui
485 2860 528 2899 in
551 2859 637 2899 fide
661 2859 757 2899 sola
780 2865 898 2906 sunt,
918 2859 1066 2911 quoad
1089 2857 1352 2898 doctrinam.
1415 2858 1548 2911 Quod
1573 2873 1704 2900 nemo
1727 2861 1871 2913 possit

387 2937 446 2963 ex
479 2922 628 2975 aliquo
659 2923 755 2963 visu
782 2921 1015 2974 spirituali,
1043 2922 1116 2974 qui
1148 2927 1217 2961 est
1244 2920 1516 2969 intellectus,
1545 2923 1781 2975 quicquam
1809 2937 1867 2963 ex

387 2986 474 3026 illis
501 2986 741 3039 percipere,
770 2991 814 3025 et
842 2985 902 3024 sic
930 2983 1125 3033 Credere,
1151 2984 1229 3024 sed
1257 2984 1391 3024 modo
1419 2984 1527 3024 talia
1553 2998 1611 3024 ex
1639 2986 1868 3035 memoria,
