2054 3464
390 359 442 391 22
453 357 500 391 1'2
800 358 1130 393 APOCALYPSIS
1161 331 1457 394 EXPLICATA.

389 477 610 527 sitientes,
640 478 877 532 colligeret
910 480 1184 534 peregrinos,
1215 480 1421 522 indueret
1452 479 1635 529 nudum,
1663 473 1881 534 νίεἰέαιὴόξνἸ

389 547 616 593 aegrotos,
641 542 814 582 veniret
841 541 896 582 ad
924 541 1098 583 vinctos
1123 543 1168 583 in
1194 556 1387 592 carcere,
1411 542 1710 595 Evangelium
1735 538 1921 596 prae-2?
1910 539 1951 592 ἐ.

390 602 560 643 dicaret
587 609 632 644 et
665 604 865 652 doceret,
895 611 1182 646 converteret
1213 611 1392 658 genteS,
1419 605 1724 658 frequentaret
1750 610 1870 649 tem»-

391 664 480 718 pla,
519 666 877 718 praedicationes
916 667 1084 708 devote
1126 667 1416 717 auscultaret,
1455 667 1697 721 quotannis
1733 675 1816 709 sae'
1855 660 1863 666 “

392 727 537 768 obiret
564 735 897 770 sacramentum
929 729 1093 779 Cenae,
1121 737 1306 771 vacaret
1333 729 1550 784 precibus,
1578 735 1624 770 et
1651 729 1813 783 plura,
1828 735 1830 737 '

391 789 617 830 internum
644 790 735 843 ejus
762 804 851 831 non
879 791 1159 845 purificatum
1185 798 1255 833 est
1286 793 1343 833 ab
1368 806 1520 833 amore
1545 790 1795 845 imperandi
1818 783 1884 844 9ξρ

391 864 417 891 a
451 851 567 892 fastu
599 854 804 907 propriae
840 854 1183 908 intelligentiae,
1217 868 1243 894 a
1274 860 1542 908 contemptu
1573 853 1776 902 aliorum,
1807 847 1875 906 abs

391 914 495 954 odio
532 921 578 955 et
608 914 819 964 vindicta,
853 917 909 957 ab
945 923 1046 958 astu
1082 923 1128 958 et
1165 917 1350 965 malitia,
1383 917 1441 957 ab
1476 916 1784 957 insinceritate
1819 914 1885 961 et

391 976 623 1029 injustitia,
658 993 683 1019 a
715 979 882 1020 lascivo
916 980 1139 1029 adulterii,
1172 986 1219 1021 et
1256 994 1282 1020 a
1312 980 1491 1034 reliquis
1524 979 1654 1020 malis
1683 985 1730 1020 et
1765 978 1878 1032 inde¹

390 1039 526 1089 salsis,
551 1055 687 1095 usque
714 1043 865 1083 omnia
889 1042 966 1083 illa
992 1057 1128 1096 opera
1156 1049 1260 1083 sunt
1289 1042 1582 1096 hypocritica,
1607 1047 1653 1082 et
1679 1047 1783 1082 sunt
1808 1054 1870 1083 ex

391 1102 488 1156 ipso
511 1102 706 1152 homine,
726 1110 771 1145 et
794 1118 884 1145 non
907 1118 933 1145 a
957 1105 1166 1146 Domino.
1227 1104 1294 1146 At
1313 1118 1420 1145 vero
1438 1104 1599 1145 eadem
1621 1103 1699 1144 illa
1715 1116 1867 1158 opera,

391 1166 572 1218 quando
604 1167 829 1207 internum
863 1167 1145 1220 purificatum
1177 1174 1264 1216 est,
1292 1174 1397 1208 sunt
1428 1167 1579 1207 omnia
1607 1160 1740 1214 bona,
1767 1166 1871 1220 quia.

391 1242 418 1268 a
459 1228 656 1270 Domino
694 1231 812 1283 apud
853 1231 1096 1271 hominem.
1161 1230 1261 1271 Hoc
1305 1244 1363 1270 ex
1405 1229 1528 1270 mille
1568 1228 1790 1282 exemplis
1824 1229 1869 1271 in

392 1293 559 1332 mundo
586 1292 804 1345 spirituali
830 1293 938 1333 mihi
966 1299 1186 1333 testatum
1213 1291 1379 1334 factum
1410 1298 1493 1333 est.
1553 1291 1719 1332 Audivi
1749 1291 1871 1345 quod

391 1354 588 1407 pluribus
611 1355 767 1395 datum
792 1356 849 1396 sit
878 1356 1101 1396 recordari
1123 1354 1325 1396 actorum
1347 1355 1468 1396 vitae
1490 1367 1595 1395 suae
1616 1354 1660 1394 in
1686 1353 1867 1405 mundo,

391 1422 438 1458 et
475 1429 737 1457 enumerare
774 1418 893 1458 bona
929 1431 1043 1471 quae
1074 1417 1302 1468 fecerunt;
1341 1417 1420 1458 sed
1457 1429 1557 1458 cum
1588 1416 1871 1474 aperiebatur

388 1480 616 1520 >internum
639 1493 806 1528 eorum,
827 1480 1158 1533 deprehensum
1177 1486 1246 1521 est
1269 1479 1377 1520 illud
1400 1479 1726 1533 plenum'omni
1747 1477 1870 1520 malo

391 1548 437 1582 et
463 1542 567 1582 inde
593 1542 732 1593 falso;
765 1549 811 1583 et
837 1549 943 1583 tunc
970 1542 1220 1583 revelatum
1247 1549 1316 1583 est
1343 1542 1443 1591 illis,
1468 1542 1587 1596 quod
1612 1542 1732 1582 bona
1755 1551 1870 1595 quae

391 1611 780 1653 enumeraverunt‚
800 1619 859 1645 ex
883 1619 929 1646 se
951 1605 1152 1654 fecerint,
1166 1605 1273 1659 quia
1294 1610 1477 1658 propter
1498 1618 1546 1645 se
1570 1610 1616 1644 et
1639 1603 1867 1663 mundum.

390 1666 543 1707 Aliter
573 1681 680 1708 vero
712 1668 829 1721 apud
861 1667 964 1708 illos
995 1669 1067 1722 qui
1098 1669 1410 1708 abstinuerunt
1442 1681 1468 1708 a
1498 1667 1627 1708 malis
1654 1666 1868 1708 faciendi-s

390 1743 450 1770 ex
477 1729 644 1778 Verbo,
670 1736 715 1771 et
743 1731 848 1771 dein
874 1731 1084 1783 fugerunt
1111 1736 1157 1771 et
1184 1731 1378 1771 aversati
1403 1735 1506 1770 sunt
1533 1729 1609 1770 illa
1630 1735 1869 1783 propterea
2007 1751 2009 1753 -

391 1793 511 1846 quod
538 1800 728 1846 peccata
751 1799 919 1842 essent,
944 1799 990 1834 et
1017 1799 1179 1834 contra
1205 1806 1405 1833 amorem
1430 1793 1474 1833 in
1501 1792 1660 1840 Deum,
1685 1797 1732 1833 et
1757 1803 1868 1834 eon·

391 1862 463 1896 tra
487 1855 760 1896 charitatem
788 1870 894 1909 erga
927 1857 1182 1910 proximum
1199 1870 1208 1906 ;
1246 1869 1399 1896 eorum
1431 1869 1581 1909 opera,
1609 1855 1792 1896 tametsi
1822 1853 1869 1897 in

391 1924 584 1959 externa
619 1919 762 1959 forma
798 1919 959 1959 similia
999 1924 1300 1972 apparuerunt
1338 1918 1546 1971 operibus
1581 1917 1772 1967 illorum,
1810 1917 1869 1959 de
1912 1914 1959 1974 s}

390 1980 547 2032 quibus
574 1994 683 2021 mox
706 1995 837 2034 supra
859 1979 1026 2022 dictum
1049 1987 1133 2029 est,
1157 1987 1203 2021 et
1231 1994 1407 2034 quoque
1429 1979 1632 2020 similiter
1652 1976 1873 2034 percepta.¹
1927 1976 1933 1981 ’
2014 2032 2015 2037 ¹

390 2043 505 2083 sicut
531 2057 557 2083 a
582 2057 629 2083 se
651 2042 768 2084 faeta
789 2043 992 2092 fuissent,
1017 2044 1167 2084 omnia
1190 2044 1309 2084 bona
1330 2043 1519 2083 fuerunt.
1582 2042 1709 2083 Haec
1732 2052 1870 2096 opera
2005 2047 2027 2094 J

390 2111 510 2154 sunt,
534 2119 647 2158 quae
674 2106 717 2146 in
741 2106 895 2146 Verbo
921 2105 1235 2158 intelliguntur
1257 2119 1334 2158 per
1358 2103 1562 2158 “opera”
1583 2117 1697 2158 quae
1722 2102 1868 2145 homi·
1929 2107 2010 2161 ,ἦν

390 2180 494 2207 nem
521 2168 687 2208 faciunt
715 2168 1007 2221 spiritualem,
1036 2175 1082 2209 et
1109 2167 1285 2208 felicem
1310 2168 1354 2207 in
1380 2173 1640 2216 aeternum3
1677 2171 1724 2207 et
1754 2165 1866 2208 haec
1956 2162 2020 2205 Ι

390 2237 509 2278 sunt,
538 2244 650 2284 quae
682 2245 708 2271 a
739 2230 824 2271 fide
851 2231 1108 2271 nullatenus
1135 2230 1329 2283 separari
1355 2235 1571 2282 possunt3
1609 2241 1714 2269 nam
1738 2227 1865 2280 fides,
1919 2237 1924 2239 ⁴
1947 2246 1975 2270 vx
2000 2240 2021 2284 t,

390 2293 426 2332 si
456 2292 513 2332 ab
545 2307 597 2333 ea
629 2287 958 2346 separarentur,
991 2292 1106 2333 foret
1139 2298 1329 2340 mortua,
1364 2297 1410 2331 et
1447 2290 1556 2331 fides
1587 2297 1766 2332 mortua
1795 2298 1872 2334 est*
1927 2305 1929 2307 ’
1967 2338 1978 2339 Π
2013 2285 2021 2294 ”

390 2354 500 2396 fides
526 2355 625 2396 falsi
651 2370 709 2395 ex
737 2356 869 2395 malo.
1907 2350 1913 2351 7
1982 2367 2021 2392 ἡ

469 2425 599 2470 795.
639 2416 757 2468 Quia
786 2417 829 2456 in
856 2415 1234 2469 praecedentibus
1259 2414 1408 2455 actum
1434 2420 1504 2455 est
1535 2414 1591 2454 de
1616 2415 1888 2457 existentia
1927 2410 2019 2475 ‘⁴ka

393 2477 495 2518 fidei
521 2492 580 2518 ex
608 2477 844 2526 charitate,
873 2478 1025 2530 paucis
1050 2478 1188 2517 etiarn
1214 2477 1386 2517 dicetur
1411 2476 1515 2529 quid
1541 2476 1658 2529 prius
1689 2483 1735 2517 et
1761 2476 1879 2530 quid'

389 2541 624 2594 posterius.
687 2539 933 2580 Ostensum
970 2545 1040 2579 est
1077 2539 1196 2592 quod
1235 2539 1431 2579 charitas
1463 2538 1684 2591 producat
1714 2538 1864 2589 fidem,
1919 2534 1938 2566 ⁶⁷
1964 2529 2029 2586 '³⁵5‘

389 2603 505 2643 sicut
546 2603 712 2643 bonum
754 2602 960 2654 producit
996 2614 1165 2650 verum,
1205 2607 1252 2641 et
1294 2601 1408 2641 sicut
1444 2598 1619 2641 affectio
1659 2601 1866 2654 producit
1968 2605 2031 2643 κέ

390 2665 733 2718 cogitationem,
762 2663 965 2704 similiter
993 2664 1108 2704 sicut
1140 2664 1255 2716 ignis
1287 2663 1494 2716 producit
1521 2662 1693 2714 lucem;
1729 2676 1865 2717 quare
1941 2653 2023 2715 ,ἐξ

389 2739 569 2780 prorsus
597 2732 756 2766 contra
783 2726 985 2766 ordinem
1012 2732 1059 2766 et
1084 2727 1307 2766 inversum
1334 2732 1403 2766 est
1435 2726 1582 2766 dicere
1607 2725 1728 2779 quod
1754 2725 1866 2766 fides

389 2790 611 2843 producat
643 2788 912 2829 charitatem
945 2802 1022 2829 seu
1057 2789 1176 2828 bona
1212 2787 1318 2840 ejus,
1352 2801 1464 2841 quae
1495 2793 1717 2828 vocantur
1745 2787 1878 2829 bona.

390 2866 538 2906 opera.
600 2851 667 2892 At
690 2851 922 2891 sciendum
945 2857 1015 2891 est
1038 2851 1157 2904 quod
1180 2850 1389 2899 charitas,
1409 2863 1522 2903 quae
1544 2851 1588 2890 in
1610 2863 1689 2890 sua
1710 2862 1864 2890 essen-

389 2917 454 2956 tia
495 2921 564 2955 est
606 2912 780 2955 affectio
817 2913 1000 2962 sciendi,
1039 2912 1335 2965 intelligendi,
1374 2912 1556 2953 volendi
1591 2918 1639 2952 et
1674 2911 1864 2961 faciendi

352 2973 356 2978 ’
390 2991 558 3027 verum,
588 2990 678 3017 non
709 2977 765 3017 ad
798 2976 935 3016 ullam
967 2976 1160 3016 hominis
1189 2976 1525 3029 perceptionem
1551 2975 1702 3016 veniat
1733 2980 1863 3016 ante-
