2008 3458
351 371 462 423 2426
764 379 1093 412 APOCALYPSIS
1124 380 1420 413 EXPLICATA.

351 494 678 534 confessionem
695 493 844 534 Divini
861 493 1058 534 Humani
1073 494 1116 533 in
1132 493 1625 542 Domino‚videbiturin
1640 506 1832 548 sequen-

351 557 483 597 tibus.
561 555 693 608 Quod
732 562 883 596 autem
917 557 1212 604 tentationes,
1245 570 1358 609 quae
1390 569 1468 609 per
1496 554 1833 609 “patientiam’'

352 620 489 659 etiam
522 619 592 658 hic
626 618 955 670 intelliguntur,
981 619 1228 666 concernit,
1257 625 1360 659 sunt
1392 619 1673 659 tentationes
1705 618 1832 672 spiri-

351 681 497 721 tuales
521 695 629 734 quas
648 681 839 721 subeunt
858 680 920 720 illi
944 681 1016 733 qui
1038 682 1279 732 genuinam
1299 681 1570 721 charitatem
1588 694 1614 721 a
1636 680 1833 721 Domino

337 744 596 795 ⁴recipiunt;
631 756 830 795 pugnare
863 743 981 782 enim
1013 742 1182 783 debe'nt
1209 749 1368 783 contra
1399 742 1532 791 mala,
1556 756 1669 796 quae
1695 742 1833 783 cuivis

352 805 520 844 homini
546 819 605 845 ex
632 805 874 845 nativitate
905 805 1074 853 insunt,
1098 810 1144 845 et
1176 805 1357 858 quidam
1388 810 1548 844 contra
1577 803 1689 844 falsa
1719 817 1834 858 quae

349 882 375 908 a
400 869 585 921 pueritia
611 882 669 909 ex
696 868 922 921 magistris
948 874 993 908 et
1016 868 1399 920 praedicatoribus
1421 868 1476 909 de
1499 867 1595 908 sola
1616 867 1702 908 fide
1727 867 1835 908 hau-

350 938 528 980 serunt;
571 931 681 971 haec
718 931 828 971 falsa
864 937 910 971 et
951 930 1026 971 illa
1063 931 1181 971 mala
1215 944 1293 983 per
1324 943 1497 984 pugnas
1530 931 1834 973 tentationum

349 1001 649 1034 removentur.
723 993 823 1034 Hoc
856 993 1123 1046 intelligitur
1154 1007 1231 1047 per
1259 993 1504 1034 “crucem”
1530 994 1574 1034 in
1606 994 1833 1047 sequenti-

351 1057 445 1105 bus,

413 1144 517 1186 Jesus
535 1145 631 1183 dixit,
650 1144 850 1186 “Quisquis
875 1154 946 1175 non
975 1144 1122 1184 suscipit
1138 1154 1276 1176 crucem
1295 1154 1406 1183 suam,
1424 1151 1459 1176 et
1482 1145 1641 1186 sequitur
1657 1150 1738 1186 post
1762 1142 1834 1183 Me,

524 1199 596 1219 non
615 1195 668 1219 est
687 1188 746 1219 Me
763 1187 922 1228 dignus”
939 1188 1080 1227 (Matth.
1100 1198 1132 1219 x.
1151 1189 1213 1227 38;
1237 1188 1320 1220 Luc.
1337 1189 1405 1220 xiv.
1425 1188 1500 1227 27);

416 1233 434 1245 ‘⁴
445 1232 549 1273 Jesus
561 1232 648 1263 dixit
659 1232 838 1271 discipulis
852 1232 935 1269 suis,
951 1231 986 1262 Si
999 1231 1077 1272 quis
1090 1232 1165 1263 vult
1178 1238 1259 1271 post
1271 1231 1330 1262 Me
1345 1231 1475 1269 venire,
1489 1232 1642 1272 abneget
1655 1241 1694 1263 se
1708 1231 1834 1272 ipsum,

524 1275 626 1306 tollat
651 1285 788 1306 crucem
817 1285 929 1312 suam,
958 1281 992 1306 et
1024 1281 1191 1316 sequatur
1224 1274 1313 1306 Me'’
1337 1275 1479 1315 (Matth.
1504 1273 1608 1307 [dxvi.
1633 1283 1696 1315 24;
1723 1276 1834 1308 Marc.

523 1319 593 1350 viii.
612 1327 672 1357 34;
696 1319 782 1350 Luc.
800 1318 844 1350 ix.
863 1315 973 1358 [²123):

350 1414 393 1454 in
420 1414 487 1454 his
514 1413 622 1454 locis
649 1427 727 1466 per
755 1412 1005 1453 “crucem”
1030 1412 1343 1466 intelliguntur
1370 1413 1661 1462 tentationeS,
1685 1419 1732 1454 et
1757 1426 1836 1466 per

354 1477 514 1529 “sequi
548 1476 792 1516 Dominum
807 1475 825 1490 ”
854 1475 1122 1528 intelligitur
1153 1488 1400 1528 agnoscere
1432 1475 1643 1515 Divinum
1676 1475 1833 1528 Ipsius,

351 1546 396 1580 et
420 1539 562 1579 facere
582 1545 823 1591 praecepta
839 1539 983 1591 Ipsius
1000 1552 1009 1588 ;
1040 1539 1159 1592 quod
1177 1539 1260 1578 hoc
1279 1551 1358 1591 per
1375 1542 1399 1558 ‘⁴
1415 1539 1536 1592 sequi
1560 1538 1805 1579 Dominum
1815 1537 1836 1554 ”

351 1599 648 1652 intelligatur,
674 1600 882 1640 videatur
912 1613 1047 1652 supra
1076 1609 1121 1648 (n.
1143 1599 1254 1650 864).
1314 1598 1448 1651 Quod
1480 1612 1559 1652 per
1586 1598 1836 1640 “crucem''

350 1663 661 1716 intelligantur
687 1664 979 1711 tentationes,
1004 1670 1073 1704 est
1100 1664 1202 1716 quia
1228 1663 1347 1703 mala
1373 1669 1418 1704 et
1445 1663 1547 1704 inde
1573 1663 1697 1710 falsa,
1721 1676 1836 1716 quae

350 1726 518 1766 homini
555 1740 613 1765 ex
652 1727 889 1766 nativitate
920 1726 1180 1774 adhaerent,
1213 1726 1424 1766 infestant
1462 1732 1508 1766 et
1543 1726 1603 1766 sic
1636 1726 1836 1767 cruciant
1881 1780 1883 1782 v

350 1788 451 1828 illos
474 1789 545 1841 qui
572 1788 799 1829 naturales
822 1794 925 1828 sunt
952 1789 1058 1828 dum
1080 1788 1331 1841 spirituales
1353 1787 1489 1838 fiunt;
1522 1795 1568 1829 et
1594 1789 1696 1841 quia
1717 1787 1836 1828 mala

351 1858 397 1890 et
429 1851 531 1890 inde
563 1850 674 1890 falsa
704 1850 793 1897 illa,
827 1865 940 1903 quae
972 1851 1187 1891 infestant
1223 1857 1269 1891 et
1305 1851 1518 1899 cruciant,
1552 1863 1642 1893 non
1674 1850 1836 1891 discuti

351 1920 538 1965 possunt
580 1926 713 1966 quam
755 1926 832 1965 per
869 1914 1160 1961 tentationes,
1199 1913 1300 1953 inde
1343 1926 1420 1965 per
1458 1912 1703 1953 “crucem'’
1733 1911 1836 1953 illae

351 1975 684 2028 significantur:
727 1976 829 2016 ideo
867 1976 973 2016 dicit
1007 1976 1226 2016 Dominus
1258 1975 1376 2028 quod
1411 1975 1715 2028 “abnegaturi
1746 1975 1836 2016 sint

352 2051 399 2077 se
428 2039 561 2090 ipsos,
590 2038 838 2090 suscepturi
865 2051 1041 2078 crucem
1068 2038 1233 2087 suam,’'
1259 2038 1343 2078 hoc
1371 2044 1453 2086 est,
1482 2038 1600 2091 quod
1632 2035 1837 2090 rejecturi

353 2101 441 2140 sint
460 2101 635 2152 propria
652 2113 661 2150 ;
693 2104 841 2140 “crux
860 2114 937 2140 sua
950 2100 968 2115 ''
983 2107 1052 2141 est
1074 2100 1266 2141 hominis
1283 2101 1522 2152 proprium,
1542 2106 1699 2140 contra
1716 2099 1836 2153 quod

352 2170 631 2215 pugnaturus
657 2169 738 2204 est.
799 2162 860 2204 Et
891 2162 1009 2212 alibi,

419 2247 524 2287 Jesus
549 2247 636 2278 dixit
656 2248 700 2278 ad
725 2248 882 2284 divitem,
904 2248 961 2288 qui
986 2248 1217 2287 interrogavit
1243 2248 1364 2288 Ipsum
1390 2248 1472 2289 quid
1495 2248 1610 2279 facere
1635 2249 1778 2280 deberet
1797 2253 1836 2280 ut

528 2292 637 2321 vitam
652 2298 830 2322 aeternam
850 2291 1081 2328 hereditaret;
1102 2291 1188 2322 dixit
1205 2292 1253 2322 illi
1267 2291 1381 2332 Jesus,
1397 2293 1414 2305 ⁴·
1428 2292 1619 2331 Praecepta
1631 2292 1736 2329 nosti,
1752 2291 1834 2323 Non

529 2335 781 2372 moechaberis,
806 2334 886 2365 Non
913 2335 1062 2371 occides,
1081 2334 1161 2365 Non
1186 2334 1368 2371 furaberis,
1387 2334 1467 2365 Non
1496 2335 1565 2366 eris
1590 2334 1699 2366 falsus
1723 2335 1834 2372 testis,

529 2376 560 2407 N
564 2387 610 2407 on
623 2378 856 2415 defraudabis,
870 2377 1020 2408 Honora
1033 2384 1168 2417 patrem
1180 2384 1277 2408 tuum
1288 2385 1322 2408 et
1333 2384 1480 2408 matrem
1494 2387 1501 2415 ;
1519 2378 1583 2408 illi.
1599 2402 1606 2409 .
1615 2378 1836 2418 respondens

528 2421 630 2453 dixit.
645 2446 669 2459 .,
689 2421 788 2452 Haec
805 2422 926 2452 omnia
942 2421 1117 2452 custodivi
1137 2431 1158 2452 a
1175 2421 1359 2461 juventute
1376 2430 1465 2452 mea.
1495 2445 1503 2452 .
1518 2445 1525 2451 .
1539 2445 1546 2452 .
1561 2419 1679 2462 ‚Jesus
1699 2421 1839 2461 aspexit

528 2465 627 2495 illurn
645 2471 679 2496 et
696 2465 828 2496 amavit
844 2465 963 2502 illum,
987 2465 1074 2495 dixit
1087 2471 1205 2495 tamen
1220 2464 1279 2501 illi,
1297 2464 1415 2495 Unum
1433 2463 1496 2495 tibi
1510 2464 1628 2501 deest;
1652 2464 1719 2502 abi,
1733 2473 1839 2504 quae-

530 2518 667 2548 cunque
691 2508 799 2539 habes
820 2509 944 2546 vende,
965 2514 999 2539 et
1023 2508 1068 2539 da
1092 2508 1313 2548 pauperibus,
1334 2508 1383 2538 ita
1405 2508 1552 2538 habebis
1573 2508 1775 2538 thesaurum
1801 2507 1838 2538 in

529 2551 643 2588 caelis,
662 2558 894 2582 veruntamen
912 2561 1058 2592 sequere
1080 2551 1150 2589 Me,
1168 2551 1296 2582 tollens
1314 2560 1453 2582 crucem
1465 2549 1484 2562 ”
1497 2550 1621 2591 (Marc.
1638 2560 1670 2582 x.
1685 2557 1733 2589 17,
1749 2547 1835 2592 [18,]

531 2595 669 2635 19-21):

356 2683 492 2723 etiam
536 2682 605 2722 hic
651 2695 729 2734 per
772 2683 933 2735 “sequi
978 2681 1260 2730 Dominum,'’
1296 2688 1341 2723 et
1385 2681 1581 2723 “tollere
1622 2679 1839 2730 crucem,”

357 2745 517 2785 similia
544 2745 852 2798 significantur
874 2759 986 2798 quae
1010 2758 1329 2798 supra‚nempe
1352 2758 1600 2798 agnoscere
1625 2744 1835 2784 Divinum

357 2807 552 2856 Domini,
572 2815 617 2848 et
642 2808 884 2848 Dominum
907 2822 987 2861 pro
1011 2808 1109 2848 Deo
1131 2807 1243 2848 caeli
1266 2814 1310 2848 et
1335 2813 1507 2857 terrae;
1540 2819 1645 2847 nam
1667 2807 1837 2860 absque

356 2869 431 2908 illa
463 2871 694 2922 agnitione
734 2883 867 2910 nemo
904 2877 1057 2923 potest
1094 2871 1319 2911 abstinere
1360 2884 1385 2910 a
1427 2869 1568 2918 malis,
1602 2875 1648 2910 et
1689 2868 1835 2909 facere

356 2932 536 2980 bonum,
566 2933 646 2972 nisi
673 2946 698 2972 a
724 2946 784 2981 se,
810 2938 859 2973 et'
882 2934 963 2973 nisi
990 2934 1046 2973 sit
1074 2934 1375 2982 meritorium;
1408 2932 1575 2972 bonum
1602 2930 1722 2984 quod
1749 2931 1833 2971 bo-

358 3007 461 3034 num
502 3001 570 3035 est
603 2995 645 3034 in
678 3009 738 3044 se,
773 3002 818 3035 et
851 2995 1017 3035 bonum
1054 3009 1144 3036 non
1186 2995 1475 3043 meritorium,
1511 3000 1579 3035 est
1621 2993 1767 3034 solum
1808 3006 1836 3033 a
