2098 3476
605 368 712 403 CAP.
735 368 837 410 x11.,
860 367 1000 401 VERS.
1021 367 1170 412 4.—-N.
1192 357 1353 413 721[c].
1613 357 1719 413 1987

101 476 162 538 t*
224 472 340 527 Baec
371 481 428 524 de
457 481 544 524 illis
575 481 695 536 apud
720 495 832 536 quos
857 486 927 523 est
953 480 1171 530 Verbum,
1199 486 1245 521 et
1277 479 1380 521 inde
1412 484 1517 520 sunt
1543 493 1650 520 vera
1674 485 1721 520 et

86 597 99 609 ¹⁴
182 610 194 649 ss
224 607 359 658 bano,
382 614 430 651 et
454 608 608 649 nidum
634 607 801 649 habere
827 607 871 648 in
894 607 1038 648 cedris
1056 606 1078 658 ;'

102 1015 106 1026 .
148 990 150 993 ’
215 982 424 1029 animam
446 993 587 1028 tuam.

147 538 179 563 ⁷·
224 558 380 588 eorum
411 543 696 596 intellectum
734 545 779 594 hi
809 550 914 585 sunt
946 544 1020 598 qui
1052 543 1261 584 dicuntur
1295 542 1536 583 “habitare
1568 542 1612 582 in
1644 541 1720 582 Li-

1082 605 1090 622 '
1121 606 1313 647 exitium
1339 605 1517 646 illorum
1540 604 1722 658 quando

223 671 434 715 ultimum
467 670 697 725 judicium,
738 677 784 711 et
825 676 933 711 tunc
975 675 1165 710 conatus
1205 668 1448 722 recipiendi
1487 681 1606 717 vera,
1641 666 1721 707 sed

221 733 388 776 frustra
417 747 478 776 ex
509 733 798 775 obstantibus
830 732 951 774 falsis
983 732 1102 781 mali,
1129 731 1407 786 significatur
1433 745 1511 784 per
1539 734 1720 785 “quan-

173 791 179 805 ¹
221 803 321 841 tum
344 797 518 851 gratiae
540 797 756 846 invenies,
777 809 879 838 cum
902 797 1108 837 venerint
1131 796 1212 836 tibi
1235 795 1429 843 dolores,
1455 794 1584 835 dolor
1605 794 1721 834 sicut

172 880 183 903 ι
214 855 560 922 ,parturientiss'
592 859 713 914 quod
745 866 854 901 tunc
889 858 1001 900 falsa
1027 858 1133 899 mali
1164 872 1278 912 quae
1310 872 1369 898 ex
1401 858 1574 898 inferno
1599 856 1720 898 aufe-

221 929 326 965 rent
347 923 463 973 illos,
482 923 761 977 significatur
783 935 862 976 per
881 922 1053 963 “Dabo
1071 928 1117 963 te
1135 922 1179 962 in
1202 934 1386 962 manum
1408 921 1720 975 quaerentium

589 985 608 1002 ’'
664 985 804 1039 Apud
830 985 1039 1034 eundem,

289 1081 488 1115 “Remissa
510 1080 607 1114 faeta
629 1088 684 1114 est
710 1081 919 1120 Damascus,
945 1081 1122 1113 convertit
1146 1091 1184 1112 se
1212 1081 1256 1112 ad
1285 1080 1506 1121 fugiendum,
1532 1085 1567 1111 et
1593 1079 1722 1111 horror

395 1126 633 1168 apprehendit
656 1135 747 1164 eam,
766 1125 934 1166 angustia
957 1131 993 1157 et
1015 1125 1159 1157 dolores
1184 1125 1333 1165 arripuit
1357 1133 1436 1155 eam
1456 1124 1547 1155 sicut
1571 1123 1721 1164 parturi·

393 1176 513 1202 entem
525 1169 544 1182 ''
561 1170 659 1210 (xlix.
677 1169 752 1210 24);

217 1252 338 1307 apud
363 1252 573 1302 eundem,

285 1327 460 1360 “Audivit
484 1337 547 1360 rex
572 1327 716 1360 Babelis
740 1327 904 1360 famam”
922 1327 1045 1369 populi
1065 1327 1246 1359 venientis
1270 1337 1289 1359 e
1314 1326 1579 1367 septentrione;
1606 1326 1720 1358 “inde

393 1372 565 1404 remissae
582 1371 698 1404 radiae
715 1378 799 1404 sunt
816 1381 945 1404 manus
962 1372 1051 1413 ejus,
1070 1372 1238 1412 angustia
1254 1370 1490 1412 apprehendit
1506 1380 1599 1409 eum,
1617 1370 1721 1402 dolor

316 1453 318 1455 ,
393 1416 484 1448 sicut
500 1416 729 1457 parturientis
742 1415 760 1427 '¹
777 1416 813 1456 (1.
830 1416 909 1456 43);

220 1498 342 1554 apud
363 1498 530 1550 Mosen,

284 1574 542 1608 “Audiverunt
559 1575 709 1617 populi„
723 1575 843 1608 ,dolor
856 1575 1130 1617 parturientium
1148 1575 1383 1617 apprehendit
1399 1574 1620 1606 habitatores
1639 1573 1720 1607 Phi-

395 1619 567 1652 listhaeae
578 1619 597 1632 ’'
614 1620 736 1660 (Exod.
754 1630 811 1652 κν.
831 1619 904 1660 14):

217 1721 298 1763 per
324 1707 545 1750 “dolores
571 1709 863 1762 parturientis
876 1707 895 1724 '‘
917 1709 961 1750 in
990 1708 1059 1750 his
1086 1707 1196 1750 locis
1222 1708 1382 1749 similia
1408 1707 1720 1761 significantur

216 1784 332 1826 quae
358 1784 505 1824 supra.
565 1771 706 1826 Apud
733 1771 997 1822 Hosclzeam,

282 1861 302 1876 ⁴⁴
313 1859 467 1894 Dolores
485 1861 716 1902 parturientis
730 1861 878 1893 venient
890 1860 908 1873 '⁸
924 1861 1118 1902 Ephraimo
1133 1870 1139 1899 ;
1166 1861 1253 1893 “ille
1270 1860 1362 1892 filius
1382 1871 1454 1892 non
1470 1860 1624 1902 sapiens,
1638 1860 1720 1902 quia

395 1911 538 1947 tempus
557 1915 630 1937 non
651 1911 722 1937 stat
739 1905 774 1936 in
793 1911 896 1937 utero
916 1905 1070 1937 filiorum
1082 1904 1100 1917 '’
1117 1904 1201 1945 (xiii.
1223 1905 1294 1945 13):

214 1992 330 2035 haec
356 1991 596 2046 explicata
620 1992 867 2033 videantur
888 1986 1030 2046 'supra
1055 2002 1102 2041 (n.
1126 2002 1290 2045 710[b]).
1349 1991 1491 2045 Apud
1514 1991 1685 2040 Mosen,

289 2080 390 2114 Dixit
404 2080 568 2123 jehovah
586 2079 684 2112 Deus
701 2080 746 2112 ad
764 2080 959 2118 mulierem,
975 2081 994 2094 “
1006 2079 1279 2120 Multiplicando
1297 2079 1542 2120 multiplicabo
1556 2079 1719 2111 dolorem

391 2130 502 2162 tuum.
527 2131 564 2156 et
587 2130 800 2165 conceptum
826 2130 948 2162 tuum;
986 2124 1022 2155 in
1047 2124 1170 2156 dolore
1199 2124 1316 2164 paries
1342 2123 1444 2162 filios,
1469 2130 1504 2155 et
1531 2124 1576 2155 ad
1604 2123 1718 2155 virum

389 2173 491 2200 tuum
509 2168 717 2200 obedientia
733 2174 802 2205 tua,
821 2174 857 2200 et
873 2168 931 2199 hic
947 2167 1191 2199 dominabitur
1207 2168 1271 2199 tibi
1282 2167 1300 2179 '’
1317 2167 1412 2207 (Gen.
1430 2167 1478 2199 iii.
1499 2168 1571 2208 16):

214 2270 297 2313 per
316 2256 430 2299 haec
453 2270 544 2298 non
567 2256 840 2310 intelligitur
862 2255 982 2310 quod
1011 2256 1220 2297 mulieres
1246 2256 1470 2310 pariturae
1493 2257 1582 2298 sint
1605 2255 1719 2297 filios

215 2322 261 2362 in
293 2319 464 2370 dolore,
497 2320 578 2361 sed
616 2333 694 2373 per
728 2318 1034 2360 “mulierem”
1065 2319 1335 2372 intelligitur
1366 2319 1571 2369 ecclesia,
1605 2333 1718 2373 quae

67 2382 74 2403 ²
116 2379 124 2414 ἒ
181 2429 185 2431 ,
215 2397 243 2425 a
273 2383 462 2426 caelesti
493 2383 713 2425 naturalis
744 2381 862 2424 sacta
893 2389 990 2433 est;
1027 2385 1169 2423 “esus
1196 2396 1254 2423 ex
1287 2382 1446 2423 arbore
1473 2379 1719 2422 scientiae”

215 2446 304 2489 hoc
330 2445 580 2501 significat:
612 2446 734 2501 quod
769 2446 907 2497 homo
938 2445 1159 2486 ecclesiae
1191 2459 1326 2499 aegre
1359 2446 1502 2498 possit
1528 2457 1718 2497 regene-

213 2510 302 2552 rari
332 2523 412 2564 per
437 2523 543 2551 vera
573 2515 620 2551 et
652 2523 731 2562 per
760 2509 903 2550 vitam
935 2509 1186 2550 secundum
1217 2508 1307 2557 illa,
1336 2516 1382 2549 et
1414 2508 1534 2562 quod
1565 2513 1718 2548 tenta-

215 2573 364 2615 tiones
390 2572 621 2614 subiturus>
645 2573 703 2614 sit
735 2578 784 2613 ut
809 2585 916 2613 vera
949 2571 1282 2625 implantentur
1307 2578 1354 2612 et
1387 2570 1719 2624 conjungantur

212 2635 351 2684 bono,
379 2634 660 2689 significatur
686 2649 765 2688 per
790 2635 911 2689 quod
937 2638 962 2655 “
979 2634 1354 2687 multiplicabitur
1379 2633 1509 2675 dolor
1535 2641 1582 2674 et
1609 2646 1717 2674 con-

215 2698 414 2752 ceptus,”
432 2705 478 2740 et
501 2712 580 2752 per
601 2698 721 2752 quod
742 2698 827 2738 “in
850 2697 1008 2739 dolore
1034 2698 1178 2751 pariet
1201 2696 1315 2738 filios
1333 2696 1366 2748 ;’'
1401 2701 1687 2749 “conceptus
1699 2695 1718 2711 ''

214 2760 440 2815 significat
464 2763 772 2816 receptionem
790 2761 883 2802 veri
905 2761 1026 2815 quod
1052 2774 1111 2802 ex
1134 2760 1271 2810 bono,
1292 2767 1337 2802 et
1358 2763 1550 2814 “parere
1573 2758 1718 2800 filios‘’

214 2823 440 2878 significat
478 2825 726 2879 producere
758 2838 866 2865 vera
896 2838 956 2865 ex
989 2823 1198 2877 conjugio
1230 2824 1322 2865 veri
1353 2830 1399 2864 et
1431 2823 1563 2864 boni:
1606 2836 1717 2876 quo-

215 2887 336 2928 niam
367 2887 561 2929 naturali
593 2888 764 2929 homini
798 2893 904 2928 sunt
938 2887 1333 2940 concupiscentiae
1371 2900 1429 2926 ex
1467 2899 1619 2926 amore
1651 2885 1718 2926 sui

214 2956 262 2992 et
293 2951 462 3001 mundi,
496 2957 542 2992 et
574 2950 678 2992 illae
711 2964 802 2992 non
834 2950 1056 2991 removeri
1087 2956 1277 3003 possunt
1309 2963 1443 3003 quam
1485 2962 1563 3002 per
1594 2961 1714 2997 vera,

214 3013 319 3056 ideo
355 3013 517 3056 dicitur
553 3013 674 3068 quod
715 3013 811 3055 “ad
847 3014 990 3054 virum
1028 3013 1112 3054 erit
1153 3012 1412 3054 obedientia
1448 3011 1556 3065 ejus,
1596 3017 1643 3052 et
1680 3011 1730 3058 is,
