2054 3464
411 363 519 404 2042
820 363 1149 397 APOCALYPSIS
1180 365 1476 398 EXPLICATA.

411 473 556 515 Causa
589 475 707 528 quod
739 489 828 517 non
861 477 987 530 plura
1018 477 1073 518 de
1105 477 1191 518 illis
1223 479 1339 532 apud
1372 478 1690 532 Evangelz'stas
1721 479 1887 534 scripta

411 543 531 585 sunt,
562 544 630 577 est
663 539 764 592 quia
795 539 968 579 deillis
1000 553 1090 580 non
1122 540 1247 593 plura
1277 541 1477 582 revelata
1508 547 1638 592 sunt;
1670 547 1717 582 at
1748 555 1887 595 usque

411 599 528 651 apud
565 599 829 652 Prophetas,
869 607 915 641 et
951 602 1165 654 imprimis
1205 604 1248 643 in
1283 603 1482 644 Psalmis
1517 602 1723 652 Davzdz‘s,
1761 602 1886 656 large

410 661 739 702 describuntur.
801 663 883 703 Per
910 663 1154 712 “bestias,''
1179 678 1278 705 cum
1305 666 1460 718 quibus
1487 665 1705 705 Dominus
1727 665 1888 706 dicitur

409 721 557 770 fuisse,
587 723 896 775 significantur
922 726 1166 766 societates
1194 727 1455 777 infernales;
1494 740 1544 767 ac
1577 740 1655 780 per
1681 725 1884 779 “jejuna-

410 785 615 825 tionem''
641 786 699 826 ibi
725 786 1001 839 significatur
1026 786 1220 837 afflictio,
1249 789 1390 842 qualis
1416 795 1484 829 est
1510 789 1552 829 in
1580 788 1884 830 tentationum

409 848 583 899 pugnis.

496 913 575 966 [e.]
623 915 720 967 (iv.)
755 914 889 968 Quod
920 929 999 968 per
1027 917 1328 958 “desertum”
1350 919 1487 959 etiam
1514 917 1792 972 significetur
1815 917 1883 958 in·

409 974 603 1023 fernum,
638 983 706 1016 est
739 976 839 1028 quia
874 977 1138 1017 “desertum
1154 978 1172 993 ¹'
1198 979 1359 1019 dicitur
1389 979 1461 1019 ubi
1492 992 1581 1019 non
1612 979 1769 1020 messis
1800 990 1883 1019 nec

409 1036 649 1086 habitatio,
689 1044 784 1078 tum
825 1038 897 1078 ubi
938 1045 1041 1079 sunt
1081 1039 1211 1088 ferae,
1254 1047 1499 1094 serpentes,
1532 1042 1764 1090 dracones,
1806 1053 1886 1094 per

408 1113 524 1152 quae
558 1099 833 1152 significatur
864 1101 936 1140 ubi
968 1115 1057 1141 non
1090 1109 1159 1142 est
1191 1116 1342 1143 verum
1375 1101 1602 1144 doctrinae
1633 1109 1679 1144 et
1715 1102 1883 1143 bonum

407 1162 557 1211 vitae;
602 1168 932 1215 consequenter
973 1164 1046 1203 ubi
1086 1170 1189 1205 sunt
1227 1165 1619 1219 concupiscentiae
1656 1179 1715 1206 ex
1754 1164 1883 1205 malis

407 1224 645 1271 amoribus,
680 1230 725 1264 et
758 1225 860 1264 inde
893 1224 1115 1266 falsitates
1147 1227 1290 1267 omnis
1323 1228 1523 1279 generis3
1561 1233 1607 1268 et
1638 1227 1739 1281 quia
1769 1226 1880 1267 ha'ec

406 1286 450 1324 in
476 1286 647 1326 inferno
670 1293 789 1334 sunt,
814 1292 859 1327 et
887 1287 963 1327 illa
990 1288 1033 1327 in
1057 1288 1251 1337 deserto,
1275 1289 1376 1329 ideo
1402 1303 1459 1329 ex
1485 1288 1883 1342 correspondentia

410 1347 674 1387 “desertum
688 1348 706 1362 ’'
723 1349 860 1388 etiam
884 1349 1106 1401 significat
1127 1350 1357 1390 infernum.
1409 1351 1645 1391 Praeterea
1666 1350 1881 1392 naturalis

407 1408 544 1449 homo
582 1410 698 1462 apud
736 1412 1096 1464 unumquemvis,
1129 1413 1339 1464 quamdiu
1375 1413 1411 1452 is
1447 1410 1713 1466 [¹¹separatus
1749 1418 1819 1454 est
1855 1426 1881 1461 a

407 1471 639 1523 spirituali,
673 1472 815 1525 qualis
856 1479 925 1513 est
961 1479 1068 1514 ante
1099 1476 1504 1526 regenerationem,
1537 1481 1607 1516 est
1648 1475 1889 1523 infernum,-

407 1547 466 1573 ex
498 1547 633 1574 causa
661 1536 761 1588 quia
793 1548 926 1575 omne
960 1535 1127 1576 malum
1160 1536 1491 1584 hereditarium,
1519 1538 1562 1577 in
1594 1537 1712 1591 quod
1743 1537 1881 1578 homo
1907 1585 1911 1589 q

407 1597 618 1645 nascitur,
647 1598 810 1638 insidet
836 1597 928 1650 ejus
955 1598 1147 1638 naturali
1173 1599 1354 1648 homini,
1379 1606 1424 1640 et
1450 1600 1554 1640 inde
1579 1612 1669 1640 non
1695 1599 1879 1652 ejicitur,

409 1659 495 1699 hoc
531 1666 614 1707 est,
648 1667 920 1709 removetur,
954 1674 1087 1714 quam
1123 1675 1201 1714 per
1231 1662 1445 1702 influxum
1482 1662 1631 1703 Divini
1661 1662 1768 1704 Veri
1803 1676 1882 1716 per

407 1721 582 1761 caelum
615 1736 640 1762 a
667 1722 892 1773 Domino;
925 1730 970 1764 et
997 1724 1033 1763 is
1064 1723 1258 1763 influxus
1290 1737 1378 1764 non
1404 1725 1535 1765 datur
1558 1725 1602 1765 in
1629 1725 1879 1766 naturalem

407 1783 636 1824 hominem
662 1785 743 1824 nisi
766 1799 843 1838 per
866 1785 1169 1838 spiritualem;
1203 1786 1416 1826 naturalis
1440 1787 1557 1827 enim
1582 1787 1719 1828 homo
1741 1794 1810 1828 est
1836 1788 1879 1828 in

408 1846 589 1894 mundo,
618 1853 663 1887 et
695 1847 938 1900 spiritualis
969 1849 1011 1887 in
1044 1848 1172 1888 caelo
1191 1862 1199 1899 ;
1220 1862 1365 1901 *quare
1397 1850 1585 1902 primum
1616 1850 1880 1902 aperiendus

408 1915 477 1948 est
502 1909 741 1960 spiritualis
765 1909 903 1950 homo
925 1917 1166 1963 antequam
1191 1924 1214 1950 e
1242 1910 1367 1950 caelo
1393 1924 1418 1950 a
1444 1911 1640 1951 Domino
1661 1912 1879 1952 removeri

407 1977 562 2022 potest
588 1971 820 2020 infernum,
850 1972 968 2025 quod
994 1979 1063 2012 est
1092 1973 1135 2012 in
1162 1973 1351 2012 naturali
1383 1973 1576 2013 homine.
1638 1972 1879 2025 Quomodo

405 2031 515 2071 illud
553 2039 823 2082 removetur,
863 2040 1248 2086 repraesentatum
1290 2041 1357 2075 est
1393 2049 1470 2088 per
1509 2035 1679 2075 hircum
1715 2034 1879 2076 Asasel

407 2100 635 2142 vocatum,
675 2094 864 2147 ejec'tum
902 2098 944 2136 in
984 2096 1236 2147 desertum;
1283 2110 1360 2150 per
1394 2097 1600 2138 “hircum
1615 2097 1634 2112 ''
1665 2098 1783 2138 enim
1819 2111 1878 2138 ex

407 2158 810 2209 correspondentia
851 2158 1126 2210 significatur
1165 2159 1380 2199 naturalis
1419 2159 1557 2200 homo
1595 2160 1742 2213 quoad
1787 2158 1879 2212 ejus

406 2217 664 2260 affectiones
705 2227 750 2261 et
796 2221 1092 2273 cognitiones,
1134 2234 1185 2262 ac
1226 2222 1269 2261 in
1310 2223 1518 2275 opposito
1557 2235 1689 2263 sensu
1732 2217 1879 2276 quoad

406 2280 498 2333 ejus
537 2283 808 2335 cupiditates
846 2289 891 2323 et
928 2282 1161 2324 falsitates.
1233 2283 1301 2324 De
1337 2284 1421 2324 hoc
1458 2284 1582 2325 hirco
1616 2285 1680 2325 ita
1715 2283 1880 2337 legitur

405 2344 521 2396 apud
547 2344 713 2393 Mosen,

479 2440 583 2481 Quod
598 2441 744 2472 Aharon
759 2442 933 2481 acciperet
947 2442 1034 2473 duos
1051 2442 1177 2479 hircos,
1191 2447 1225 2473 et
1241 2443 1339 2473 daret
1356 2452 1462 2482 super
1474 2442 1541 2473 illis
1558 2448 1681 2480 sortes,
1695 2451 1801 2473 unam
1814 2451 1878 2483 pro

579 2484 675 2514 hirco
695 2484 935 2521 sacrificando,
956 2485 1102 2516 alteram
1127 2495 1191 2525 pro
1211 2485 1379 2522 Asasele;
1403 2493 1438 2516 et
1457 2491 1642 2526 postquam
1659 2495 1722 2525 per
1738 2485 1878 2525 sangui-

578 2537 658 2557 nem
684 2527 825 2567 juvenci
849 2528 1042 2565 sacrificati,
1068 2534 1102 2559 et
1125 2528 1209 2559 hirci
1234 2528 1426 2567 sacrificati,
1450 2529 1644 2568 expiaverit
1668 2528 1876 2560 Tentorium

578 2577 774 2601 conventus
792 2577 826 2601 et
844 2571 962 2608 altare,
982 2571 1178 2611 imponeret
1198 2581 1322 2603 manus
1343 2581 1423 2602 suas
1443 2581 1548 2611 super
1564 2577 1668 2611 caput
1686 2571 1771 2602 hirci
1788 2571 1877 2602 Asa-

577 2613 638 2650 sel,
656 2620 690 2644 et
707 2613 931 2644 confiteretur
947 2624 1052 2654 super
1069 2624 1111 2645 eo
1128 2614 1328 2655 iniquitates
1345 2620 1383 2645 et·
1398 2621 1541 2654 peccata
1555 2614 1706 2645 filiorum
1724 2613 1875 2652 Israelis,

578 2666 666 2696 quae
686 2657 782 2687 dabit
806 2666 911 2696 super
930 2663 1034 2696 caput
1053 2657 1148 2695 hirci,
1166 2663 1200 2688 et
1219 2664 1343 2696 postea
1361 2658 1514 2689 mitteret
1533 2657 1630 2688 illum
1651 2666 1713 2697 per
1731 2667 1875 2688 manum

577 2700 641 2730 viri
667 2700 832 2730 destinati
858 2701 892 2730 in
917 2701 1105 2731 desertum.
1161 2700 1243 2731 “Sic
1263 2701 1414 2740 portabit
1433 2700 1549 2731 hircus
1569 2710 1674 2740 super
1693 2710 1731 2731 se
1751 2709 1875 2732 omnes

577 2742 780 2782 iniquitates
793 2742 810 2754 ‘'
828 2742 978 2774 filiorum
1001 2743 1141 2774 Israelis
1160 2744 1178 2757 ‘⁴
1188 2743 1222 2773 in
1243 2749 1370 2774 terram
1391 2743 1577 2774 excisionis
1588 2743 1606 2754 '’
1624 2749 1658 2774 et
1677 2743 1875 2778 desertum:

577 2792 611 2816 et
628 2796 765 2826 quoque
784 2786 817 2816 in
836 2786 975 2817 deserto
994 2787 1256 2817 combureretur
1275 2786 1373 2823 cutis,
1391 2796 1472 2816 caro
1495 2793 1530 2817 et
1553 2786 1655 2817 fimus
1678 2786 1818 2826 juvenci
1841 2792 1876 2818 et

576 2829 662 2859 hirci
683 2829 887 2865 sacrificati:
917 2830 966 2860 sic
986 2830 1209 2868 expiarentur
1227 2836 1262 2860 et
1281 2830 1534 2860 mundarentur
1551 2830 1596 2860 ab
1615 2829 1779 2860 omnibus
1798 2839 1876 2870 pec-

576 2873 662 2903 catis
683 2871 801 2911 (Levit.
819 2872 887 2903 xvi.
906 2870 1057 2911 [²]5-34):

403 2971 515 3012 haec
549 2972 763 3013 mandata
795 2978 897 3013 sunt
935 2978 982 3012 ut
1019 2986 1096 3025 per
1132 2986 1184 3012 ea
1214 2978 1626 3025 repraesentaretur
1657 2972 1870 3026 expiatio,

1152 3149 1172 3165 fi

2051 2872 2054 2873 ,
2042 2764 2054 2826 ,α’-4
2038 2725 2042 2739 '⁴
2049 2702 2054 2713 1
