2054 3464
392 367 518 409 2004
818 366 1147 402 APOCALYPSIS
1179 369 1476 403 EXPLICATA.

404 479 574 530 Verbo,
608 481 794 533 proinde
833 480 1037 522 doctrina
1073 482 1254 535 genuini
1285 484 1376 525 veri
1407 499 1520 538 quae
1557 499 1637 539 pro
1673 485 1888 538 ecclesia

404 544 524 596 quod
565 544 622 584 sit
662 543 864 584 doctrina
905 558 984 597 pro
1026 545 1217 586 ecclesia
1253 560 1366 599 quae
1404 547 1535 588 Nova
1573 548 1890 602 Hierosolyma
1940 599 1942 601 ,

404 612 604 654 vocatur,
634 613 702 646 est
730 607 830 659 quia
863 620 939 659 per
969 607 1237 649 “mulierem
1263 623 1376 662 quae
1409 611 1581 663 peperit
1608 609 1746 652 filium
1771 625 1889 654 mas·
1931 607 1933 609 ¹

404 666 553 706 culum
568 666 587 681 ”
626 667 901 720 intelligitur
939 667 1017 708 illa
1056 668 1252 709 ecclesia
1288 680 1336 718 (ut
1359 690 1488 718 quoque
1511 676 1607 719 supra
1629 687 1791 711 ostensum
1814 683 1889 721 est).

405 726 622 768 Doctrina
659 729 749 768 veri
788 742 900 781 quae
937 742 1016 781 pro
1052 730 1255 779 ecclesia,
1289 732 1426 772 etiam
1463 745 1541 784 per
1574 733 1890 774 “masculum''

404 790 678 843 significatur
703 792 746 831 in
774 792 1064 845 sequentibus
1091 792 1200 833 locis
1217 793 1424 846 :—-Apud
1449 795 1616 844 Mosen,

471 885 643 917 “Creavit
665 886 761 918 Deus
781 887 963 918 hominem
985 888 1020 919 in
1041 888 1233 928 imaginem
1255 889 1381 930 Ipsius,
1400 890 1434 921 in
1456 891 1647 930 imaginem
1673 890 1740 923 Dei
1758 891 1892 924 creavit

578 929 685 967 illum,
705 931 899 961 masculum
919 938 953 962 et
970 931 1139 962 feminam
1158 933 1291 963 creavit
1308 933 1387 964 illos
1400 933 1417 944 '¹
1435 934 1530 972 (Gen.
1549 934 1568 965 i.
1588 934 1664 974 27):

471 974 489 986 “
503 972 701 1004 Masculum
720 980 753 1004 et
771 974 940 1005 feminam
958 975 1091 1006 creavit
1108 975 1197 1013 illos,
1212 982 1246 1006 et
1263 977 1443 1008 benedixit
1461 977 1540 1016 illis,
1554 984 1589 1009 et
1602 978 1742 1009 vocavit
1758 987 1890 1010 nomen

578 1016 717 1048 illorum
738 1017 868 1055 Homo,
887 1018 942 1048 die
960 1028 1029 1058 quo
1046 1018 1154 1049 creati
1171 1025 1253 1050 sunt
1265 1018 1282 1031 ’'
1299 1019 1393 1059 (Gen.
1412 1030 1443 1051 v.
1462 1022 1513 1060 2):

404 1111 520 1165 quid.
543 1111 632 1160 illa,
666 1125 778 1164 quae
810 1112 853 1152 in
887 1113 1038 1164 primis
1069 1113 1290 1165 capitibus
1324 1113 1544 1164 Geneseos,
1577 1115 1632 1156 de
1664 1115 1891 1156 creatione

405 1173 516 1214 caeli
555 1180 600 1214 et
639 1180 798 1223 terrae,
833 1175 888 1214 de
921 1175 1140 1227 paradiso,
1175 1176 1229 1216 de
1261 1190 1339 1216 esu
1379 1191 1438 1217 ex
1479 1178 1637 1218 arbore
1677 1179 1890 1219 scientiae

405 1242 724 1285 memorantur,
759 1233 1008 1285 involvunt,
1043 1251 1176 1278 nemo
1213 1239 1324 1279 scire
1359 1246 1511 1292 potest
1549 1241 1630 1280 nisi
1667 1255 1726 1281 ex
1759 1254 1892 1281 sensu

404 1298 635 1350 spirituali,
661 1306 764 1339 sunt
788 1301 905 1339 enim
929 1300 1239 1340 historica'illa
1261 1301 1472 1342 historica
1493 1301 1622 1351 facta,
1647 1303 1726 1343 sed
1753 1317 1891 1356 usque

405 1359 574 1409 sancta,
600 1362 701 1414 quia
728 1362 903 1414 singula
929 1363 1050 1402 intus
1077 1376 1128 1402 ac
1156 1363 1199 1402 in
1224 1363 1321 1403 sinu
1348 1364 1594 1415 spiritualia
1620 1371 1738 1405 sunt.
1799 1365 1891 1406 De-

405 1423 612 1464 scribitur
635 1438 712 1475 per
734 1424 810 1464 illa
835 1426 1102 1466 instauratio
1130 1425 1362 1465 Ecclesiae
1385 1425 1754 1479 Antiquissimae‚
1778 1436 1890 1481 quae

404 1485 484 1526 suit
503 1488 702 1526 omnium
721 1489 1108 1538 praestantissima
1130 1488 1173 1527 in
1196 1487 1278 1527 hac
1297 1487 1458 1528 ‘tellure
1476 1502 1484 1538 3
1519 1488 1609 1541 ejus
1627 1490 1892 1531 instauratio

404 1562 484 1602 per
508 1551 822 1589 “creationem
847 1551 957 1590 caeli
980 1558 1026 1591 et
1053 1550 1238 1599 terrae,”
1261 1549 1352 1603 ejus
1379 1551 1681 1604 intelligentia
1705 1559 1753 1592 et
1777 1553 1892 1605 sapi-

405 1613 527 1652 entia
549 1625 627 1664 per
649 1613 867 1652 “hortum
886 1614 928 1653 in
953 1612 1149 1661 Edene,''
1168 1619 1214 1653 et
1236 1612 1327 1665 ejus
1346 1613 1653 1654 decrescentia
1674 1620 1720 1655 et
1743 1614 1892 1667 lapsus

408 1688 487 1727 per
525 1678 687 1714 “esum
728 1690 785 1715 ex
827 1676 984 1716 arbore
1026 1675 1275 1716 scientiae.”
1336 1675 1447 1716 Inde
1488 1682 1615 1728 patet
1655 1677 1893 1730 quod-per

381 1768 384 1770 Α
408 1737 732 1786 “Hominem‚'’
759 1739 831 1791 qui
858 1746 1045 1779 vocatus
1072 1745 1141 1778 est
1171 1742 1195 1758 “
1213 1737 1365 1778 Adam
1398 1745 1443 1778 et
1476 1738 1701 1788 Chavah,''
1726 1739 1891 1780 intelli-

404 1807 537 1853 gatur
568 1801 644 1840 illa
676 1801 895 1851 ecclesia;
933 1815 1037 1841 nam
1071 1801 1244 1849 dicitur,
1282 1801 1575 1841 “Masculum
1606 1808 1652 1842 et
1683 1801 1891 1843 feminam

405 1864 571 1903 creavit
603 1864 718 1912 illos,
753 1870 797 1904 et
830 1865 1008 1904 vocavit
1041 1877 1205 1903 nomen
1247 1863 1423 1903 illorum
1466 1863 1619 1904 Homo
1636 1863 1670 1904 :'’
1713 1871 1760 1905 et
1792 1866 1893 1918 quia

404 1925 595 1965 ecclesia
626 1926 702 1966 illa
734 1939 812 1978 per
844 1933 1080 1979 utrumque
1113 1925 1395 1978 intelligitur,
1429 1927 1628 1979 sequitur
1659 1927 1779 1980 quod
1815 1941 1893 1980 per

407 1988 724 2028 “masculum”
762 1989 1041 2041 intelligatur
1080 2001 1234 2028 verum
1275 1987 1367 2040 ejus
1408 1995 1453 2028 et
1494 2001 1572 2040 per
1614 1989 1892 2030 “feminam”

403 2051 572 2091 bonum
599 2051 716 2103 ejus;
750 2053 812 2091 ita
838 2066 1014 2104 quoque
1042 2065 1119 2104 per
1147 2050 1432 2091 “masculum
1447 2050 1464 2066 ’'
1491 2049 1707 2100 doctrina,
1736 2058 1782 2092 et
1814 2065 1892 2105 per

407 2118 432 2134 “
446 2115 655 2154 feminam
668 2114 686 2129 ‘’
704 2116 795 2155 vita
813 2129 821 2164 ;
845 2116 1055 2168 quoniam
1074 2111 1279 2155 doctrina
1298 2115 1390 2154 veri
1408 2120 1476 2154 est
1495 2128 1671 2167 quoque
1690 2113 1892 2155 doctrina

405 2178 568 2217 amoris
607 2185 652 2217 et
691 2178 935 2226 charitatis,
970 2178 1033 2217 ita
1072 2175 1278 2217 doctrina
1309 2177 1442 2225 vitae,
1476 2183 1521 2217 et
1553 2178 1646 2217 vita
1682 2177 1787 2218 boni
1823 2185 1891 2218 est

403 2253 580 2292 quoque
611 2241 704 2280 vita
744 2240 907 2280 amoris
946 2247 991 2280 et
1029 2240 1276 2288 charitatis,
1311 2241 1374 2280 ita
1404 2240 1498 2280 vita
1529 2238 1772 2289 doctrinae,
1805 2240 1891 2281 hoc

403 2308 486 2350 est,
526 2302 619 2342 vita
659 2302 905 2342 secundum
946 2301 1208 2342 doctrinam.
1282 2302 1411 2342 Haec
1452 2302 1540 2342 duo
1579 2302 1892 2355 intelliguntur

403 2377 482 2417 per
506 2365 790 2405 “masculum
817 2364 880 2418 [et
903 2364 1175 2418 feminam]‚”
1199 2371 1244 2405 et
1267 2365 1396 2405 simul
1420 2366 1587 2417 sumpti
1609 2378 1660 2405 ac
1684 2364 1891 2418 conjugio

404 2426 628 2479 conjuncti
655 2434 874 2467 vocantur
903 2427 1134 2475 “Homo,'’
1160 2433 1205 2468 et
1233 2441 1411 2481 quoque
1443 2427 1610 2468 faciunt
1639 2427 1888 2475 ecclesiam,

403 2501 518 2541 quae
550 2502 628 2540 per
657 2488 945 2528 “Hominem
960 2488 979 2503 '’
1006 2499 1169 2536 (utsupra
1187 2499 1309 2528 dmum
1329 2500 1389 2537 est)
1419 2488 1707 2541 intelligitur.
1778 2488 1891 2529 Ideo

403 2563 580 2602 quoque
607 2549 758 2589 Adam
782 2548 924 2590 dictus
951 2556 1020 2590 est
1047 2550 1103 2597 ab
1129 2549 1288 2597 mame,-
1321 2556 1366 2590 et
1392 2549 1629 2598 “humus‚''
1651 2563 1710 2590 ex
1736 2563 1889 2602 recep-

403 2613 526 2652 tione
559 2613 791 2658 seminum,
821 2612 1043 2664 significat
1070 2612 1306 2652 ecclesiam
1334 2612 1481 2665 quoad
1514 2625 1618 2652 vera
1644 2610 1887 2660 doctrinae,

406 2674 645 2714 “semina'’
669 2675 786 2714 enim
810 2675 852 2714 in
878 2675 1030 2715 Verbo
1054 2674 1308 2727 significant
1330 2688 1462 2725 vera;
1495 2680 1541 2715 et
1566 2673 1753 2714 Chavah
1771 2672 1890 2715 dicta

402 2742 471 2777 est
498 2750 523 2776 a
548 2736 655 2785 vita,

523 2830 643 2872 “Quia
658 2831 775 2862 futura
791 2837 845 2861 est
862 2837 974 2861 mater
991 2831 1108 2862 omnis
1127 2831 1279 2862 viventis
1291 2830 1309 2842 ’⁷
1327 2830 1377 2870 (ut
1395 2830 1531 2868 dicitur,
1553 2830 1630 2861 Gen.
1650 2830 1696 2862 iii.
1715 2830 1780 2870 20).

403 2925 535 2978 Quod
567 2925 669 2965 illae
702 2926 828 2973 duae,
859 2939 1018 2977 nempe
1051 2923 1254 2965 doctrina
1285 2931 1330 2965 et
1362 2925 1467 2973 vita,
1500 2924 1628 2965 simul
1661 2931 1883 2978 sumptae,

402 2996 448 3029 et
475 2988 681 3041 conjugio
704 2989 827 3041 quasi
856 2986 1131 3040 conjunctae,
1157 2987 1362 3028 dicantur
1387 2987 1617 3037 “Homo‚”
1640 2994 1685 3028 et
1709 3001 1883 3041 quoque
