2008 3458
584 358 692 394 CAP.
715 360 830 400 X1v.,
855 360 993 393 VERs.
1021 359 1191 404 13.——N.
1215 349 1383 405 899[a].
1613 360 1722 403 2433

172 487 188 496 ⁸
223 485 322 516 rum
361 473 435 529 qui
471 473 665 516 antehac
701 474 842 515 vitam
881 473 1114 515 charitatis
1145 473 1381 514 vixerunt:
1422 472 1509 514 hoc
1547 486 1724 528 quoque

95 548 102 560 ⁴
222 535 493 591 intelligitur
514 551 593 591 per
618 537 729 578 haec
756 537 894 577 verba
925 537 1044 590 apud
1070 536 1337 585 Jolzannem,

290 625 424 659 “Nunc
442 626 614 668 iudicium
635 631 690 658 est
709 626 833 657 mundi
857 625 973 666 hujus,
995 635 1090 657 nunc
1110 626 1276 666 princeps
1297 625 1420 657 mundi
1439 625 1546 666 hujus
1566 625 1725 666 ejicietur

398 670 515 703 foras:
543 669 620 711 Ego
639 679 726 701 vero
746 671 776 701 si
796 670 973 701 exaltatus
994 670 1095 701 fuero
1115 680 1134 702 e
1159 676 1262 708 terra,
1284 679 1411 701 omnes
1431 670 1570 702 traham
1594 669 1640 701 ad
1665 668 1725 701 Me

399 713 523 756 Ipsum
533 713 552 726 ”
569 714 642 752 (xii.
660 722 712 753 31,
730 714 806 753 32):

221 794 270 832 et
294 788 382 831 hoc
408 794 800 843 repraesentatum
827 795 897 829 est
924 802 1004 842 per

288 861 394 904 Quod
410 861 519 894 multi
531 861 753 894 dormientes
770 859 885 893 sancii
904 862 1063 894 suscitati
1081 862 1161 900 sint,
1175 863 1237 895 “et
1253 870 1425 896 exeuntes
1442 874 1462 896 e
1482 863 1724 895 monumentis

397 905 472 938 suis
485 912 566 947 post
579 903 877 937 resurrectionem
890 904 908 917 ''
922 905 1069 937 Domini
1082 906 1265 946 “ingressi
1279 907 1352 939 sint
1365 908 1400 939 in
1415 906 1578 939 sandiam
1590 908 1723 946 urbem,

396 955 432 982 et
447 949 679 991 apparuerint
695 949 816 981 multis
830 948 848 960 '¹
866 948 1009 989 (Matth.
1027 950 1135 982 xxvii.
1155 958 1205 989 52,
1222 950 1294 991 53):

221 1035 304 1081 Sed
340 1037 398 1080 de
437 1037 522 1080 hac
562 1052 610 1079 re
653 1037 780 1092 plura
820 1038 1040 1088 dicentur,
1080 1038 1154 1079 ubi
1191 1039 1247 1080 de
1284 1038 1609 1081 resurrectione
1645 1054 1724 1081 seu

221 1106 370 1143 m'orte
386 1101 527 1156 prima
545 1107 591 1142 et
609 1101 810 1142 secunda
827 1101 871 1142 in
885 1101 1178 1155 sequentibus
1196 1102 1238 1142 in
1253 1102 1539 1156 Apocalypsi.
1590 1102 1724 1156 Quod

222 1164 528 1217 per.⁴‘beat0s
559 1163 792 1205 mortuos'’
817 1170 863 1205 et
893 1164 1216 1214 “morientes,'’
1242 1166 1380 1206 etiam
1412 1165 1726 1220 intelligantur

223 1226 288 1270 illi
327 1227 402 1282 qui
441 1228 484 1268 in
525 1227 667 1268 vitam
699 1225 988 1268 resurrecturi
1029 1228 1118 1268 sint
1161 1228 1367 1281 posthac,
1401 1229 1474 1282 qui
1506 1235 1610 1270 sunt
1651 1230 1724 1283 qui

62 1333 70 1344 ,
221 1289 460 1332 charitatis
476 1291 618 1332 vitam
636 1291 808 1339 vivunt,
830 1297 1040 1331 constare
1058 1297 1212 1344 potest
1231 1305 1289 1332 ex
1308 1305 1376 1341 eo,
1397 1292 1516 1345 quod
1535 1292 1722 1341 dicatur,

127 1374 146 1379 ⁷
224 1355 292 1396 “a
321 1353 480 1404 nunc,”
506 1359 602 1396 tum
634 1354 754 1408 quod
785 1353 1018 1395 “mortui”
1049 1361 1096 1395 et
1131 1354 1466 1406 “morientes;''
1497 1369 1632 1409 quare
1661 1359 1725 1396 “a

223 1416 374 1467 nunc”
391 1431 440 1458 se
462 1417 598 1458 refert
621 1431 712 1458 non
730 1417 868 1458 modo
886 1417 943 1458 ad
966 1417 1048 1458 hos
1066 1418 1139 1472 qui
1162 1424 1264 1472 post
1283 1418 1491 1459 ultimum
1508 1418 1723 1471 judicium

222 1480 341 1524 tales
366 1487 486 1531 sunt,
510 1481 590 1522 sed
617 1481 754 1522 etiam
780 1481 842 1522 ad‘
864 1480 965 1522 illos
992 1482 1065 1536 qui
1091 1481 1285 1522 antehac
1313 1481 1428 1523 tales
1450 1481 1640 1531 fuerunt,
1669 1483 1725 1523 de

222 1544 382 1600 quibus
400 1557 510 1586 mox
528 1554 674 1598 supra.
737 1543 872 1598 Quod
893 1547 1052 1586 “mors
1063 1544 1082 1560 '‘
1094 1543 1318 1598 significet
1336 1543 1722 1594 resurrectionem,

223 1614 271 1650 et
307 1607 428 1663 quod
469 1607 574 1649 inde
614 1607 852 1666 “mortui’(
884 1607 1141 1661 significent
1177 1615 1467 1661 resurgentes
1502 1609 1547 1648 in
1583 1609 1724 1649 vitam

222 1677 472 1720 aeternam,
491 1677 560 1712 est
580 1671 683 1726 quia
703 1674 727 1691 “
742 1684 862 1712 mors
874 1670 893 1686 ’'
912 1670 1136 1724 significat
1155 1671 1389 1720 infernum,
1410 1678 1455 1712 et
1479 1672 1582 1712 inde
1606 1671 1726 1712 mala

222 1740 270 1776 et
295 1733 421 1784 salsa,
449 1740 496 1776 et
521 1734 632 1776 haec
661 1735 876 1776 moritura
902 1741 1006 1775 sunt
1034 1741 1082 1776 ut
1114 1735 1252 1776 homo
1278 1735 1418 1776 vitam
1445 1734 1723 1788 spiritualem

223 1798 445 1852 accipiat3
478 1811 583 1839 nam
602 1804 847 1852 antequam
869 1797 947 1839 illa
970 1805 1148 1840 mortua
1170 1804 1216 1839 et
1239 1796 1469 1839 exstin5³m
1490 1805 1609 1847 sunt,
1634 1811 1724 1839 non

221 1861 395 1903 homini
432 1867 504 1903 est
545 1861 640 1902 vita
676 1861 933 1915 spiritualis,
967 1875 1082 1916 quae
1119 1868 1188 1903 est
1226 1876 1340 1916 quae
1377 1862 1646 1915 intelligitur
1681 1862 1725 1902 in

221 1923 380 1966 Verbo
405 1937 486 1978 per
513 1924 734 1974 “vitam‚’'
760 1938 839 1978 per
863 1925 1043 1966 “vitam
1070 1924 1342 1974 aeternam,”
1364 1931 1410 1966 et
1437 1938 1515 1978 per
1540 1928 1723 1966 “resur-

222 1985 474 2030 rectionem
494 1987 529 2039 ;’'
555 2001 691 2042 quare
713 2001 792 2041 per
816 1987 998 2029 “mori''
1020 1988 1090 2029 hic
1114 1995 1159 2029 et
1182 1988 1287 2029 alibi
1312 1989 1355 2028 in
1379 1987 1535 2029 Verbo
1557 1987 1725 2029 intelli-

225 2051 348 2104 gitur
378 2049 626 2092 exstinc‘tio
657 2052 777 2092 vitae
809 2052 1029 2105 propriae,
1059 2066 1173 2106 quae
1205 2052 1248 2092 in
1282 2066 1329 2092 se
1361 2049 1567 2104 spectata
1598 2051 1726 2091 unice

223 2127 286 2156 ex
322 2114 453 2156 malis
493 2120 539 2156 et
576 2114 679 2155 inde
717 2114 839 2156 falsis
876 2115 1111 2166 consistit;
1154 2121 1200 2156 et
1237 2116 1339 2168 quia
1376 2115 1482 2155 dum
1522 2114 1600 2155 illa
1634 2115 1727 2155 vita

225 2175 459 2221 exstincta
497 2183 583 2226 est,
626 2177 729 2219 loco
769 2177 861 2231 ejus
901 2179 1040 2219 intrat
1077 2179 1171 2219 vita
1209 2177 1463 2232 spiritualis,
1505 2178 1609 2219 inde
1650 2191 1728 2231 per

226 2243 468 2282 “mortuos
489 2241 534 2282 in
558 2241 786 2282 Domino''
809 2241 872 2282 illi
895 2242 968 2295 qui
990 2241 1245 2295 spirituales
1268 2239 1371 2282 facti
1394 2247 1498 2282 sunt
1521 2255 1546 2282 a
1569 2241 1726 2282 Domi-

223 2316 297 2353 no,
321 2303 644 2358 significantur.
705 2305 942 2346 Praeterea
968 2306 1011 2346 in
1039 2304 1257 2358 spirituali
1283 2318 1417 2345 sensu
1444 2317 1522 2357 per
1547 2305 1697 2344 “mori
1708 2303 1727 2319 ”

225 2372 382 2421 potest
422 2367 615 2421 intelligi
656 2366 938 2416 resurrectio,
972 2369 1074 2422 quia
1113 2367 1277 2420 angeli,
1311 2368 1384 2421 qui
1425 2368 1469 2407 in
1511 2366 1726 2419 spirituali

224 2443 361 2472 sensu
395 2429 538 2472 Verbi
572 2438 692 2480 sunt,
724 2445 816 2473 non
856 2432 1004 2473 sciunt
1042 2431 1209 2485 aliquid
1243 2431 1300 2471 de
1337 2437 1483 2471 morte
1520 2430 1725 2478 naturali,

224 2493 368 2549 qual-is
395 2499 466 2536 est
490 2494 747 2542 hominibus
773 2495 847 2549 qui
872 2495 1114 2543 decedunt,
1139 2494 1219 2535 sed
1242 2495 1297 2535 de
1324 2500 1470 2534 morte
1493 2494 1725 2546 spirituali,

225 2556 372 2612 qualis
394 2564 465 2599 est
490 2557 577 2599 illis
602 2559 676 2612 qui
703 2572 782 2612 per
803 2559 1086 2599 tentationes
1112 2572 1138 2598 a
1165 2558 1362 2598 Domino
1388 2564 1725 2610 regenerantur,

225 2621 348 2674 apud
379 2634 492 2675 quos
523 2621 767 2663 domantur
798 2629 844 2663 et
878 2622 1012 2662 morti
1044 2621 1208 2662 dantur
1239 2620 1360 2661 mala
1391 2627 1436 2661 et
1468 2620 1572 2660 inde
1603 2619 1726 2661 falsa.

225 2684 314 2726 Est
357 2697 535 2738 quoque
577 2697 698 2726 mors
735 2684 952 2725 naturalis
990 2697 1079 2725 non
1118 2683 1238 2724 aliud
1275 2696 1409 2737 quam
1446 2681 1725 2732 resurrectio,

225 2748 443 2803 quoniam
474 2761 577 2789 cum
608 2761 770 2801 corpus
802 2749 990 2788 moritur
1020 2747 1158 2788 homo
1184 2746 1332 2800 quoad
1364 2747 1566 2799 spiritum
1599 2759 1726 2787 suum

226 2812 437 2865 resurgit,
462 2817 508 2852 et
534 2812 596 2852 sic
624 2818 694 2852 est
721 2824 842 2852 mors
865 2810 1002 2852 modo
1025 2810 1307 2851 continuatio
1328 2810 1448 2850 vitae
1470 2808 1588 2862 ejus;
1622 2822 1726 2850 nam

225 2874 367 2916 homo
391 2887 471 2928 per
495 2881 691 2916 mortem
717 2888 743 2915 a
769 2875 863 2914 vita
889 2874 931 2914 in
960 2873 1130 2914 mundo
1153 2872 1345 2914 naturali
1372 2872 1655 2913 transcendit
1682 2873 1726 2913 in

224 2937 370 2979 vitam
395 2938 439 2979 in
466 2938 637 2979 mundo
663 2937 896 2991 spirituali,
922 2950 1022 2978 cum
1050 2935 1299 2978 differentia
1321 2936 1465 2977 solum
1488 2935 1607 2989 quod
1634 2936 1727 2977 vita

226 2999 273 3043 in
311 3001 482 3042 mundo
513 3001 706 3043 naturali
744 3002 799 3042 sit
834 3001 928 3041 vita
964 3000 1165 3041 exterior
1204 3006 1250 3040 et
1290 2997 1602 3052 imperfectior,
1634 2999 1729 3040 vita
