2054 3464
374 347 482 388 2028
785 357 1118 391 APOCALYPSIS
1148 359 1448 392 EXPLICATA.

372 483 451 522 per
479 469 689 511 “vitem”
715 470 992 523 significatur
1017 471 1220 521 ecclesia,
1249 487 1362 526 quae
1387 474 1430 513 in
1457 473 1674 526 principio
1695 473 1856 527 capitis

371 539 559 574 vocatur
584 537 779 582 “mater,
799 548 912 587 quae
935 532 1050 575 faeta
1073 534 1230 576 leaena
1247 535 1280 576 :'’
1310 536 1555 589 “plantata
1577 536 1621 576 in
1643 535 1856 577 desert0'’

371 595 533 636 dicitur
564 609 663 635 curn
696 597 739 636 in
771 595 848 636 illa
880 610 969 636 non
1001 597 1191 650 amplius
1222 611 1375 639 verum
1408 599 1509 651 quia
1541 611 1630 638 non
1661 598 1856 649 bonum3

373 660 530 698 “terra
556 658 809 699 ariditatis”
835 665 904 699 est
932 673 1021 700 non
1048 659 1214 700 bonum
1238 661 1317 701 sed
1344 660 1445 701 loco
1467 660 1559 713 ejus
1582 656 1776 711 malum3
1809 666 1856 701 et

374 723 532 760 “terra
558 721 654 760 sitis
667 720 686 735 ‘’
714 727 783 761 est
816 735 905 761 non
932 735 1086 762 verum
1117 722 1196 763 sed
1229 722 1330 763 loco
1361 722 1452 775 ejus
1484 722 1656 762 falsum.
1718 721 1856 776 Apud

370 783 630 832 Hosclzeam,

436 874 454 887 “
464 872 678 904 Contendite
692 883 772 904 cum
787 879 899 904 matre
912 879 1055 911 vestra„
1071 898 1078 906 .
1091 898 1098 905 .
1114 880 1166 906 ,ut
1179 880 1361 905 removeat
1374 874 1607 906 scortationes
1621 883 1703 906 suas
1716 884 1738 905 a
1753 873 1858 907 facie·

544 917 608 947 bus
627 917 727 955 suis„
742 941 749 948 .
764 941 771 948 .
786 927 846 948 .ne
863 916 954 948 forte
972 926 1098 948 exuam
1117 927 1195 948 earn
1213 918 1355 955 nudam,
1373 923 1407 948 et
1425 918 1547 948 sistam
1567 927 1643 948 eam
1662 913 1856 949 secundum

543 960 636 990 diem
662 960 736 1000 pari
757 959 844 999 ejus,
866 966 900 991 et
919 970 1051 1000 ponam
1076 970 1154 992 eam
1180 961 1269 992 sicut
1292 961 1482 998 desertum,
1508 967 1542 991 et
1565 961 1754 1001 disponam
1777 970 1856 1001 eam

543 1004 633 1034 sicut
650 1009 779 1035 terram
797 1004 981 1042 ariditatis,
999 1010 1034 1035 et
1050 1004 1206 1035 occidam
1224 1014 1302 1035 eam
1319 1014 1381 1044 per
1398 1004 1491 1036 sitim
1503 1003 1521 1016 '’
1538 1004 1585 1043 (ii.
1604 1012 1632 1042 2,
1651 1005 1683 1044 3)
1698 1015 1704 1036 :

369 1097 480 1138 haec
508 1097 563 1138 de
590 1096 781 1137 ecclesia
803 1111 918 1150 quae
943 1096 1195 1139 falsificavit
1219 1112 1324 1139 vera
1346 1097 1512 1148 Verbi;
1548 1097 1764 1139 “mater”
1785 1103 1856 1139 est

369 1160 573 1208 ecclesia,
599 1166 644 1200 et
671 1160 1011 1200 “scortationes
1026 1159 1045 1174 ”
1067 1166 1171 1201 sunt
1194 1160 1529 1201 falsificationes
1555 1161 1672 1202 veri:
1707 1160 1855 1214 depri-

346 1228 474 1263 ‘vare
499 1222 623 1263 illam
647 1223 769 1273 omni
790 1237 897 1263 vero
922 1223 1037 1263 sicut
1063 1222 1143 1263 suit
1167 1229 1411 1276 antequam
1437 1223 1692 1272 reformata,
1715 1224 1855 1277 signi-

371 1284 529 1326 ficatur
561 1299 638 1338 per
672 1289 877 1326 “exuere
909 1284 1115 1334 nudam,”
1146 1291 1192 1326 et
1217 1287 1423 1326 “sistere
1454 1285 1578 1326 illam
1610 1286 1856 1328 seeundum

369 1349 487 1389 diem
528 1349 621 1401 pari
662 1347 754 1400 ejus
772 1347 806 1388 :”
852 1347 1043 1389 ecclesia
1083 1348 1251 1402 absque
1296 1349 1416 1389 bono
1463 1348 1741 1402 significatur
1778 1363 1857 1403 per

372 1410 671 1451 “desertum”
698 1417 743 1451 et
773 1414 979 1451 “terram
1005 1410 1268 1459 ariditatis,''
1295 1417 1340 1451 et
1373 1411 1624 1464 deprivatio
1654 1412 1748 1452 veri
1778 1425 1857 1465 per

372 1473 615 1514 “occidere
639 1473 712 1513 siti
730 1473 764 1523 ;”
793 1474 929 1513 “sitis
942 1473 961 1488 ”
984 1473 1147 1513 dicitur
1169 1474 1225 1514 de
1250 1474 1380 1521 veris,
1405 1474 1507 1527 quia
1536 1473 1720 1527 “aqua'’
1743 1487 1857 1528 quae

369 1536 519 1576 sititur
549 1542 618 1576 est
651 1549 831 1586 verum3
865 1542 911 1576 et
941 1536 1164 1576 “ariditas
1177 1535 1195 1551 ”
1227 1536 1388 1576 dicitur
1415 1537 1471 1577 de
1503 1537 1704 1577 carentia
1733 1536 1854 1586 boni,

369 1599 471 1652 quia
497 1613 556 1641 ex
583 1599 837 1639 adustione.
899 1598 1036 1652 Apud
1063 1599 1270 1647 eundem,

435 1686 529 1718 “Ille
557 1687 648 1718 inter
675 1687 802 1718 fratres
830 1686 931 1718 ferox
959 1693 1022 1726 est,
1047 1687 1167 1718 veniet
1194 1697 1299 1719 eurus
1323 1693 1450 1719 ventus
1474 1687 1641 1729 Jehovae,
1666 1698 1687 1719 a
1715 1688 1857 1720 deserto

542 1731 751 1814 &icienpssns
772 1737 807 1762 et
831 1737 1012 1762 exarescet
1036 1731 1213 1771 scaturigo
1237 1731 1324 1771 ejus,
1345 1738 1379 1762 et
1399 1731 1630 1763 exsiccabitur
1649 1731 1731 1763 fons
1750 1732 1828 1772 ejus
1838 1731 1857 1744 ”

369 1860 480 1901 haec
504 1860 560 1900 de
583 1860 845 1914 Ephraimo,
867 1874 945 1913 per
967 1873 1099 1914 quem
1122 1860 1391 1914 intelligitur
1412 1859 1670 1902 intellectus
1688 1861 1854 1913 Verbi;

369 1924 441 1976 qui
483 1924 638 1963 “inter
674 1923 832 1963 fratres
872 1923 1032 1964 ferox’'
1069 1924 1243 1972 dicitur,
1283 1923 1464 1976 quando
1503 1923 1614 1964 falsa
1653 1924 1856 1965 animose

370 1985 584 2034 defendit,
623 1998 674 2025 ac
716 1999 796 2038 pro
836 1985 922 2025 illis
963 1991 1122 2026 contra
1158 1999 1263 2026 vera
1303 1992 1501 2039 pugnat:
1545 2000 1622 2039 per
1665 1989 1856 2027 “eurum

369 2054 555 2088 ventum
586 2047 818 2100 Jehovae”
848 2047 1126 2100 significatur
1157 2048 1289 2088 ardor
1320 2049 1580 2101 cupiditatis
1611 2063 1670 2089 ex
1702 2062 1855 2091 amore

370 2116 415 2151 et
438 2110 555 2150 fastu
578 2111 838 2151 destruendi
862 2124 993 2160 vera;
1026 2111 1099 2163 qui
1120 2114 1144 2130 “
1160 2124 1218 2151 ex
1241 2111 1423 2151 deserto
1445 2111 1690 2152 ascendere
1703 2110 1722 2126 ’'
1745 2111 1855 2152 dici-

371 2179 456 2221 tur,
489 2174 668 2226 quando
700 2188 758 2214 ex
791 2171 1027 2213 intellech
1058 2173 1102 2213 in
1134 2187 1221 2226 quo
1253 2187 1339 2213 non
1374 2180 1478 2214 sunt
1509 2187 1614 2214 vera
1646 2188 1704 2214 ex
1735 2174 1857 2215 bono

370 2235 449 2275 sed
481 2235 592 2276 falsa
624 2250 682 2276 ex
716 2235 861 2286 malo;
895 2235 999 2275 talis
1031 2234 1289 2276 intellectus
1322 2242 1391 2277 est
1421 2235 1730 2285 “desertum‚”
1755 2237 1858 2290 quia

370 2300 513 2339 inanis
540 2305 586 2339 et
612 2312 804 2339 vacuus:
838 2298 958 2352 quod
984 2312 1042 2339 ex
1074 2299 1234 2339 ardore
1266 2305 1311 2339 et
1343 2299 1463 2339 fastu
1494 2298 1572 2339 illo
1598 2299 1858 2340 destruatur

371 2375 504 2402 omne
527 2360 758 2402 dofflinae
780 2368 826 2402 et
850 2375 984 2402 omne
999 2361 1152 2409 Verbi,
1173 2361 1451 2414 significatur
1468 2375 1546 2414 per
1562 2362 1856 2403 “Exarescet

371 2426 600 2477 scaturigo
627 2424 718 2476 ejus
750 2431 795 2465 et
828 2424 1132 2464 exsiccabitur
1162 2424 1260 2464 fons
1292 2424 1383 2476 ejus
1401 2423 1434 2474 ;'’
1463 2424 1760 2477 “scaturigo'’
1785 2430 1856 2466 est

371 2486 588 2535 doctrina,
618 2494 663 2527 et
694 2491 717 2507 “
735 2486 864 2527 fons’'
891 2493 960 2527 est
988 2486 1203 2527 Verbum.
1265 2486 1402 2539 Apud
1429 2486 1611 2535 Joelem,

437 2582 521 2613 “Ad
552 2582 613 2619 Te,
642 2581 813 2623 Jehovah,
842 2582 980 2619 clamo;
1015 2581 1097 2622 quia
1127 2581 1220 2621 ignis
1248 2581 1401 2612 comedit
1428 2581 1627 2612 habitacula
1653 2581 1794 2619 deserti,
1822 2587 1857 2613 et

544 2625 687 2655 flamma
696 2625 906 2665 deflagravit
914 2635 1038 2656 omnes
1050 2626 1193 2656 arbores
1205 2625 1279 2664 agri
1294 2634 1300 2661 ;
1319 2625 1400 2665 quia
1411 2625 1544 2655 bestiae
1555 2625 1630 2664 agri
1642 2621 1856 2664 [¹ngocitavit
1903 2639 1909 2647 ¹

545 2669 588 2699 ad
604 2669 665 2706 Te,
680 2669 760 2752 (juga
777 2669 942 2752 exsicc)ati
960 2674 1042 2700 sunt
1059 2668 1122 2700 rivi
1140 2678 1320 2709 aquarum,
1334 2675 1368 2699 et
1385 2668 1476 2708 ignis
1490 2668 1643 2699 comedit
1658 2662 1857 2700 habitacula

544 2712 673 2743 deserti
696 2711 702 2722 '
734 2712 753 2743 i.
774 2721 822 2752 19,
842 2721 883 2743 20
907 2723 914 2744 z

374 2802 527 2854 “ignis
559 2802 756 2842 comedit
789 2801 1049 2841 habitacula
1080 2800 1260 2849 deserti,
1295 2806 1340 2840 et
1377 2799 1556 2840 flamma
1587 2799 1854 2852 deflagravit

372 2878 528 2905 omnes
570 2864 751 2904 arbores
792 2863 926 2916 agri‚”
958 2863 1181 2916 significat
1214 2863 1332 2916 quod
1365 2876 1490 2902 amor
1521 2863 1586 2902 sui
1627 2869 1672 2903 et
1713 2862 1854 2903 fastus

371 2927 575 2980 propriae
602 2926 933 2978 intelligentiae
960 2926 1287 2979 consumpserit
1314 2938 1493 2965 omnem
1516 2925 1853 2977 perceptionem

371 2990 475 3029 boni
499 2995 544 3035 et
568 3001 747 3029 omnem
771 2987 1053 3029 intellectum
1070 2989 1161 3030 veri
1184 2986 1414 3029 doctrinae
1436 3001 1494 3028 ex
1518 3000 1649 3027 sensu
1672 2986 1852 3028 litterae
