2098 3476
602 375 708 409 cAP.
732 376 835 416 XII„
859 375 999 408 VERs.
1024 375 1168 419 3.-N.
1191 365 1403 421 714[b(i.;].
1645 377 1745 421 1951

335 487 420 543 [b0]
463 486 693 541 Quoniam
724 487 768 527 in
799 487 1098 541 sequentibus
1128 486 1259 539 hujus
1284 486 1464 540 capitiS,
1491 492 1537 527 et
1569 500 1750 541 quoque

250 556 429 605 postea,
456 549 607 603 agitur
632 549 689 590 de
718 548 997 596 “dracone,''
1023 548 1200 590 dicetur
1225 549 1408 602 quinam
1435 549 1479 588 in
1507 561 1676 601 genere
1703 555 1750 589 et

249 612 296 655 in
337 613 488 667 specie
527 626 608 667 per
648 611 774 652 illum
813 611 1139 665 significantur.
1203 611 1253 652 In
1297 625 1465 664 genere
1503 625 1582 665 per
1623 611 1749 651 illum

250 675 564 731 significantur
588 675 662 729 qui
689 674 921 716 naturales
945 681 1050 716 sunt
1077 674 1177 728 plus
1204 681 1250 716 et
1279 675 1440 724 minus,
1466 681 1511 715 et
1539 688 1679 728 usque
1706 675 1750 714 in

50 735 58 742 ’
100 748 130 775 2
187 745 190 748 ’
249 739 443 781 scientia
488 752 635 780 rerum
681 737 983 792 spiritualium
1029 752 1088 779 ex
1131 737 1288 779 Verbo
1333 744 1466 788 sunt;
1514 738 1558 778 in
1600 738 1751 790 specie

249 807 405 844 autem
427 800 742 855 significantur
764 801 837 855 qui
864 815 912 842 se
939 800 1323 842 confirmaverunt
1351 802 1394 841 in
1422 800 1509 842 fide
1537 807 1750 854 separata

183 864 185 869 ’
248 878 277 906 a
306 863 548 912 charitate,
577 861 784 905 doctrina
817 870 863 904 et
896 864 1018 904 vita:
1059 864 1103 904 hi
1137 870 1274 918 caput
1307 863 1400 916 ejus
1432 865 1749 914 constituunt;

227 928 324 983 ¹⁴qui
354 934 509 970 autem
541 942 601 969 ex
634 928 814 982 propria
846 926 1156 981 intelligentia
1189 927 1484 969 excluserunt
1518 928 1600 968 sibi
1634 928 1749 981 dog-

248 997 375 1032 mata
401 1005 460 1032 ex
483 990 654 1040 Verbo,
680 991 725 1032 hi
752 1005 914 1044 corpus
942 991 1152 1032 draconis
1178 991 1375 1041 faciunt;
1409 991 1483 1044 qui
1510 1005 1618 1031 vero
1644 991 1749 1032 abs-

238 1060 336 1108 'que
357 1052 564 1096 doctrina
586 1054 775 1095 student
799 1053 970 1102 Verbo,
995 1053 1059 1094 illi
1082 1060 1279 1095 externa
1301 1054 1511 1094 draconis
1534 1054 1748 1094 formant.

249 1116 312 1160 Hi
333 1131 493 1159 omnes
515 1118 655 1159 etiam
678 1116 919 1158 falsificant
943 1124 989 1158 et
1013 1117 1277 1158 adulterant
1297 1117 1516 1166 Verbum,
1537 1118 1750 1171 quoniam

248 1181 294 1223 in
320 1193 474 1223 amore
501 1181 567 1221 sui
599 1187 646 1222 et
680 1181 784 1221 inde
811 1181 855 1221 in
882 1180 1001 1222 fastu
1028 1181 1236 1234 propriae
1263 1180 1601 1234 intelligentiae
1628 1188 1748 1229 sunt,

249 1258 310 1287 ex
350 1258 440 1300 quo
482 1258 605 1302 mere
642 1243 888 1292 naturales,
928 1245 1068 1286 immo
1105 1244 1340 1286 sensuales
1377 1243 1482 1285 faffl
1521 1251 1656 1294 sunt;
1703 1251 1750 1286 et

247 1307 471 1350 sensualis
507 1307 647 1350 homo
689 1321 780 1348 non
818 1308 971 1349 videre
1013 1314 1170 1362 potest
1212 1322 1320 1349 vera
1356 1309 1554 1362 genuina
1592 1308 1748 1356 Verbi,

219 1415 221 1418 Α
247 1378 436 1427 propter
461 1370 679 1419 fallacias,
708 1377 895 1425 propter
921 1371 1162 1412 obscurum
1190 1370 1510 1425 perceptioni5‚
1540 1378 1586 1412 et
1615 1386 1749 1425 prop-

247 1442 320 1478 ter
350 1434 472 1476 mala
497 1435 699 1488 corporis
731 1434 791 1475 ibi
823 1435 1101 1486 residentia;
1140 1434 1349 1476 sensuale
1382 1436 1502 1476 enim
1528 1435 1750 1476 adhaeret

247 1499 440 1554 corpori,
469 1498 588 1539 unde
616 1497 728 1539 talia
753 1503 874 1538 sunt.

336 1561 404 1616 (i.)
449 1560 584 1615 Quod
615 1561 830 1614 primum,
870 1574 1034 1615 nempe
1073 1561 1195 1616 quod
1232 1576 1311 1615 per
1349 1561 1669 1602 “draconem'’
1706 1563 1750 1602 in

247 1639 416 1680 genere
447 1624 769 1678 intelligantur
800 1625 875 1678 qui
907 1625 1142 1666 naturales
1179 1631 1285 1666 sunt
1323 1626 1469 1679 magis
1507 1632 1553 1666 et
1587 1626 1748 1673 minus,

247 1695 296 1732 et
321 1702 462 1743 usque
488 1689 532 1730 in
555 1689 748 1730 scientia
771 1701 917 1729 rerum
942 1689 1241 1742 spiritualium
1268 1703 1328 1730 ex
1352 1689 1523 1737 Verbo,
1549 1696 1619 1730 est
1647 1690 1750 1743 quia

245 1766 327 1808 per
348 1751 655 1806 “serpentes''
674 1753 719 1793 in
737 1765 905 1805 genere
925 1749 1275 1805 [¹¹significantur
1293 1753 1518 1794 sensualia
1537 1753 1748 1801 hominis,

246 1822 294 1859 et
317 1815 422 1858 inde
444 1815 678 1858 sensuales
701 1815 909 1856 homines
928 1829 937 1866 ;
971 1829 1108 1870 quare
1133 1830 1211 1870 per
1237 1816 1562 1865 “draconem‚’'
1581 1818 1654 1871 qui
1677 1824 1749 1858 est

245 1893 433 1935 serpens
478 1879 654 1928 volans,
698 1878 980 1933 significatur
1025 1879 1247 1920 sensualis
1293 1879 1446 1928 homo,
1489 1882 1563 1934 qui
1609 1895 1749 1935 usque

223 1957 403 1986 vversus
434 1942 612 1985 caelum
644 1942 786 1989 volat,
815 1956 894 1996 per
926 1943 969 1983 id
1003 1943 1124 1996 quod
1157 1942 1370 1997 loquatur
1401 1950 1447 1984 et
1480 1945 1656 1998 cogitet
1690 1959 1749 1985 ex

245 2005 418 2056 Verbo,
442 2012 522 2047 aut
549 2020 608 2047 ex
636 2004 843 2047 doctrina
869 2020 894 2047 e
918 2005 1102 2057 Verbo;
1136 2007 1283 2060 ipsum
1306 2006 1510 2048 Verbum
1534 2009 1653 2048 enim
1677 2015 1748 2049 est

246 2070 496 2125 spirituale,
530 2070 633 2124 quia
665 2075 736 2111 est
768 2070 812 2110 in
845 2083 894 2110 se
927 2069 1157 2118 Divinum,
1192 2077 1238 2111 et
1271 2070 1378 2111 inde
1412 2078 1481 2112 est
1515 2072 1559 2111 in
1592 2072 1747 2113 caelo:

246 2139 296 2176 at
317 2133 422 2188 quia
442 2132 543 2174 sola
565 2133 758 2174 scientia
777 2132 1076 2187 spiritualium
1101 2147 1160 2174 ex
1179 2133 1336 2174 Verbo
1355 2147 1446 2174 non
1473 2134 1577 2175 facit
1602 2134 1749 2176 homi-

245 2209 350 2238 nem
382 2195 680 2250 spiritualem,
717 2195 798 2237 sed
835 2197 931 2237 vita
963 2196 1214 2237 secundum
1247 2197 1324 2238 illa
1362 2211 1477 2251 quae
1514 2199 1558 2238 in
1592 2197 1750 2240 Verbo

245 2266 368 2309 sunt,
395 2259 502 2300 inde
534 2273 694 2300 omnes
727 2273 786 2300 ex
819 2258 908 2300 illis
940 2261 1014 2313 qui
1047 2260 1091 2300 in
1124 2261 1317 2301 scientia
1350 2275 1409 2302 ex
1437 2261 1594 2302 Verbo
1627 2269 1747 2311 sunt,

244 2330 292 2366 et
319 2336 411 2365 non
437 2323 483 2364 in
505 2324 601 2364 vita
629 2323 879 2364 secundum
906 2323 1046 2371 illam,
1072 2324 1304 2365 naturales
1331 2331 1451 2373 sunt,
1478 2326 1617 2366 immo
1644 2340 1747 2366 sen-

245 2387 408 2429 suales.
471 2385 729 2436 Sensuales,
750 2387 823 2441 qui
847 2401 926 2440 per
947 2391 971 2407 “
986 2387 1233 2428 draconem
1248 2388 1267 2403 ’⁹
1286 2388 1621 2442 intelliguntur,
1642 2397 1748 2431 sunt

244 2450 310 2492 illi
332 2450 407 2505 qui
429 2449 540 2490 nihil
562 2450 722 2491 vident
745 2464 804 2490 ex
828 2449 927 2491 luce
950 2451 1079 2499 caeli,
1104 2452 1184 2492 sed
1209 2452 1346 2492 modo
1369 2466 1428 2492 ex
1453 2452 1552 2493 luce
1576 2453 1747 2501 mundi,

245 2519 294 2556 et
325 2514 400 2568 qui
431 2527 491 2555 ex
519 2513 604 2554 hac
632 2513 731 2555 sola
758 2513 857 2555 luce
884 2521 1076 2567 possunt
1104 2514 1227 2569 loqui
1254 2515 1310 2556 de
1339 2515 1529 2564 Divinis,
1557 2522 1603 2557 et
1637 2530 1748 2570 quo-

245 2591 332 2632 que
363 2582 498 2618 acute
537 2583 583 2618 et
621 2577 833 2618 alacriter
864 2578 1138 2627 ratiocinari,
1173 2579 1412 2619 excitante
1445 2580 1550 2632 igne
1582 2580 1748 2619 amoris

244 2641 313 2682 sui
339 2653 392 2681 ac
418 2639 523 2681 inde
549 2639 695 2691 fastu;
730 2640 810 2681 sed
835 2654 975 2695 usque
999 2655 1089 2682 non
1113 2649 1304 2695 possunt
1329 2642 1483 2683 videre
1508 2656 1614 2683 num
1642 2657 1748 2683 vera

245 2704 336 2744 sint
357 2701 431 2744 vel
459 2716 550 2744 non
572 2717 693 2751 vera,
718 2704 924 2745 dicentes
951 2704 995 2745 id
1018 2718 1175 2746 verum
1201 2719 1300 2746 esse
1324 2706 1445 2759 quod
1469 2720 1528 2746 ex
1556 2707 1749 2759 pueritia

244 2766 493 2808 hauserunt
521 2780 581 2807 ex
597 2767 831 2820 magistro
863 2774 941 2808 aut
970 2769 1300 2822 praedicatore,
1329 2776 1375 2810 et
1409 2769 1512 2809 dein
1545 2783 1605 2809 ex
1637 2769 1747 2810 doc-

245 2829 379 2879 trina,
407 2842 458 2870 ac
492 2836 654 2883 postea
680 2829 1003 2872 confirmarunt
1030 2846 1090 2872 ex
1117 2831 1338 2886 aliquibus
1366 2831 1477 2872 locis
1506 2847 1564 2872 ex
1593 2832 1749 2872 Verbo

244 2905 337 2934 non
358 2893 546 2934 interius
565 2891 826 2934 intelleffis.
891 2894 951 2935 Hi
973 2896 1076 2948 quia
1100 2895 1209 2935 nihil
1233 2896 1390 2936 vident
1414 2909 1472 2936 ex
1497 2895 1595 2936 luce
1619 2895 1745 2944 caeli,

245 2968 337 2996 non
363 2955 519 2997 vident
543 2970 663 3005 vera,
689 2957 768 2997 sed
796 2956 898 2998 loco
924 2957 1103 2998 illorum
1129 2958 1254 3006 falsa,
1280 2972 1393 3011 quae
1421 2964 1587 2998 vocant
1615 2972 1746 3007 vera;

246 3031 350 3059 nam
378 3019 474 3072 ipsa
496 3033 602 3061 vera
629 3033 718 3061 non
742 3028 933 3075 possunt
957 3022 1097 3062 videri
1125 3022 1206 3062 nisi
1234 3022 1276 3062 in
1305 3021 1403 3062 luce
1430 3021 1557 3068 caeli,
1583 3028 1628 3062 et
1657 3034 1747 3062 non
