2054 3464
589 369 695 402 CAP.
718 369 821 411 ΧΠ,
845 369 983 402 VERs.
1011 369 1154 414 5.-N.
1177 358 1348 414 725[a].
1600 369 1712 414 2003

119 477 156 494 ’“
211 483 334 541 Quia
377 497 457 539 per
497 483 745 537 “lapides”
783 483 829 524 in
874 482 1031 525 Verbo
1074 478 1386 537 significantur
1429 495 1549 532 vera,
1596 482 1715 525 dixit

212 548 445 604 Johannes
470 547 680 601 Baptista

112 605 132 642 'h
174 615 176 617 Ι
280 638 300 655 “
310 638 416 682 Quod
428 636 526 679 Deus
538 637 654 680 possit
663 647 708 669 ex
718 636 896 678 lapidibus
907 636 963 669 his
974 637 1147 669 suscitare
1158 635 1250 668 filios
1262 635 1494 668 Abrahamo''
1505 635 1603 677 (Luc.
1614 635 1662 669 iii.
1673 635 1717 676 8).

213 727 328 767 (Quod
341 735 400 766 per
413 729 432 742 ¹⁴
443 726 566 764 lapides
578 725 596 736 ’⁶
611 724 830 763 significentur
844 734 928 760 vera,
941 734 1037 763 super
1051 725 1168 762 quibus
1182 724 1357 754 fundantur
1371 733 1447 754 vera
1461 724 1618 758 interiora,
1631 723 1718 752 vide-

214 771 290 808 atu?
305 777 340 807 in
357 777 499 807 Arcanis
521 775 717 810 Caelestibus,
738 784 769 806 n.
789 776 860 812 643,
876 777 964 813 1298,
980 784 1070 812 3720.
1087 775 1178 813 6426,
1195 775 1284 812 8609,
1303 775 1427 813 10376.)
1485 763 1612 805 Sicut
1637 775 1718 816 per

76 812 154 869 ³³<ss
216 827 402 871 “filios''
431 827 744 882 significantur
774 841 894 876 vera,
922 826 986 868 ita
1017 827 1156 868 etiam
1188 841 1267 880 per
1297 827 1399 867 illos
1431 827 1475 867 in
1507 827 1719 880 opposito

196 905 349 938 (sensu
367 891 676 946 significantur
693 890 819 940 falsa,
839 897 888 931 ut
911 890 954 930 in
973 890 1243 944 quibusdam
1261 890 1372 931 locis
1390 892 1523 944 supra
1540 889 1690 931 allatis
1707 903 1717 941 ;

217 954 335 1012 [tum
359 969 539 1010 quoque
565 955 609 996 in
637 953 743 1008 hoc]
772 953 891 1007 apud
917 952 1122 1002 Esaiam,

281 1043 440 1077 “Parate
464 1043 546 1076 filiis
569 1043 648 1084 ejus
673 1040 930 1075 madlationem
955 1043 1002 1073 ob
1021 1042 1245 1083 iniquitatem
1270 1048 1410 1083 patrum
1431 1052 1566 1081 eorum,
1587 1048 1625 1074 ut
1646 1053 1720 1074 non

391 1094 582 1128 resurgant
593 1093 629 1119 et
643 1087 853 1128 possideant
866 1093 1009 1124 terram,
1024 1092 1059 1118 et
1072 1086 1289 1127 impleantur
1301 1086 1410 1118 facies
1424 1092 1539 1118 terrae
1553 1087 1699 1119 urbibus
1713 1098 1720 1119 :

391 1141 538 1172 surgam
555 1137 681 1163 contra
696 1140 787 1169 eos„
802 1155 809 1164 .
825 1136 876 1163 ‚et
893 1130 1101 1162 exscindam
1125 1130 1249 1161 Babeli
1270 1140 1403 1161 nomen
1424 1136 1459 1161 et
1477 1131 1669 1169 residuum,
1686 1137 1722 1162 et

391 1175 502 1208 filium
519 1182 555 1207 et
571 1181 768 1215 nepotem„
781 1199 790 1207 .
804 1180 856 1207 ,et
873 1183 1005 1215 ponam
1020 1184 1098 1206 eam
1117 1174 1153 1205 in
1171 1174 1406 1205 hereditatem
1421 1175 1615 1212 anatariae,
1630 1180 1666 1206 et
1684 1174 1720 1206 in

393 1226 523 1260 stagna
538 1228 722 1260 aquarum.
739 1224 775 1250 et
791 1226 954 1250 evertam
971 1228 1051 1250 eam
1069 1218 1188 1259 scopis
1206 1218 1389 1259 perdendo
1400 1217 1418 1230 ''
1435 1219 1519 1259 (xiv.
1538 1218 1659 1259 21—23)
1674 1229 1682 1251 ι

215 1309 328 1352 haec
355 1308 412 1350 de
438 1307 624 1355 Babele,
649 1320 728 1360 per
749 1319 886 1361 quarn
912 1306 1189 1360 significatur
1209 1306 1485 1348 *adulteratio
1508 1306 1649 1348 Verbi
1675 1313 1723 1350 et

217 1372 497 1428 profanatio;
530 1371 602 1412 hic
634 1371 785 1424 agitur
816 1370 873 1412 de
905 1370 1039 1412 totali
1061 1371 1319 1412 vastatione
1345 1371 1438 1411 veri
1469 1371 1589 1424 apud
1621 1371 1723 1413 illos

217 1437 293 1492 qui
324 1449 405 1490 per
433 1433 723 1476 “Babelem’'
752 1433 1095 1487 intelliguntur;
1128 1434 1249 1488 quod
1282 1447 1462 1487 prorsus
1493 1433 1725 1476 destrueta

219 1501 312 1543 sint
336 1513 443 1541 vera
466 1497 587 1552 apud
613 1497 716 1538 illos
749 1511 828 1551 per
853 1496 1235 1538 adulterationem
1262 1497 1417 1547 Verbi,
1446 1497 1725 1551 significatur

218 1577 300 1619 per
331 1562 534 1604 “Parate
570 1560 671 1602 filiis
703 1560 798 1614 ejus
829 1558 1169 1612 mafitationem,
1204 1567 1252 1601 ut
1285 1574 1375 1601 non
1407 1567 1646 1614 resurgant
1677 1567 1724 1602 et

219 1625 484 1682 possideant
524 1631 706 1674 terram,
744 1623 1103 1677 et.impleantur
1137 1624 1272 1664 facies
1309 1630 1455 1665 terrae
1493 1623 1675 1665 urbibus
1692 1623 1726 1675 ;”

219 1703 302 1745 per
342 1687 582 1730 “terram”
623 1687 895 1741 intelligitur
935 1686 1128 1728 ecclesia
1172 1688 1216 1728 in
1261 1701 1349 1741 qua
1393 1701 1512 1737 vera,
1555 1693 1602 1728 et
1647 1700 1726 1740 per

223 1757 251 1775 “
265 1751 430 1796 urbes’'
445 1750 765 1804 intelliguntur
783 1749 1049 1792 dod‘trinalia
1065 1765 1125 1792 ex
1144 1751 1278 1792 meris
1296 1750 1416 1792 falsis
1433 1766 1442 1802 ;
1471 1751 1591 1805 quod
1609 1751 1725 1804 peri·

220 1823 323 1860 tura
352 1816 444 1857 sint
476 1815 629 1856 omnia
658 1827 766 1855 vera
792 1827 818 1855 a
849 1815 1002 1867 primis
1034 1814 1092 1855 ad
1124 1814 1297 1864 ultima,
1332 1814 1610 1868 significatur
1648 1827 1728 1868 per

220 1879 344 1936 quod
376 1877 712 1927 “exscindetur
750 1877 908 1918 Babeli
949 1890 1116 1919 nomen
1156 1885 1203 1919 et
1243 1878 1486 1927 residuum,
1525 1877 1640 1919 filius
1680 1884 1727 1919 et

221 1956 365 1998 nepos
381 1941 416 1994 3¹¹
447 1941 568 1996 quod
591 1955 772 1995 prorsus
791 1941 899 1982 nihil
918 1942 1011 1982 veri
1029 1955 1339 1982 remansurum
1358 1943 1430 1991 sit,
1449 1940 1728 1995 significatur

223 2018 304 2060 per
331 2004 619 2046 “Everretur
640 2005 789 2058 scopis
812 2004 1082 2058 perdendo.”
1142 2004 1386 2046 Sciendum
1409 2012 1480 2046 est
1503 2005 1623 2059 quod
1650 2018 1730 2058 per

226 2067 411 2110 “filios'’
435 2068 480 2109 in
512 2067 624 2109 locis
655 2081 790 2121 supra
820 2067 971 2109 allatis
1002 2067 1313 2121 significentur
1343 2068 1405 2109 illi
1432 2069 1506 2122 qui
1537 2069 1581 2109 in
1613 2069 1729 2109 veris

223 2137 304 2175 aut
328 2131 404 2186 qui
428 2132 474 2172 in
499 2130 622 2172 falsis
648 2137 780 2182 sunt;
812 2137 859 2172 at
887 2132 990 2185 quia
1014 2145 1172 2172 sensus
1198 2132 1440 2185 spiritualis
1466 2131 1606 2172 Verbi
1638 2145 1728 2172 non

225 2191 394 2250 aliquid
420 2207 661 2236 commune
689 2194 829 2236 habet
852 2207 955 2235 cum
981 2195 1198 2248 personis,
1222 2195 1324 2236 ideo
1347 2196 1391 2235 in
1414 2209 1469 2236 eo
1491 2208 1625 2236 sensu
1651 2207 1730 2248 per

199 2302 205 2308 ,
228 2257 382 2300 “filios
393 2257 413 2274 ’'
433 2256 752 2311 significantur
777 2271 882 2298 vera
908 2264 986 2298 aut
1017 2257 1129 2298 falsa
1154 2256 1383 2299 abstrafflae
1409 2258 1466 2299 ab
1497 2258 1598 2299 idea
1629 2271 1729 2311 per-

226 2334 393 2373 sonae3
443 2321 565 2376 quod
609 2334 769 2362 sensus
813 2320 1057 2374 spiritualis
1101 2321 1206 2363 talis
1251 2322 1324 2371 sit,
1368 2328 1438 2363 est
1483 2322 1587 2376 quia
1630 2322 1732 2363 idea

227 2398 448 2440 personae
469 2384 567 2426 finit
590 2385 919 2438 cogitationem
946 2391 992 2426 et
1019 2385 1111 2438 ejus
1138 2386 1459 2427 extensionem
1485 2387 1529 2426 in
1556 2385 1731 2427 caelum

227 2461 615 2504 quaquaversum;
658 2449 806 2489 omnis
837 2448 958 2489 enim·
989 2449 1224 2502 cogitatio,
1258 2463 1371 2503 quae
1404 2463 1463 2490 ex
1496 2447 1732 2490 affefflone

227 2510 320 2552 veri
343 2511 564 2565 procedit,
583 2510 710 2552 vadit
734 2524 813 2564 per
829 2508 1006 2552 'caelum
1025 2511 1337 2566 undequaque,
1358 2526 1441 2553 nec
1465 2513 1733 2553 terminatur

229 2574 313 2616 nisi
337 2574 458 2616 sicut·
476 2573 556 2615 lux
583 2575 627 2615 in
650 2575 884 2626 umbram;
917 2581 964 2616 at
991 2588 1094 2616 cum
1115 2576 1346 2628 cogitatur
1367 2575 1498 2616 simul
1525 2589 1731 2629 persona,

228 2646 339 2680 tunc
371 2638 640 2679 terminatur
671 2638 773 2680 idea
809 2638 884 2679 ubi
921 2651 1115 2691 persona
1145 2645 1229 2687 est,
1264 2645 1311 2680 et
1349 2652 1451 2680 cum
1489 2639 1564 2679 illa
1595 2640 1733 2680 etiam

229 2699 560 2754 intelligentia:
601 2701 712 2742 haec
751 2714 888 2742 causa
924 2707 995 2742 est
1021 2701 1142 2755 quod
1179 2715 1258 2755 per
1297 2701 1450 2743 “filios
1464 2702 1481 2717 ”
1519 2702 1563 2743 in
1600 2716 1734 2743 sensu

231 2763 450 2817 spirituali
474 2763 785 2818 significentur
810 2778 917 2806 vera
941 2771 1020 2806 aut
1048 2764 1159 2806 falsa
1184 2764 1427 2806 abstracte.

310 2830 519 2887 725[a].
559 2831 695 2886 Quod
729 2832 884 2874 “filius
921 2833 1186 2874 masculus''
1217 2833 1445 2886 significet
1476 2833 1733 2874 dofflinam

233 2893 326 2935 veri
352 2905 432 2946 pro
454 2893 647 2935 ecclesia
668 2908 782 2948 quae
810 2894 941 2936 Nova
970 2894 1291 2948 Hierosolyma
1312 2902 1514 2943 vocatur,
1539 2901 1608 2935 est
1631 2895 1734 2948 quia

234 2957 316 3008 per
346 2953 558 2995 “filium'’
588 2955 872 3009 significatur
902 2969 1060 2996 verum
1092 2966 1141 3004 (ut
1161 2976 1247 2996 nunc
1269 2976 1367 3004 supra
1389 2970 1551 2996 ostensum
1577 2966 1653 3004 est),
1686 2961 1734 2996 et

235 3027 315 3069 per
353 3014 529 3058 “filium
569 3017 850 3059 masculum'’
886 3017 1166 3071 significatur
1203 3031 1358 3059 verum
1400 3016 1631 3059 doctrinae
1673 3030 1732 3058 ex
