2008 3458
361 378 471 430 2464
772 385 1101 418 APOCALYPSIS
1133 385 1430 417 EXPLICATA.

357 499 490 539 facies
517 512 594 551 per
619 497 769 538 velum
797 504 1099 550 transparens,
1125 503 1171 538 at
1198 498 1364 538 veritas
1391 498 1433 537 in
1461 510 1594 537 sensu
1619 495 1840 550 spirituali

357 568 424 601 est
458 561 572 601 sicut
603 561 736 600 facies
769 558 977 609 detectam
1015 573 1092 600 seu
1118 561 1284 600 veritas
1316 561 1358 599 in
1392 573 1524 599 sensu
1556 559 1735 600 litterae
1767 564 1838 600 est

357 625 470 664 sicut
503 624 656 670 nubes,
685 630 731 663 at
758 624 923 663 veritas
955 623 998 662 in
1022 636 1154 662 sensu
1187 622 1403 675 spirituali
1437 628 1506 662 est
1539 623 1653 662 sicut
1686 621 1764 662 lux
1791 626 1839 662 et

357 685 448 737 ejus
480 685 718 737 splendor;
752 698 829 724 seu
861 685 1027 724 veritas
1060 685 1103 724 in
1137 698 1269 724 sensu
1297 684 1476 724 litterae
1508 690 1697 737 apparet
1723 683 1839 724 sicut

356 749 521 788 veritas
554 761 703 787 coram
737 747 930 787 sensuali
962 747 1158 795 homine,
1193 754 1239 787 at
1272 748 1438 787 veritas
1470 747 1513 787 in
1546 760 1679 787 sensu
1710 745 1838 800 spiri-

359 801 468 850 tuali
495 817 563 850 est
590 811 755 850 veritas
783 823 933 850 coram
960 810 1176 862 spirituali
1203 809 1411 849 rationali
1437 809 1647 850 homine:
1681 815 1730 850 ut
1756 821 1837 862 pro

359 872 585 924 exemplo,
614 873 656 912 in
689 872 843 912 Verbo
875 872 1036 912 dicitur
1067 872 1122 913 de
1155 872 1250 912 sole
1282 872 1399 925 quod
1433 872 1614 919 oriatur,
1648 883 1835 924 progred-

359 935 518 982 diatur,
548 935 740 983 occidat,
769 935 902 975 faciat
929 935 1023 975 dies
1050 941 1095 975 et
1122 948 1278 982 annos,
1300 935 1362 975 ita
1388 947 1566 987 prorsus
1593 933 1839 974 secundum

359 999 668 1050 apparentiam
701 1010 853 1037 coram
886 997 1081 1037 sensuali
1113 997 1322 1047 homine;
1356 1003 1402 1036 at
1435 1010 1573 1049 usque
1604 995 1839 1036 rationalis

356 1060 493 1100 homo
516 1061 689 1112 cogitat
708 1060 849 1100 solem
872 1060 1123 1108 immotum,
1143 1072 1194 1100 ac
1214 1059 1423 1100 tellurem
1443 1059 1808 1112 progredientem
1827 1071 1837 1108 ;

356 1123 459 1162 inde
496 1129 623 1175 patet
655 1123 774 1175 quod
805 1121 1064 1162 intellectus
1095 1122 1287 1162 hominis
1320 1123 1543 1162 inversum
1576 1122 1750 1174 cogitet
1781 1121 1838 1162 de

356 1184 442 1224 illis
469 1199 582 1237 quae
609 1198 760 1225 coram
791 1185 993 1225 sensibus
1019 1191 1253 1237 apparent,
1279 1191 1326 1224 ut
1354 1185 1484 1224 sistat
1511 1183 1586 1224 illa
1612 1195 1764 1224 coram
1790 1196 1839 1224 se

357 1248 399 1286 in
427 1246 524 1287 luce
551 1248 654 1287 veri.
717 1246 870 1288 Simile
897 1253 966 1287 est
993 1260 1093 1288 cum
1121 1246 1188 1286 his
1215 1261 1327 1300 quae
1355 1260 1469 1287 nunc
1497 1247 1540 1286 in
1567 1244 1844 1298 Apocalypsi

358 1311 413 1350 de
446 1310 633 1350 sedente
665 1324 795 1363 super
822 1310 937 1350 nube
969 1309 1071 1350 alba
1103 1316 1148 1350 et
1181 1310 1237 1350 de
1263 1309 1436 1361 angelis
1469 1309 1689 1357 dicuntur,
1717 1307 1837 1363 quod

359 1385 520 1425 nempe
550 1372 650 1412 “illi
677 1373 862 1413 mittant
894 1371 1054 1412 falcem
1086 1372 1130 1412 in
1163 1385 1370 1419 messem,
1399 1378 1444 1412 et
1477 1366 1841 1420 metantillam,''

360 1442 406 1475 et
428 1435 548 1488 quod
574 1435 889 1475 “vindemient
912 1435 1069 1475 botros
1095 1435 1251 1474 vineae
1279 1441 1439 1482 terrae,
1461 1441 1506 1475 et
1529 1433 1770 1486 conjiciant
1795 1434 1839 1474 in

361 1497 558 1538 torcular
598 1498 688 1538 irae
721 1498 804 1538 Dei
824 1497 856 1548 ;‘'
901 1497 1012 1538 haec
1052 1496 1256 1537 similiter
1291 1495 1410 1537 dicta
1451 1503 1555 1537 sunt
1595 1496 1839 1537 secundum

360 1561 648 1613 apparentias
675 1573 826 1600 coram
853 1559 1048 1600 sensuali
1080 1559 1275 1607 homine,
1301 1559 1378 1599 sed
1406 1573 1542 1612 usque
1573 1558 1841 1599 invertenda

359 1629 477 1670 sunt,
498 1636 547 1662 ac
572 1623 816 1663 secundum
837 1621 1112 1675 spiritualem
1132 1621 1308 1662 illorum
1328 1635 1507 1662 sensum
1525 1620 1838 1674 intelligenda.

360 1684 433 1724 Ex
460 1684 527 1723 his
554 1698 728 1737 quoque
751 1690 960 1724 constare
987 1691 1141 1737 potest
1164 1685 1282 1738 quod
1309 1685 1445 1724 horno
1472 1683 1704 1733 sensualis,
1728 1697 1839 1737 qua-

360 1747 413 1786 lis
453 1752 522 1786 est
563 1746 720 1794 infans,
757 1753 803 1787 et
840 1761 947 1800 puer
984 1747 1027 1786 in
1069 1760 1147 1787 sua
1187 1748 1326 1799 prima
1363 1753 1529 1795 aetate,
1563 1753 1659 1787 tum
1698 1745 1839 1787 homo

360 1809 568 1861 simplex,
595 1810 768 1861 possint
795 1809 905 1849 haec
933 1815 978 1850 et
1006 1809 1164 1849 similia
1187 1809 1432 1850 secundum
1456 1822 1636 1849 sensum
1659 1804 1840 1849 litterae

359 1873 560 1924 cogitare
587 1878 632 1912 et
660 1872 854 1920 credere,
874 1878 922 1912 ut
945 1872 1063 1925 quod
1088 1871 1208 1911 Deus
1231 1872 1400 1912 auferat
1423 1872 1590 1912 bonum
1613 1877 1837 1928 et.verum

359 1934 612 1974 hominibus
645 1941 828 1987 propter
866 1934 1083 1974 malitiam
1121 1933 1326 1985 illorum;
1369 1935 1447 1975 sed
1483 1934 1619 1975 homo
1659 1933 1840 1975 adultus

359 1995 542 2049 quivult
566 2010 722 2049 sapere
745 2010 834 2036 non
857 1996 1104 2049 explicabit
1131 1996 1207 2036 illa
1234 2010 1442 2050 eousque,
1462 1997 1582 2050 quod
1606 1996 1728 2037 Deus
1751 1996 1838 2038 hoc

360 2058 507 2106 faciat,
532 2065 577 2098 et
605 2060 665 2098 sic
691 2059 809 2112 quod
836 2059 1006 2099 auferat
1033 2058 1203 2112 homini
1235 2072 1368 2100 omne
1400 2060 1566 2100 bonum
1598 2065 1644 2100 et
1670 2071 1838 2108 verum,

360 2134 410 2161 ac
439 2119 540 2160 loco
567 2134 719 2160 eorum
746 2121 949 2161 infundat
976 2121 1142 2161 malum
1168 2128 1213 2162 et
1241 2121 1414 2170 falsum,
1434 2135 1609 2175 quoque
1631 2121 1841 2163 devastet

363 2182 615 2231 ecclesiam,
636 2184 772 2223 immo
799 2196 880 2223 nec
908 2184 1026 2236 quod
1054 2184 1273 2224 irascatur
1296 2191 1342 2224 et
1370 2184 1703 2234 excandescat;
1737 2196 1842 2224 nam

362 2247 397 2286 si
419 2245 598 2286 adultus
626 2246 803 2298 sapiens
827 2245 935 2285 talia
958 2246 1203 2286 secundum
1227 2260 1408 2286 sensum
1432 2246 1611 2287 litterae
1637 2245 1841 2299 explica-

362 2315 444 2357 ret,
473 2315 518 2348 et
556 2322 633 2360 per
663 2309 897 2349 ratiocinia
934 2307 1236 2357 confirmaret,
1271 2316 1380 2349 tunc
1422 2310 1566 2362 ipsum
1597 2309 1841 2362 genuinum

362 2384 529 2419 verum,
558 2370 688 2423 quale
715 2377 785 2411 est
812 2371 855 2411 in
882 2370 1023 2419 caelo,
1053 2371 1319 2418 destrueret,
1349 2378 1393 2411 et
1425 2371 1528 2411 inde
1555 2371 1637 2411 sibi
1668 2371 1841 2412 caelum

363 2433 619 2474 clauderet:
662 2434 759 2486 quis
791 2446 984 2486 namque
1021 2439 1174 2486 potest
1207 2434 1374 2474 intrare
1407 2433 1580 2474 caelum
1613 2447 1714 2474 cum
1754 2433 1842 2475 fide

361 2495 480 2548 quod
518 2496 639 2535 Deus
676 2497 906 2544 irascatur,
945 2495 1405 2548 ulciscatur,rpuniat‚
1449 2503 1495 2536 et
1533 2497 1706 2546 similia,
1740 2500 1840 2538 cum

363 2557 514 2610 angeli
541 2557 652 2597 caeli
679 2558 721 2597 in
750 2559 1041 2610 perceptione
1067 2564 1170 2598 sunt
1197 2558 1315 2611 quod
1340 2558 1462 2598 Deus
1488 2572 1706 2612 nusquam
1732 2560 1842 2600 iras·

363 2627 504 2668 catur,
538 2620 792 2668 ulciscatur,
821 2620 1008 2673 puniat?
1069 2620 1239 2661 Annon
1277 2635 1324 2661 se
1361 2628 1619 2662 averterent
1651 2623 1709 2663 ab
1747 2621 1840 2669 illo,

363 2696 413 2722 ac
447 2683 715 2722 mandarent
747 2688 795 2722 ut
833 2682 1050 2731 discedat,
1084 2696 1134 2723 ac
1173 2684 1328 2723 statim
1361 2683 1624 2725 clauderent
1659 2683 1841 2737 januam

361 2751 464 2798 post
496 2744 652 2784 illum?
714 2744 785 2784 Ita
816 2758 991 2798 quoque
1023 2745 1244 2786 clauditur
1276 2746 1449 2786 caelum
1489 2745 1576 2786 illis
1616 2747 1702 2800 qui,
1736 2747 1842 2787 dum

362 2808 515 2847 vivunt
534 2808 577 2846 in
602 2807 784 2853 mund0‚
805 2820 985 2847 sensum
1008 2807 1186 2848 litterae
1205 2808 1344 2848 Verbi
1367 2808 1601 2862 explicant
1624 2822 1761 2862 usque
1783 2809 1840 2849 ad

362 2867 715 2909 destructionem
758 2869 907 2910 Divini
939 2869 1047 2910 Veri
1087 2871 1130 2910 in
1173 2871 1322 2918 caelis,
1357 2872 1475 2924 quod
1508 2885 1661 2912 verum
1702 2873 1839 2912 etiarn

363 2938 432 2971 est
464 2931 581 2971 idem
624 2944 725 2971 cum
757 2938 863 2971 vero
895 2945 1052 2972 sensus
1093 2933 1348 2985 spiritualis
1383 2934 1455 2985 qui
1495 2934 1612 2974 inest
1653 2933 1841 2986 singulis

361 2994 475 3033 veris
502 3007 658 3034 sensus
686 2994 917 3043 naturalis,
942 3008 1055 3047 quae
1079 2994 1217 3035 Verbi
1245 3008 1424 3035 sensum
1449 2995 1628 3037 litterae
1653 2995 1837 3037 faciunt.
