2054 3464
395 361 503 402 2082
806 368 1138 402 APOCALYPSIS
1169 370 1468 403 EXPLICATA.

390 479 492 523 runt
528 482 647 523 bona
679 481 910 530 ecclesiae,
947 496 1061 536 quae
1096 482 1409 536 intelliguntur
1445 496 1523 536 per
1559 481 1880 524 “habitatores

390 546 507 585 orbis
525 544 557 595 ;”
583 544 1047 598 “Hierosolyma''est
1062 545 1253 586 ecclesia
1265 545 1412 599 quoad
1426 543 1690 586 doctrinam.
1740 543 1879 598 Apud

389 607 621 657 Davidem,

454 698 472 710 “
487 696 653 728 Timeant
672 706 693 727 a
712 696 873 737 Jehovah
891 697 1009 728 omnis
1029 702 1132 735 terra,
1149 697 1193 727 ab
1214 695 1281 728 Illo
1306 696 1539 728 extimescant
1559 705 1685 727 omnes
1705 695 1881 728 habitato-

562 750 618 771 res
635 741 730 771 orbis
744 739 761 751 '’
778 740 851 780 (Ps.
869 740 988 772 xxxiii.
1010 741 1063 780 8):

387 828 456 869 hic
475 842 650 882 quoque
669 843 746 882 per
766 832 790 849 ‘⁴
805 828 1000 869 terram”
1018 828 1326 881 significantur
1343 828 1405 869 illi
1428 829 1500 881 qui
1527 829 1569 868 in
1595 828 1710 868 veris
1732 827 1878 869 eccle-

388 892 476 932 siae
495 899 612 941 sunt,
629 899 674 933 et
693 906 770 945 per
788 892 1104 933 “habitatores
1121 893 1238 933 orbis
1251 892 1269 907 '²
1285 892 1347 932 illi
1362 892 1434 945 qui
1452 893 1495 932 in
1515 892 1644 932 bonis
1660 890 1878 932 ecclesiae

388 961 504 995 sunt.
566 954 704 1007 Apud
731 955 938 1004 eundem,

452 1042 636 1084 “Jehovae
653 1049 746 1075 terra
762 1049 796 1075 et
816 1043 998 1084 plenitudo
1014 1043 1101 1084 ejus,
1119 1043 1215 1075 orbis
1235 1049 1269 1075 et
1289 1043 1491 1075 habitantes
1511 1043 1547 1074 in
1568 1052 1631 1082 eo;
1658 1042 1739 1074 Ille.
1754 1051 1879 1083 ,super

559 1087 670 1171 rr3aria
688 1087 850 1118 fundavit
869 1097 959 1125 eum,
981 1093 1016 1118 et
1035 1097 1140 1127 super
1159 1087 1307 1119 flumina
1325 1087 1496 1118 stabilivit
1515 1096 1596 1118 eum
1611 1086 1630 1098 ’'
1647 1086 1721 1127 (Ps.
1738 1085 1832 1117 xxiv.
1849 1093 1878 1124 1,

561 1138 579 1162 2
607 1141 613 1162 :

386 1229 465 1268 per
493 1216 725 1256 “terram”
751 1217 887 1257 etiam
913 1211 985 1256 h'ic
1013 1214 1291 1268 significatur
1316 1215 1506 1256 ecclesia
1532 1214 1679 1268 quoad
1705 1226 1874 1264 verum,

389 1278 660 1331 “plenitudo
697 1278 816 1331 ejus''
849 1278 1072 1331 significat
1104 1279 1254 1319 omnia
1289 1292 1396 1318 vera
1432 1279 1475 1318 in
1508 1277 1779 1330 complexu3
1821 1288 1874 1319 ac

386 1355 464 1394 per
498 1341 720 1382 “orbem”
752 1341 1027 1394 significatur
1058 1341 1250 1382 ecclesia
1285 1341 1432 1394 quoad
1470 1340 1664 1391 bonum;
1709 1339 1876 1381 “habi-

386 1403 568 1444 tantes”
595 1403 847 1457 significant
878 1404 998 1444 bona
1029 1405 1072 1444 in
1099 1403 1370 1456 complexu:
1412 1404 1516 1457 quid
1548 1416 1626 1456 per
1654 1402 1875 1444 “fundare

386 1480 486 1506 eum
518 1480 649 1519 super
680 1468 831 1515 maria,
861 1473 906 1507 et
939 1467 1138 1507 stabilire
1171 1480 1271 1507 eum
1306 1479 1436 1519 super
1468 1465 1686 1514 flumina,''
1708 1465 1875 1519 signifi-

386 1534 530 1576 catur,
557 1528 767 1568 videatur
792 1541 928 1581 supra
954 1539 999 1576 (n.
1017 1537 1164 1580 275[a],
1184 1529 1350 1580 518[d]).
1409 1527 1550 1580 Apud
1575 1526 1783 1576 Esaiam,

451 1623 468 1635 ¹‘
481 1621 729 1661 Concepimus,
744 1622 1004 1661 parturivimus,
1019 1622 1119 1662 quasi
1137 1622 1338 1662 peperimus
1355 1627 1502 1652 ventum
1520 1630 1527 1659 ;
1554 1621 1686 1652 salutes
1704 1630 1776 1652 non
1793 1620 1877 1659 feci-

557 1675 635 1696 mus
653 1671 776 1703 terrae,
795 1663 864 1697 [¹]et
884 1663 988 1707 [non]
1007 1666 1208 1697 ceciderunt
1224 1665 1441 1696 habitatores
1460 1662 1590 1696 [²]orbis
1602 1664 1620 1676 '¹
1634 1664 1740 1705 (xxvi.
1759 1664 1834 1704 18):

383 1753 453 1793 hic
491 1767 666 1806 quoque
701 1753 887 1794 “terra”
919 1767 998 1806 pro
1035 1753 1225 1794 ecclesia
1261 1753 1407 1806 quoad
1444 1767 1566 1801 vera,
1607 1758 1654 1793 et
1688 1750 1874 1792 “orbis’'

384 1828 465 1867 pro
491 1814 686 1854 ecclesia
711 1815 861 1867 quoad
887 1814 1020 1854 bona.
1080 1825 1231 1862 (Reliqua
1249 1833 1354 1862 supra,
1375 1833 1405 1854 n.
1427 1823 1575 1866 721[a]‚
1596 1823 1753 1862 explicata
1771 1822 1874 1862 sunt.)

383 1875 521 1928 Apud
547 1876 754 1929 eundem,

449 1965 770 2006 “Appropinquate
784 1971 909 2005 gentes
923 1965 967 1996 ad
984 1965 1210 2003 audiendum,
1224 1970 1259 1996 et
1273 1965 1393 2005 populi
1406 1964 1603 1995 auscultate
1618 1974 1625 2001 ;
1645 1963 1766 1996 audiat
1779 1969 1876 1996 terra

556 2015 590 2040 et
610 2009 792 2049 plenitudo
810 2009 896 2049 ejus,
915 2009 1010 2040 orbis
1030 2015 1065 2040 et
1084 2018 1210 2039 omnes
1230 2009 1393 2048 prognati
1411 2007 1518 2048 ejus''
1536 2008 1667 2047 (xxxiv.
1688 2007 1739 2047 1):

382 2096 500 2149 quod
533 2109 611 2148 per
640 2095 871 2148 “gentes’'
896 2095 1208 2148 intelligantur
1238 2094 1300 2134 illi
1332 2095 1405 2148 qui
1437 2095 1480 2134 in
1512 2094 1643 2135 bonis
1675 2099 1798 2142 sunt,
1825 2099 1874 2135 et

382 2171 461 2209 per
489 2156 754 2209 “populos’'
779 2156 843 2196 illi
873 2157 946 2209 qui
976 2157 1019 2196 in
1050 2158 1181 2204 veris,
1208 2156 1416 2196 videatur
1441 2169 1578 2208 supra
1605 2165 1650 2203 (n.
1673 2163 1762 2207 175,
1781 2151 1874 2206 331.

381 2216 507 2268 625);
539 2229 675 2269 quare
698 2217 838 2255 etiam
861 2216 1037 2263 dicitur,
1060 2216 1274 2256 “Audiat
1292 2222 1413 2256 terra
1435 2221 1482 2255 et
1505 2215 1745 2267 plenitudo
1760 2213 1872 2266 ejus,

382 2278 500 2318 orbis
526 2285 572 2318 et
604 2291 760 2318 omnes
787 2278 997 2330 prognati
1023 2277 1154 2330 ejus,”
1181 2290 1284 2317 nam
1311 2290 1389 2329 per
1418 2280 1624 2317 “terram
1650 2283 1696 2317 et
1728 2276 1873 2329 pleni-

381 2340 584 2380 tudinem
616 2339 738 2392 ejus”
769 2339 1044 2392 significatur
1080 2340 1270 2380 ecclesia
1302 2339 1450 2392 quoad
1488 2340 1637 2379 omnia
1669 2353 1787 2388 vera,
1821 2346 1868 2380 et

382 2416 460 2455 per
477 2403 669 2443 “orbem
692 2408 738 2443 et
761 2415 917 2442 omnes
936 2409 1184 2455 prognatos
1203 2402 1293 2455 ejus
1306 2402 1324 2417 ”
1342 2401 1532 2442 ecclesia
1550 2401 1699 2455 quoad
1720 2402 1872 2442 omnia

381 2467 512 2508 bona.
573 2466 713 2519 Apud
740 2466 947 2515 eundem,

447 2555 611 2586 “Omnes
635 2555 853 2586 habitatores
882 2555 978 2586 orbis
1005 2561 1041 2586 et
1069 2555 1208 2586 incolae
1237 2561 1362 2593 terrae,
1385 2555 1531 2595 quando
1559 2555 1703 2586 tolletur
1730 2554 1872 2595 signum

554 2599 740 2636 montium,
758 2598 904 2638 aspicite
921 2608 928 2636 ;
953 2604 988 2629 et
1004 2608 1083 2630 cum
1101 2599 1288 2638 clangetur
1319 2599 1479 2636 buccina,
1497 2590 1614 2629 audite
1627 2597 1645 2610 ''
1662 2598 1770 2638 (xviii.
1785 2598 1837 2638 3):
1867 2596 1870 2599 ’

380 2701 458 2740 ρει·
491 2687 808 2727 “habitatores
840 2686 989 2726 orbis'’
1020 2693 1066 2727 et
1101 2686 1315 2727 “inc-olas
1347 2686 1528 2727 te-rrae''
1561 2685 1871 2739 significantur

380 2762 538 2789 omnes
574 2749 617 2788 in
649 2748 847 2788 ecclesia
877 2748 950 2800 qui
982 2748 1026 2787 in
1057 2748 1189 2788 bonis
1220 2755 1266 2789 et
1297 2748 1340 2788 in
1371 2749 1491 2788 veris
1522 2754 1629 2788 sunt
1662 2758 1712 2797 (ut
1731 2758 1867 2797 supra):

379 2811 601 2851 adventus
626 2809 805 2849 Domini
823 2808 1104 2861 *significatur
1126 2823 1204 2863 per
1221 2809 1459 2862 “Quando
1482 2809 1667 2850 tolletur
1690 2803 1868 2863 signum

379 2873 612 2920 montium,
630 2872 816 2924 aspicite
834 2885 843 2922 ;
867 2878 913 2912 et
929 2885 1029 2912 cum
1044 2872 1279 2925 clangetur
1293 2872 1493 2919 buccina,
1513 2872 1664 2912 audite
1685 2871 1718 2923 ;''
1733 2876 1760 2892 ⁴‘
1774 2873 1868 2925 sig-

379 2949 484 2975 num
516 2949 646 2988 super
677 2935 905 2975 montibus
921 2934 939 2949 ”
968 2934 1190 2987 significat
1222 2935 1597 2975 convocationem
1627 2935 1686 2976 ad
1715 2935 1867 2976 eccle-

378 2999 503 3048 siam,
532 2997 734 3039 similiter
763 2997 1016 3039 “buccina”
1042 3011 1128 3051 qua
1154 2997 1463 3050 clangebatur.

2001 3458 2016 3464 ι
2016 3424 2019 3425 ,

2027 3399 2054 3464 3341„
2045 3387 2052 3390 ι
2034 3367 2038 3372 ⁴
