2098 3476
418 377 534 431 ‘1926
833 384 1164 417 APOCALYPSIS
1195 383 1493 416 EXPLICATA.

420 499 463 539 in
495 498 580 539 fide
613 498 856 546 charitatis,
882 502 1063 538 constat
1094 511 1153 538 ex
1185 511 1252 546 e0,
1281 497 1400 550 quod
1430 494 1608 536 “fines‘'
1632 495 1720 536 sint
1746 494 1903 537 ultima

420 561 532 601 caeli
563 567 608 601 et
640 559 867 600 ecclesiae.
928 559 1003 599 Ex
1035 560 1102 599 his
1134 565 1260 611 patet
1292 559 1411 612 quod
1441 557 1636 611 “signa”
1662 558 1731 598 hic
1764 558 1901 611 signi-

419 622 554 664 ficent
595 622 934 663 testificationes
975 622 1030 662 de
1072 621 1233 662 Divina
1269 621 1450 662 Domini
1487 621 1703 673 potentia.
1764 619 1902 673 Apud

419 685 678 734 Jeremz‘am,

485 776 503 788 ‘⁴
515 774 594 805 Hoc
611 774 711 804 vobis
725 774 876 813 signum,
889 774 982 813 quod
999 773 1205 804 visitaturus
1225 772 1300 812 Ego
1315 781 1422 812 super
1438 781 1502 803 vos
1521 771 1556 802 in
1574 771 1653 803 loco
1670 771 1747 809 hoc,
1761 777 1799 803 ut
1816 771 1904 804 scia-

592 818 635 848 tis
664 817 757 858 quod
787 817 985 848 consistent
1009 818 1118 847 verba
1142 826 1222 846 mea
1250 825 1356 855 super
1381 816 1483 846 vobis
1512 815 1548 846 in
1577 815 1708 846 malum
1723 824 1747 852 ;.
1762 824 1902 847 ...ecce

593 861 668 900 Ego
693 861 782 891 dans
802 870 920 900 regem
947 860 1101 900 Aegypti
1126 860 1161 890 in
1187 869 1332 890 manum
1353 859 1507 890 hostium
1527 858 1615 899 ejus,
1636 864 1671 890 et
1695 858 1731 889 in
1756 867 1902 891 manum

591 904 835 944 quaerentium
853 904 1009 934 animam
1028 902 1133 943 ejus’'
1151 902 1245 943 (xliv.
1265 910 1316 942 29,
1335 903 1408 942 3o):

418 1000 564 1051 agitur
594 999 652 1039 ibi
684 999 739 1039 de
770 998 855 1038 illis
886 998 943 1038 ab
974 997 1163 1038 ecclesia
1189 997 1261 1050 qui
1293 996 1519 1038 naturales
1547 994 1651 1037 facti
1682 1003 1800 1046 sunt,
1827 997 1902 1051 qui

416 1062 728 1114 intelliguntur
754 1075 831 1114 per
856 1075 933 1101 eos
958 1061 1069 1113 “qui
1096 1061 1367 1112 peregrinati
1393 1066 1497 1100 sunt
1523 1060 1566 1099 in
1594 1058 1827 1112 Aegypto,
1855 1065 1901 1100 et

417 1125 519 1165 inde
542 1125 767 1165 redierunt
785 1124 818 1174 ;'’
849 1123 968 1177 quod
991 1123 1053 1163 illi
1076 1122 1334 1163 destruendi
1357 1123 1445 1162 sint
1468 1135 1546 1174 per
1568 1121 1686 1162 mala
1707 1128 1753 1163 et
1775 1121 1899 1171 falsa,

416 1187 682 1240 intelligitur
699 1200 776 1239 per
798 1187 916 1240 quod
937 1186 1162 1226 “daturus
1181 1186 1238 1226 sit
1256 1199 1409 1238 regem
1429 1184 1633 1238 Aegypti
1655 1185 1697 1224 in
1718 1197 1899 1225 manum

416 1251 612 1291 hostium
654 1249 758 1302 ejus,
797 1256 842 1290 et
884 1250 927 1289 in
965 1261 1145 1288 manum
1182 1248 1492 1301 quaerentium
1528 1248 1723 1288 animam
1759 1246 1852 1300 ejus
1867 1247 1901 1288 :”

420 1313 610 1353 “hostes
623 1312 641 1327 ”
672 1313 731 1352 ibi
762 1319 866 1352 sunt
898 1312 970 1365 qui
1006 1312 1050 1351 in
1082 1310 1224 1358 malis,
1259 1318 1305 1351 et
1339 1314 1644 1364 “quaerentes
1675 1309 1902 1350 animam”

416 1374 490 1426 qui
520 1374 564 1413 in
585 1373 723 1422 falsis,
750 1373 814 1413 ita
846 1371 1077 1413 abstracte
1109 1371 1229 1411 mala
1255 1377 1301 1412 et
1333 1371 1477 1421 falsa;
1510 1381 1613 1420 (quod
1628 1379 1850 1419 “Aegyptus''
1863 1381 1903 1411 sit

415 1431 1135 1483 naturalish0m0‚videatursupra,n.654:)
1175 1430 1261 1471 hOC
1301 1431 1466 1471 dicitur
1503 1430 1762 1484 “Signum,”
1796 1430 1900 1484 qnia

416 1500 484 1534 est
508 1494 765 1534 testificatio
787 1493 906 1547 quod
933 1494 996 1533 ita
1020 1492 1123 1543 fiet;
1156 1506 1290 1545 quare
1313 1493 1451 1532 etiam
1473 1492 1648 1540 dicitur,
1674 1495 1761 1532 “ut
1786 1492 1899 1532 scia-

417 1557 473 1596 tis
509 1557 628 1609 quod
667 1557 918 1597 consistent
956 1555 1092 1596 verba
1133 1569 1233 1595 mea
1274 1568 1405 1608 super
1444 1555 1571 1595 vobis
1610 1555 1654 1594 in
1698 1553 1900 1594 malum.”

417 1618 549 1671 Quod
576 1620 751 1672 signum
778 1620 834 1660 sit
867 1618 1126 1659 testificatio
1157 1618 1213 1659 de
1245 1618 1527 1667 certitudine,
1556 1622 1736 1658 constat
1762 1617 1899 1658 etiam

416 1697 474 1722 ex
501 1683 790 1736 sequentibus
818 1682 928 1723 locis
946 1681 1153 1734 z—Apud
1179 1681 1381 1730 Esaiam,

482 1780 498 1793 ‘¹
511 1779 607 1810 Dixit
629 1779 784 1816 Hiskias,
806 1778 993 1819 Quodnam
1014 1777 1166 1818 signum,
1187 1777 1280 1818 quod
1299 1785 1510 1808 ascensurus
1531 1775 1597 1807 sim
1621 1775 1658 1806 in
1677 1774 1822 1806 domum
1841 1772 1899 1815 Je-

587 1823 700 1853 hovae
711 1822 744 1855 ?‘’
762 1822 917 1861 (xxxviii.
936 1829 975 1852 22
993 1821 1014 1861 ;)

415 1900 457 1939 in
483 1899 617 1939 Libro
643 1898 867 1947 Judicum,

488 1975 650 2006 Guideon
670 1975 757 2006 dixit
776 1975 819 2006 ad
840 1974 1019 2014 Angelum
1038 1974 1206 2016 Jehovae,
1228 1973 1378 2004 “Facias
1398 1972 1485 2003 mihi
1505 1972 1657 2012 signum,
1677 1969 1771 2012 quod
1791 1975 1829 2002 tu
1847 1969 1898 2001 sis

588 2019 645 2059 qui
665 2019 817 2058 loquitur
836 2019 880 2049 ad
900 2028 956 2048 me
971 2017 1015 2054 ;”.
1031 2043 1037 2050 .
1051 2042 1058 2049 .
1074 2018 1183 2058 ‚quod
1203 2023 1287 2054 erat,
1305 2026 1383 2047 cum
1403 2016 1592 2055 attingeret
1610 2014 1735 2046 baculo
1754 2022 1897 2045 carnem

591 2069 624 2093 et
643 2072 778 2102 azyma,
800 2072 888 2101 quae
908 2062 1035 2092 obtulit
1054 2061 1227 2098 Guideon,
1248 2060 1340 2101 quod
1359 2059 1566 2091 ascenderet
1585 2058 1678 2099 ignis
1697 2067 1717 2089 e
1736 2063 1845 2098 petra,
1864 2062 1900 2088 et

588 2106 789 2136 comederet
806 2106 864 2136 illa
887 2105 944 2145 (vi.
966 2113 1014 2143 17,
1033 2104 1106 2144 21);

414 2187 458 2226 in
484 2186 618 2226 Libro
639 2186 794 2226 Primo
821 2185 1053 2234 Samuelis,

480 2264 498 2276 ‘⁴
511 2262 589 2293 Hoc
606 2262 668 2292 tibi
688 2262 840 2301 signum,
858 2262 951 2302 quod
968 2261 1087 2292 veniet
1105 2269 1211 2301 super
1229 2259 1318 2291 duos
1339 2259 1428 2290 filios
1449 2265 1554 2297 tuos„
1569 2283 1576 2290 .
1590 2282 1597 2290 .
1612 2267 1700 2290 ,uno
1718 2257 1774 2289 die
1793 2256 1899 2288 mori-

587 2312 689 2336 entur
705 2305 838 2336 ambo''
856 2306 901 2345 (ii.
921 2303 1031 2344 [¹]34);

413 2383 457 2422 in
484 2382 643 2422 eodem
671 2382 820 2429 Libro,

479 2460 497 2472 ‘⁴
509 2458 543 2489 Si
561 2458 712 2488 dixerint
723 2457 741 2469 ’'
761 2457 976 2494 philisthaei,
992 2458 1009 2471 “
1022 2456 1213 2488 Ascendite
1229 2456 1274 2487 ad
1291 2465 1368 2492 nos,
1385 2461 1468 2487 tune
1485 2453 1728 2491 ascendemus,
1741 2451 1822 2493 quia
1837 2451 1898 2483 de-

585 2502 636 2532 dit
648 2500 807 2541 Jehovah
825 2501 903 2532 illos
921 2501 955 2531 in
974 2510 1118 2531 manum
1133 2506 1292 2531 nostram
1309 2509 1315 2537 ;
1341 2500 1406 2530 hoc
1421 2498 1525 2530 nobis
1542 2498 1684 2538 signum
1694 2495 1713 2508 '⁹
1729 2496 1813 2535 (xiv.
1833 2495 1895 2534 10).

414 2577 583 2618 Similia
610 2591 749 2630 paene
777 2577 1083 2630 significantur
1109 2591 1186 2630 per

478 2660 615 2700 “Signa
633 2660 798 2691 Foederis
810 2659 827 2672 '¹
845 2659 939 2700 (Gen.
954 2660 998 2691 ix.
1019 2668 1056 2699 13
1071 2670 1077 2698 ;
1098 2670 1172 2700 cap.
1189 2660 1271 2691 xvii.
1292 2668 1327 2690 11
1343 2670 1348 2691 :
1370 2658 1491 2690 Ezech.
1504 2667 1560 2690 xx.
1577 2665 1626 2695 12,
1644 2664 1705 2688 20:
1726 2661 1761 2687 et
1777 2654 1894 2695 alibi);

413 2768 573 2807 nempe
589 2755 927 2795 testificationes
942 2755 997 2795 de
1013 2753 1337 2807 conjunffione.
1380 2751 1742 2794 Testificationes
1755 2749 1893 2790 etiam

411 2817 716 2870 significantur
742 2831 818 2870 per
843 2817 1047 2869 “signa,”
1069 2832 1181 2870 quae
1204 2822 1502 2869 apparuerunt
1528 2815 1641 2855 sicut
1664 2811 1890 2859 miracula,

411 2879 526 2921 facta
552 2894 577 2920 a
604 2881 745 2929 malis,
774 2881 817 2920 in
844 2880 1133 2933 sequentibus
1159 2880 1268 2920 locis
1286 2878 1493 2932 :—Apud
1519 2875 1720 2924 Esaiam,

482 2976 644 3018 Jehovah
661 2976 789 3006 “irrita
806 2976 920 3007 reddit
935 2976 1037 3016 signa
1053 2976 1286 3013 mendacium,
1300 2975 1516 3007 divinatores
1534 2973 1680 3004 insanos
1697 2971 1820 3009 reddit,
1838 2979 1890 3002 re-

582 3020 707 3060 jiciens
725 3020 903 3059 sapientes
921 3026 1023 3058 retro,
1038 3026 1072 3051 et
1089 3019 1272 3051 scientiam
1287 3028 1407 3050 eorum
1421 3018 1564 3050 stultam
1581 3016 1664 3047 facit
1674 3014 1692 3027 ’'
1705 3014 1801 3056 (xliv.
1815 3013 1889 3054 25);
