2054 3464
596 376 703 409 CAP.
727 376 828 417 x11.,
851 375 991 409 VERs.
1017 376 1161 421 5.—N.
1184 367 1279 421 726
1281 379 1324 414 i..
1596 378 1709 420 2009

152 485 417 537 &ostrina
454 491 618 534 amoris
658 496 704 532 et
745 490 979 532 charitatis
1019 504 1100 545 pro
1139 489 1333 532 ecclesia
1368 503 1494 544 quae
1521 497 1708 531 vocatur

159 538 348 618 §L'Nova
374 552 703 605 Hierosolvma
726 562 782 600 (de
796 571 861 600 qua
880 562 912 591 in
928 572 997 600 cap.
1014 563 1076 593 xxi.
1097 563 1191 601 hujus
1208 562 1324 600 Libri).

286 621 419 676 72⁶.
453 619 563 666 “Oui
580 619 747 660 futurus
770 631 952 671 pascet-e
981 631 1120 660 omnes
1143 622 1294 672 ,qantos
1325 617 1438 672 νίν-μα
1468 617 1656 658 fem-ea.''
1657 642 1710 647 —

160 681 348 737 Quod
373 680 608 736 significet
638 695 750 734 quae
781 680 982 752 potefztza
1012 695 1107 721 verz
1138 679 1362 722 naturalis
1392 694 1449 720 ex
1478 679 1714 732 spi'rztuali

116 750 162 802 ξε*
197 745 427 789 confimat
447 751 491 786 et
512 751 672 798 arguet
691 743 792 785 zllos
814 758 888 798 quz
910 757 955 784 m
969 743 1117 796 falszs
1139 750 1182 785 et
1202 743 1336 785 malis
1358 749 1475 793 sunt,
1499 750 1542 784 et
1562 749 1709 784 tamen

116 819 158 868 3
206 822 257 851 m
268 807 456 850 ecclesia
474 807 553 850 ubt
580 806 781 856 Verbum,
807 814 990 849 constat
1013 821 1072 848 ex
1095 806 1425 860 significatione
1446 805 1708 860 “pascere,’'

206 870 333 927 quad
358 870 419 912 Sit
443 870 612 911 docere
638 879 694 918 (de
713 889 778 917 qua
799 888 906 917 supra,
926 888 957 909 n.
977 870 1078 920 482)
1096 882 1106 919 ;
1138 868 1210 909 hic
1242 875 1397 910 autem
1430 868 1706 910 convincere

107 936 155 991 {J
204 934 257 979 eh
283 936 491 987 arguere,
515 932 620 986 quia
650 931 812 972 dicitur
843 930 964 984 quod
993 934 1240 983 “pasturus
1271 931 1329 971 sit
1360 931 1488 984 virga
1518 930 1660 971 ferrea
1676 929 1709 980 ;''

92 990 618 1051 {magnificatione
643 995 881 1035 “omnium
903 993 1148 1047 gentium,'‘
1166 994 1286 1047 quod
1309 994 1399 1035 sint
1421 994 1495 1047 qui
1521 994 1564 1034 in
1587 993 1708 1034 falsis

114 1059 169 1096 f
203 1054 256 1100 'et
268 1055 407 1099 malis
421 1061 529 1099 sunt
547 1066 602 1105 (de
621 1075 687 1104 qua
701 1067 796 1096 etiam
811 1075 918 1104 supra,
934 1075 974 1109 n..
990 1063 1079 1108 175,
1098 1065 1242 1107 33¹[b]»
1258 1054 1386 1107 625);
1419 1061 1466 1095 et
1485 1069 1544 1095 ex
1563 1055 1709 1108 signi-

205 1116 420 1163 §catione
448 1118 640 1172 “virgae
666 1117 874 1167 ferreae,'’
900 1117 1021 1172 quod
1054 1118 1111 1158 sit
1138 1117 1346 1170 potentia
1369 1117 1462 1157 veri
1494 1116 1709 1157 naturalis

132 1177 166 1241 ’,ᾧ
202 1194 269 1226 tx
293 1180 536 1236 spirituali3
569 1194 648 1235 per
673 1182 884 1235 “virgam
896 1180 915 1196 ’'
937 1181 1058 1222 enim
1080 1194 1158 1221 seu
1183 1179 1462 1221 “baculum'’
1483 1179 1708 1233 significa-

205 1250 279 1289 tur
308 1245 530 1300 potentia,
557 1251 605 1286 et
637 1245 923 1298 praedicatur
953 1245 1010 1285 de
1043 1244 1211 1285 Divino
1242 1243 1367 1285 Vero
1399 1243 1632 1297 spirituali,
1661 1250 1707 1284 et

88 1307 115 1362 'j
205 1321 286 1363 per
308 1307 540 1368 “ferrum’'
561 1321 716 1349 verum
742 1309 787 1349 in
811 1307 1004 1349 naturali
1029 1307 1238 1348 homine:
1273 1307 1393 1362 quod
1419 1308 1476 1348 sit
1500 1307 1708 1359 potentia

203 1370 304 1418 veri
329 1371 546 1413 naturalis
576 1371 770 1412 hominis
802 1385 862 1412 ex
894 1370 1128 1424 spirituali,
1161 1384 1276 1425 quae
1313 1369 1592 1424 significatur
1629 1383 1709 1423 per

207 1434 420 1489 “virgam
449 1434 678 1484 ferream,‘’
704 1441 775 1475 est
801 1434 904 1488 quia
935 1434 1083 1475 omnis
1114 1434 1324 1488 potentia
1349 1447 1464 1487 quae
1496 1439 1566 1474 est
1592 1433 1709 1474 veris

92 1543 93 1546 ,
203 1496 470 1541 innaturali
493 1498 690 1547 homi-ne,
719 1504 789 1539 est
815 1512 883 1542 ex,
902 1497 1073 1538 influxu
1098 1498 1191 1538 veri
1222 1503 1269 1539 et
1301 1497 1408 1538 boni
1439 1511 1463 1538 e
1490 1496 1708 1550 spirituali

74 1559 164 1618 J
205 1560 415 1613 homine:
440 1561 532 1604 hoc
564 1567 649 1611 est,
683 1575 743 1602 ex
775 1560 948 1602 influxu
989 1561 1143 1602 Divini
1173 1560 1283 1601 Veri
1323 1574 1351 1601 a
1391 1560 1589 1601 Domino
1629 1572 1709 1614 per

71 1618 143 1685 3⁶
205 1624 488 1679 spiritualem
512 1625 780 1667 hominem
770 1638 812 1665 ιη
841 1623 1122 1676 naturalem;
1155 1623 1239 1665 soli
1265 1624 1385 1665 enim
1413 1623 1612 1664 Domino
1637 1628 1708 1664 est

65 1684 145 1746 ἐξ
204 1689 426 1742 potentia,
453 1695 501 1731 et
533 1678 636 1742 Ipse
667 1688 792 1730 illam
823 1694 1013 1730 exercet
1045 1701 1124 1741 per
1149 1687 1363 1728 Divinum
1389 1687 1561 1728 Verum
1588 1685 1708 1740 quod

59 1785 64 1794 ,
92 1766 95 1775 ‘
119 1771 121 1779 ⁴
142 1790 149 1798 ,
187 1751 412 1813 ἸΡι-οεῐιεόίῐ
431 1752 491 1794 ab
513 1751 631 1806 Ipso.
693 1751 784 1794 Sed
811 1758 859 1794 ut
885 1751 997 1794 haec
1020 1751 1182 1793 clarius
1207 1751 1525 1804 percipiantur,
1550 1756 1717 1791 osten-

73 1811 91 1847 3
206 1815 407 1864 dandum
428 1821 514 1866 est,

520 1917 578 1963 (ἰ.)
608 1918 721 1963 Quod
734 1918 901 1953 Domino
917 1919 972 1952 sit
988 1918 1145 1963 infinita
1156 1918 1346 1963 potentia.

502 1974 578 2020 (ii.)
603 1975 717 2021 Quod
730 1975 802 2009 illa
820 1976 874 2010 sit
890 1975 1059 2010 Domino
1075 1986 1125 2009 ex
1143 1975 1191 2010 Se
1198 1978 1277 2022 per
1288 1975 1485 2010 Divinum
1503 1985 1614 2008 suum
1641 1974 1708 2009 Ve-

676 2033 778 2057 rum.

490 2078 579 2126 (iii.)
606 2079 721 2126 Quod
740 2081 864 2114 omnis
881 2080 1059 2125 potentia
1082 2079 1204 2114 simul
1222 2080 1275 2113 sit
1299 2079 1341 2113 in
1368 2078 1530 2118 ultimis,
1549 2081 1585 2112 et
1609 2078 1714 2123 quod

677 2127 943 2209 gjgenzgtfinita
961 2128 1138 2172 potentia
1159 2127 1213 2161 sit
1230 2127 1399 2160 Domino
1417 2137 1465 2160 ex
1474 2127 1624 2171 primis
1633 2128 1710 2171 per

496 2231 580 2278 (iv.)
610 2231 723 2278 Quod
743 2231 878 2277 angeli
898 2235 935 2266 et
958 2230 1138 2271 homines,
1164 2234 1352 2276 quantum
1377 2231 1606 2276 receptiones
1629 2216 1710 2264 sint

675 2280 824 2314 Divi’nz
845 2279 941 2313 Veri
954 2290 978 2313 a
996 2279 1174 2318 Domino,
1192 2282 1344 2312 tantum
1355 2279 1553 2323 potentiae
1568 2279 1658 2311 sint.

511 2335 579 2382 (v.)
608 2335 721 2383 Quod
733 2337 910 2381 potentia
936 2335 1104 2370 resideat
1129 2337 1172 2369 in
1193 2336 1298 2370 veris
1314 2335 1513 2369 naturalis
1528 2334 1706 2374 hominis,

674 2387 861 2428 quantum
879 2384 914 2418 is
930 2384 1071 2428 recipit
1087 2383 1284 2428 influxum
1308 2394 1332 2417 a
1350 2382 1519 2418 Domino
1535 2383 1613 2427 per
1628 2383 1708 2427 spi-

677 2431 860 2465 ritualem
879 2430 1081 2465 hominem.

495 2487 579 2534 (vi.)
608 2487 721 2534 Quod
728 2499 821 2522 vera
834 2488 1032 2522 naturalis
1044 2487 1213 2522 hominis
1224 2487 1533 2532 nikilpotentiae
1544 2485 1709 2520 habeant

675 2535 811 2580 absque
827 2535 893 2570 illo
909 2535 1078 2580 influxu.

290 2649 358 2707 (i.)
405 2650 535 2703 Quod
553 2651 742 2693 Domino
772 2651 834 2693 sit
864 2651 1042 2707 infinita
1067 2650 1281 2704 potentia,
1310 2656 1520 2692 constare
1552 2655 1706 2703 potest

203 2727 265 2758 ex
289 2728 358 2764 eo,
386 2714 507 2769 quod
532 2715 589 2757 sit
617 2714 741 2756 Deus
767 2714 878 2756 caeli
905 2721 952 2756 et
979 2714 1103 2756 Deus
1130 2721 1302 2765 terrae;
1336 2710 1457 2768 quod
1484 2713 1704 2754 creaverit

204 2777 474 2827 universum,
514 2785 586 2820 tot
626 2778 1025 2820 innumerabilibus
1066 2777 1224 2826 stellis,
1267 2791 1382 2831 quae
1423 2782 1527 2817 sunt
1568 2775 1702 2823 soleS,

205 2839 419 2895 plenum;
449 2854 502 2884 ac
529 2847 600 2883 tot
632 2842 675 2882 in
708 2841 789 2882 illo
812 2841 1019 2890 mundos,
1047 2847 1094 2882 et
1125 2841 1170 2882 in
1203 2841 1381 2881 mundis
1407 2839 1606 2887 tellures,
1631 2839 1704 2892 qui

205 2903 360 2948 mundi
381 2910 429 2946 et
451 2905 496 2946 in
517 2904 606 2946 illis
628 2904 814 2946 tellures
837 2904 964 2958 plura
980 2910 1177 2946 centena
1195 2903 1335 2944 millia
1356 2915 1543 2944 numero
1565 2915 1702 2942 exce-

205 2967 345 3018 dunt;
377 2973 426 3010 et
449 2968 572 3022 quod
597 2968 772 3017 eadem,
800 2968 902 3022 quia
928 2967 1005 3008 illa
1030 2968 1214 3016 creavit,
1243 2966 1366 3008 solus
1392 2970 1630 3007 conservet
1656 2970 1703 3005 et

204 3031 418 3073 continue
439 3031 676 3074 sustineat.
735 3031 852 3072 Tum
876 3031 996 3086 quod
1018 3031 1132 3072 sicut
1156 3029 1349 3071 mundos
1371 3027 1613 3077 naturaleS,
1639 3028 1704 3068 ita
