2008 3458
370 381 481 434 2276
787 391 1118 426 APOCALYPSIS
1150 394 1447 427 EXPLICATA.

436 504 455 517 “
468 503 536 544 Qui
556 504 590 535 in
611 511 705 536 terra
724 505 817 536 bona
834 506 999 537 seminati
1017 513 1109 543 sunt,
1126 507 1161 538 hi
1181 513 1264 538 sunt
1281 507 1339 548 qui
1360 507 1395 538 in
1416 507 1520 539 corde
1538 507 1688 548 simplici
1705 512 1740 539 et
1758 507 1856 540 bono

542 548 690 579 audiunt
703 550 860 586 verbum,
875 549 1040 588 retinent,
1055 556 1090 581 et
1102 549 1255 582 fructum
1270 550 1405 582 faciunt
1419 551 1454 582 in
1468 550 1641 591 patientia
1651 550 1669 563 ”
1681 550 1766 591 (viii.
1781 549 1854 591 15):

371 632 599 675 “fruetum
617 635 762 676 facere
780 637 822 676 in
842 637 1094 689 patientia”
1113 637 1337 690 significat
1355 651 1461 678 vera
1483 651 1534 678 ac
1557 638 1677 678 bona
1693 637 1852 687 facere,

370 698 554 737 tametsi
575 698 693 738 inter
714 698 826 738 falsa
849 705 894 739 et
918 699 1050 748 mala,
1076 699 1161 740 hoc
1189 706 1274 748 est,
1298 701 1416 741 inter
1438 699 1540 740 illos
1566 700 1641 754 qui
1665 701 1710 740 in
1733 699 1855 741 falsis

370 765 417 799 et
443 759 572 799 malis
599 767 718 808 sunt,
743 762 913 802 vivunt.
977 762 1202 803 Patientia
1228 762 1411 803 Domini
1436 763 1480 803 in
1508 762 1853 811 tentationibus,

370 835 480 874 quas
517 835 623 875 prae
662 823 868 863 omnibus
905 825 1194 876 gravissimas
1226 825 1454 874 sustinuit,
1488 824 1756 865 describitur
1785 823 1856 866 his

369 884 530 933 verbis,
559 885 676 938 apud
700 885 902 935 Esaiam,

436 980 455 994 «ι
466 978 696 1030 Exactionem
711 981 886 1064 sustirgluit„
899 982 1062 1023 idemque
1076 980 1226 1014 afflid'tus
1240 988 1303 1020 est,
1317 992 1388 1013 non
1404 988 1523 1013 tamen
1537 981 1674 1022 aperuit
1688 991 1728 1013 os
1741 989 1855 1020 suum,

543 1030 632 1054 sicut
648 1034 761 1064 agnus
784 1024 789 1035 ¹
834 1025 879 1056 iii.
899 1027 950 1063 7):

371 1116 696 1158 “exactionem
729 1119 948 1159 sustinere
965 1119 983 1134 '’
1015 1118 1240 1173 significat
1266 1118 1584 1169 tentationem
1625 1116 1856 1159 “afflictus

372 1179 502 1220 esse'’
524 1179 747 1233 significat
770 1182 1043 1233 gravitatem
1067 1194 1219 1222 earum
1239 1196 1248 1233 ;
1279 1185 1407 1222 “non
1429 1182 1601 1236 aperire
1623 1195 1674 1222 os
1696 1179 1856 1222 suuml’

371 1241 595 1295 significat
622 1244 906 1296 patientiam.

1009 1415 1145 1438 VERSUS
1171 1415 1222 1439 11.

453 1472 580 1526 814.
618 1487 678 1514 “ft
691 1488 749 1514 ωἀι·
761 1488 846 1514 aliam
864 1488 985 1514 bestiam
998 1489 1204 1514 ascendentem
1220 1495 1236 1514 e
1252 1489 1334 1515 terra
1357 1489 1388 1514 et
1401 1487 1528 1515 habebat
1539 1495 1647 1515 cornua
1659 1488 1736 1521 [duo]
1748 1487 1858 1516 σΙηιΙΙΙα

373 1524 458 1558 Auno,
473 1527 503 1552 et
515 1527 684 1559 loquebatur
695 1528 778 1554 sicut·
785 1528 880 1554 draco,
887 1528 904 1539 ¹¹

399 1605 450 1629 11.
482 1597 545 1631 “ft
562 1597 630 1632 vidi
644 1598 746 1632 aliam
766 1599 910 1633 bestiam
926 1599 1166 1633 ascendentem
1186 1609 1205 1633 e
1224 1600 1348 1637 terra,''
1363 1598 1522 1641 significat
1538 1600 1800 1643 confirmationes
1817 1610 1860 1632 ex

548 1653 645 1674 sensu
661 1644 788 1675 litterae
812 1644 908 1675 Verbi
916 1649 982 1685 pro
985 1644 1061 1686 fide
1075 1649 1226 1686 separata
1243 1655 1263 1675 a
1283 1645 1364 1682 vita,
1380 1649 1412 1675 et
1428 1644 1506 1675 inde
1513 1644 1770 1687 falsq'ficationes
1784 1643 1862 1676 veri

549 1688 696 1718 ecclesiae
723 1687 772 1730 [n.
794 1687 896 1730 815];
928 1691 984 1721 “et
1005 1687 1153 1721 habebat
1173 1697 1301 1721 cornua
1324 1687 1390 1720 duo
1412 1687 1537 1721 similia
1560 1687 1678 1731 Aqua?
1699 1686 1859 1729 significat

540 1732 724 1773 potentiam
740 1733 970 1773 persuadendi
986 1732 1250 1774 conjuncffz‘onem
1258 1732 1349 1774 fidei
1363 1736 1532 1773 separatae
1549 1743 1624 1763 cum
1649 1732 1759 1770 Verbo,
1774 1731 1861 1764 sicut

549 1786 571 1805 a
586 1775 734 1806 Domino
754 1776 803 1818 [n.
818 1775 899 1818 816]
911 1787 920 1814 ;
939 1778 997 1808 “et
1011 1775 1211 1820 loquebatur
1222 1775 1316 1809 sicut
1329 1775 1459 1813 ἅψαι-οβ’
1471 1775 1630 1817 significat
1644 1776 1751 1807 simili
1749 1775 1858 1862 leffe-

549 1820 647 1857 tione,
664 1820 865 1861 cogitatione,
881 1820 1036 1851 doarina
1052 1825 1083 1851 et
1088 1819 1340 1862 praedicatione
1351 1830 1426 1851 cum
1443 1820 1511 1851 illis
1521 1820 1582 1862 qui
1590 1823 1748 1862 separant
1785 1820 1859 1851 dem

549 1874 570 1894 a
587 1864 660 1895 vita
663 1864 763 1906 fidei,
779 1874 863 1905 quae
878 1869 923 1895 est
938 1864 1088 1895 charitas
1109 1864 1159 1907 [n.
1177 1863 1274 1906 817].

456 1958 665 2012 815[a].
706 1969 895 2008 [Vers.11.]
931 1959 1017 1999 “Et
1048 1958 1124 1999 vidi
1153 1958 1273 1998 aliam
1308 1958 1477 1998 bestiam
1512 1958 1799 1998 ascendentem
1835 1969 1859 1998 ο

377 2020 725 2073 terra.''——Quod
766 2021 990 2073 significet
1029 2021 1386 2073 confirmationes
1423 2034 1480 2060 ex
1509 2034 1640 2061 sensu
1681 2020 1860 2060 litterae

387 2082 521 2123 Verbi
541 2089 628 2135 pro
644 2083 741 2136 fide
769 2090 982 2135 separata
1011 2098 1039 2124 a
1073 2084 1184 2131 vita,
1215 2089 1258 2123 et
1285 2083 1388 2123 inde
1404 2082 1733 2136 falsificatione
1761 2082 1861 2122 veri

375 2144 584 2192 ecclesiae,
610 2151 792 2185 constat
816 2159 873 2185 ex
902 2144 1229 2197 significatione
1255 2144 1477 2184 “duarum
1504 2144 1748 2184 bestiarum
1761 2143 1780 2158 ’'
1801 2143 1858 2184 de

376 2206 534 2259 quibus
560 2207 604 2246 in
630 2206 715 2247 hoc
744 2208 907 2259 capite,
935 2207 1054 2259 quod
1082 2207 1170 2247 sint
1197 2220 1309 2259 quae
1341 2206 1611 2246 confirmant
1642 2205 1718 2246 illa
1743 2219 1857 2259 quae

376 2282 455 2321 per
473 2269 751 2309 “draconem
764 2269 782 2284 '’
801 2268 1126 2321 significantur;
1154 2282 1230 2321 per
1252 2268 1564 2308 “draconem'’
1582 2268 1700 2308 enim
1719 2267 1857 2320 signi-

376 2329 536 2369 ficatur
557 2330 773 2382 imprimis
797 2330 895 2369 sola
917 2329 1027 2369 fides
1054 2340 1212 2377 (videatur
1226 2348 1330 2376 supra,
1346 2348 1377 2368 n.
1394 2338 1510 2380 714);
1543 2335 1588 2368 et
1614 2342 1693 2380 per
1717 2328 1857 2368 “bes-

377 2390 486 2431 tiam
505 2404 563 2430 ex
582 2391 689 2430 mari
707 2390 1028 2430 ascendentem
1041 2389 1380 2442 ”significantur
1394 2390 1628 2429 ratiocinia
1646 2403 1704 2429 ex
1722 2395 1858 2430 natu—

377 2450 459 2491 rali
484 2451 666 2491 homine
692 2451 1007 2491 confirmantia
1032 2451 1368 2503 separationem
1394 2449 1496 2490 fidei
1522 2463 1547 2490 a
1577 2450 1671 2490 vita
1703 2460 1861 2498 (videatur

377 2521 471 2550 etiam
491 2529 595 2558 supra,
616 2529 646 2550 n.
667 2519 791 2561 774);
829 2524 907 2562 per
932 2511 1048 2550 hanc
1080 2511 1230 2562 itaque
1259 2509 1523 2550 “bestiam’'
1548 2508 1860 2561 significantur

378 2570 743 2612 confirmationes
771 2585 829 2611 ex
857 2584 989 2611 sensu
1016 2570 1195 2610 litterae
1218 2570 1358 2610 Verbi
1384 2584 1463 2623 pro
1489 2569 1574 2610 fide
1601 2576 1808 2623 separata
1834 2584 1860 2611 a

377 2634 485 2682 vita,
519 2639 565 2674 et
597 2634 699 2673 inde
731 2633 1065 2673 falsificationes
1096 2633 1187 2673 veri
1219 2632 1464 2673 ecclesiae:
1509 2633 1628 2685 quod
1657 2631 1860 2674 “draco''

378 2710 456 2750 per
477 2696 558 2736 has
581 2695 707 2736 binas
733 2699 757 2715 “
772 2696 938 2736 bestias
951 2695 969 2710 ''
992 2695 1175 2735 ulterius
1194 2695 1484 2743 describatur,
1505 2700 1635 2748 patet
1659 2708 1718 2734 ex
1741 2707 1855 2735 vers.

377 2770 417 2807 2,
435 2770 476 2810 4,
501 2769 561 2806 11,
582 2757 708 2809 hujus
727 2759 898 2810 capitis.
945 2756 1059 2798 Sunt
1081 2757 1217 2797 etiam
1242 2757 1343 2805 duo,
1365 2770 1442 2810 per
1461 2770 1573 2810 quae
1591 2756 1758 2809 dogma
1776 2755 1858 2796 ali—

378 2821 497 2875 quod
521 2821 797 2861 haereticum
821 2826 973 2873 potest
993 2819 1271 2869 confirmari3
1299 2832 1475 2872 nempe,
1496 2825 1599 2859 sunt
1623 2819 1860 2859 ratiocinia

378 2898 437 2924 ex
456 2883 647 2924 naturali
665 2883 864 2939 homine,¹
879 2889 923 2924 et
942 2889 1046 2922 sunt
1065 2881 1430 2922 confirmationes
1448 2895 1506 2921 ex
1525 2894 1657 2922 sensu
1676 2880 1858 2922 litterae

378 2946 518 2986 Verbi
536 2959 545 2995 ;
569 2945 679 2985 haec
697 2946 784 2985 duo
802 2946 951 2998 itaque
971 2958 1048 2997 per
1061 2944 1171 2984 duas
1190 2943 1270 2983 has
1285 2947 1310 2963 “
1324 2944 1492 2983 bestias
1505 2942 1856 2995 ’'significantur.

380 3007 512 3060 Quod
546 3021 624 3061 per
658 3008 888 3061 “priorem
925 3007 1116 3047 bestiam
1132 3006 1152 3021 ”
1189 3005 1495 3059 significentur
1531 3005 1763 3046 ratiocinia
1799 3017 1858 3045 ex
