2054 3464
618 374 724 408 CAP.
750 374 852 415 xn„
875 373 1014 406 VERS.
1041 372 1183 418 5.—N.
1206 363 1354 416 πόσι).
1622 375 1727 406 2011

235 490 453 535 Divinum
479 489 664 539 Verum,
694 488 860 543 aliquid
891 489 1067 530 dicetur
1092 487 1148 529 de
1179 486 1272 541 ejus
1303 487 1502 528 essentia
1532 493 1578 528 et
1611 489 1732 528 exis-

231 552 408 596 tentia:
441 554 527 596 hoc
549 567 608 594 ex
628 552 820 593 naturali
842 551 1024 593 homine
1047 557 1092 592 et
1116 550 1208 604 ejus
1231 550 1398 591 lumine
1418 552 1508 590 no'n
1527 563 1732 604 compre-

236 617 375 659 hendi
406 623 574 671 potest,
604 617 686 657 nisi
712 628 845 669 quarn
878 628 956 668 per
982 614 1090 656 talia
1116 628 1230 668 quae
1262 613 1514 667 procedunt
1546 627 1605 654 ex
1638 613 1734 654 sole

238 680 415 731 mundi‚·
430 694 490 722 ex
513 679 670 734 quibus
693 686 738 720 et
762 692 841 732 per
862 692 975 732 quae
999 684 1069 719 est
1092 677 1155 718 illi
1178 678 1324 718 omnis
1351 677 1559 729 potentia
1583 677 1627 717 in
1654 690 1734 716 suo

238 743 422 792 mundo,
450 749 498 784 et
529 744 574 784 in
605 742 840 784 telluribus
866 755 981 794 quae
1007 741 1090 782 sub
1116 741 1214 782 luce
1240 747 1287 782 et
1315 739 1464 781 calore
1491 739 1583 792 ejus
1615 746 1733 780 sunt.

237 804 316 847 Ex
345 805 441 848 sole
467 806 636 855 mundi,
662 811 709 846 ut
737 819 796 846 ex
823 818 903 845 suo
934 804 1074 851 fonte,
1099 805 1338 845 exiverunt
1362 817 1493 844 aurae
1517 809 1563 843 et
1586 809 1734 843 atmo-

236 868 470 923 sphaerae,
493 881 608 922 quae
640 867 848 908 aetheres
880 874 926 908 et
958 881 1084 908 aeres
1106 874 1352 917 vocantur3
1387 866 1505 906 unde
1529 866 1735 919 proxime

222 925 404 973 ‘circum
427 928 554 972 illum
585 938 656 972 est
687 944 821 984 purus
842 931 1013 979 aether,
1038 937 1085 971 et
1107 930 1324 971 remotius
1346 929 1402 970 ab
1425 928 1503 969 illo
1526 928 1735 970 aetheres

235 995 384 1042 minus
406 995 514 1049 puri,
539 1001 586 1036 et
608 994 795 1035 tandem
817 1007 957 1043 aeres,
982 994 1063 1035 sed
1094 993 1138 1034 hi
1171 999 1217 1034 et
1249 993 1312 1033 illi
1345 993 1510 1034 circum
1537 991 1734 1033 tellures.

237 1056 310 1110 Illi
345 1058 555 1100 aetheres
591 1064 638 1099 et
675 1071 801 1098 aeres
833 1057 1100 1098 volumatim
1137 1055 1266 1098 actae
1298 1056 1411 1096 dant
1443 1056 1655 1104 calorem,
1689 1062 1736 1096 at

234 1121 502 1175 singillatim
533 1120 818 1162 modificatae
851 1120 963 1161 dant
995 1119 1168 1171 lucem;
1202 1133 1281 1172 per
1306 1119 1416 1160 haec
1449 1124 1637 1160 exercet
1668 1118 1737 1159 sol

237 1183 315 1226 ille
349 1197 532 1226 omnem
573 1196 700 1224 suam
742 1184 1012 1237 potentiam,
1050 1189 1098 1224 et
1139 1183 1348 1237 producit
1386 1195 1567 1223 omnem
1610 1194 1737 1222 suum

234 1244 446 1289 effectum
465 1253 599 1288 extra
621 1261 682 1295 se,
703 1247 767 1288 ita
789 1260 867 1300 per
883 1247 1093 1287 aetheres
1110 1253 1157 1287 et
1176 1259 1255 1299 per
1272 1258 1399 1286 aeres
1417 1245 1570 1285 medio
1588 1244 1736 1285 calore

230 1311 285 1352 'et
306 1310 438 1352 simul
461 1310 610 1351 media
632 1310 744 1351 luce.
820 1310 895 1350 Ex
919 1310 987 1351 his
1010 1316 1164 1363 potest
1188 1308 1337 1363 aliqua
1358 1308 1459 1349 idea
1481 1308 1659 1349 formari
1682 1308 1737 1349 de

236 1372 412 1416 infinita
437 1374 644 1428 potentia
668 1373 851 1414 Domini
875 1386 953 1426 per
975 1373 1188 1414 Divinum
1210 1372 1395 1413 Verum.
1463 1372 1537 1412 Ex
1563 1371 1668 1424 Ipso
1690 1378 1738 1412 ut

76 1426 126 1469 'J'
189 1453 191 1457 ⁴
238 1434 345 1478 Sole
381 1443 707 1478 emanaverunt
750 1436 955 1478 similiter
994 1450 1127 1477 aurae
1168 1443 1215 1477 et
1257 1436 1619 1488 atmosphaerae,
1658 1435 1738 1476 sed

199 1543 208 1552 ,
238 1500 506 1556 spirituales,
531 1501 634 1555 quia
665 1515 724 1542 ex
758 1500 923 1542 Divino
949 1499 1137 1550 Amore,
1162 1501 1236 1554 qui
1267 1500 1372 1540 facit
1404 1499 1530 1540 illum
1557 1498 1736 1540 Solem:

238 1563 361 1619 quod
381 1563 499 1606 tales
520 1564 868 1617 atmosphaerae
894 1564 938 1604 in
962 1564 1132 1605 'mundo
1154 1563 1371 1616 spirituali
1398 1563 1502 1612 sint,
1527 1569 1738 1603 constare

239 1633 396 1682 potest
427 1641 487 1669 ex
519 1627 814 1680 respiratione
837 1627 1104 1681 angelorum
1126 1634 1173 1668 et
1195 1628 1443 1681 spirituum.
1516 1625 1670 1667 Aurae
1692 1632 1739 1667 et

238 1690 586 1744 atmosphaerae
619 1690 722 1731 illae
755 1690 1009 1744 spirituales
1041 1705 1155 1745 quae
1187 1691 1422 1744 proximae
1461 1690 1659 1731 Domino
1690 1697 1738 1730 ut

239 1752 336 1796 Soli
356 1759 476 1807 sunt,
497 1754 757 1807 purissimae
780 1761 885 1795 sunt
906 1769 915 1805 ;
948 1761 996 1796 at
1019 1768 1097 1808 per
1119 1754 1285 1808 gradus
1307 1760 1511 1795 remotae
1534 1760 1640 1794 sunt
1662 1766 1741 1805 per

238 1816 407 1871 gradus
424 1817 570 1858 minus
591 1823 638 1858 et
661 1817 806 1857 minus
829 1830 989 1870 purae:
1024 1818 1127 1858 inde
1153 1824 1223 1858 est
1241 1817 1361 1871 quod
1385 1824 1476 1858 tres
1499 1816 1612 1858 caeli
1633 1817 1737 1865 sint,

238 1879 447 1921 intimum
478 1879 654 1921 caelum
685 1880 729 1920 in
761 1893 868 1921 aura
898 1881 1087 1934 puriore,
1122 1881 1320 1922 medium
1353 1880 1528 1921 caelum
1559 1881 1603 1921 in
1635 1893 1741 1920 aura

240 1942 387 1995 minus
409 1955 533 1998 pura,
558 1949 604 1984 et
629 1943 838 1984 ultimum
861 1943 1038 1986 caelum
1070 1945 1114 1985 in
1140 1958 1247 1985 aura
1269 1944 1415 1985 adhuc
1439 1945 1586 1984 minus
1618 1957 1739 1997 pura.

240 2005 353 2049 Illae
374 2019 507 2048 aurae
529 2020 608 2048 seu
625 2008 987 2060 atmosphaerae,
1008 2022 1121 2062 quae
1140 2007 1395 2061 spirituales
1418 2015 1536 2057 sunt,
1557 2008 1659 2062 quia
1681 2021 1739 2048 ex

237 2069 440 2115 Domino
480 2076 531 2112 ut
577 2069 683 2111 Sole
724 2072 1018 2121 exstiterunt,
1063 2072 1364 2112 communiter
1404 2070 1532 2112 actae
1575 2072 1741 2113 sistunt

239 2132 452 2183 calorem,
472 2139 520 2175 et
538 2133 804 2187 singillatim
823 2134 1109 2176 modificatae
1128 2135 1294 2176 sistunt
1318 2134 1464 2176 lucem
1482 2149 1491 2186 3
1524 2134 1599 2176 ille
1618 2135 1742 2177 calor

240 2196 316 2252 qui
335 2197 381 2238 in
402 2209 483 2238 sua
505 2197 704 2238 essentia
726 2204 795 2238 est
818 2211 959 2247 amor,
979 2204 1025 2239 et
1047 2197 1124 2239 illa
1147 2197 1226 2239 lux
1244 2212 1358 2252 quae
1381 2199 1424 2238 in
1448 2212 1526 2239 sua
1544 2199 1743 2240 essentia

240 2262 312 2302 e‘st
341 2260 577 2315 sapientia,
611 2260 655 2301 in
686 2261 836 2313 specie
867 2268 1090 2302 vocantur
1121 2261 1333 2303 Divinum
1365 2261 1552 2311 Verum,
1581 2276 1632 2303 ac
1665 2262 1742 2303 illa

241 2322 373 2365 simul
409 2336 512 2365 cum
548 2324 679 2372 auris,
713 2338 827 2378 quae
858 2338 1036 2378 quoque
1075 2325 1330 2378 spirituales
1367 2332 1487 2374 sunt,
1521 2332 1743 2366 vocantur

226 2384 456 2428 -Divinum
493 2387 759 2440 procedens,
832 2387 907 2429 Ex
944 2388 1012 2429 his
1047 2402 1164 2430 nunc
1202 2389 1315 2430 caeli
1356 2390 1496 2430 creati
1537 2395 1657 2438 sunt,
1696 2396 1742 2430 et

241 2463 420 2504 quoque
453 2446 645 2501 r‘nundi;
679 2463 784 2492 nam
818 2465 878 2492 ex
911 2452 1131 2505 spirituali
1162 2453 1332 2493 mundo
1365 2453 1516 2493 omnia
1547 2466 1661 2506 quae
1699 2453 1742 2493 in

242 2512 436 2554 naturali
468 2513 637 2554 mundo
669 2515 890 2564 existunt,
924 2513 1144 2568 producta
1174 2522 1293 2566 sunt,
1322 2516 1437 2557 sicut
1469 2514 1652 2557 effectus
1683 2530 1741 2556 ex

235 2576 332 2629 ‚suis
368 2577 512 2618 causis
549 2576 863 2619 efficientibus.
944 2578 1020 2619 Ex
1062 2579 1130 2620 his
1171 2593 1288 2621 nunc
1326 2580 1441 2621 sicut
1478 2580 1522 2620 in
1559 2580 1743 2633 speculo

242 2639 437 2681 naturali
458 2638 653 2693 spectari
686 2648 841 2694 potest
864 2643 1034 2683 creatio
1056 2643 1170 2684 caeli
1191 2649 1238 2684 et
1260 2650 1406 2684 terrae
1430 2657 1508 2696 per
1531 2643 1742 2684 Divinum

241 2700 416 2744 Verum
433 2703 685 2757 procedens
707 2718 734 2745 a
756 2704 955 2746 Domino
973 2711 1021 2746 ut
1044 2705 1164 2756 Sole,
1183 2707 1257 2760 qui
1279 2720 1413 2760 supra
1432 2707 1583 2748 caelos
1601 2720 1741 2760 ange-

223 2764 354 2818 licos
375 2773 471 2808 est:
505 2773 552 2808 et
575 2780 752 2822 quoque
785 2768 1066 2822 aliquantum
1089 2770 1414 2823 comprehendi
1446 2777 1599 2824 potest
1622 2771 1741 2824 quod

243 2828 442 2871 Domino
463 2829 641 2872 infinita
666 2833 873 2885 potentia
904 2833 962 2874 sit
994 2847 1072 2887 per
1095 2833 1307 2875 Divinum
1330 2834 1596 2887 procedenS,
1621 2834 1741 2888 quod

242 2892 288 2933 in
305 2905 473 2946 genere
490 2901 678 2935 vocatur
696 2895 909 2936 Divinum
927 2896 1112 2938 Verum.
1160 2897 1262 2939 Hoc
1281 2911 1457 2952 quoque
1475 2897 1742 2950 intelligitur

244 2967 324 3008 per
343 2954 455 2998 haec
478 2957 616 2999 verba
641 2957 779 3012 [apud
801 2959 1095 3015 Jolzannem]‚
