<?xml version="1.0" encoding="UTF-8"?>
<!DOCTYPE html PUBLIC "-//W3C//DTD XHTML 1.0 Transitional//EN"
    "http://www.w3.org/TR/xhtml1/DTD/xhtml1-transitional.dtd">
<html xmlns="http://www.w3.org/1999/xhtml" xml:lang="en" lang="en">
 <head>
  <title>
</title>
<meta http-equiv="Content-Type" content="text/html;charset=utf-8" />
  <meta name='ocr-system' content='tesseract 3.04.00' />
  <meta name='ocr-capabilities' content='ocr_page ocr_carea ocr_par ocr_line ocrx_word'/>
</head>
<body>
  <div class='ocr_page' id='page_1' title='image "apocalypsisexpli04sweduoft_0286.png"; bbox 0 0 2054 3464; ppageno 0'>
   <div class='ocr_carea' id='block_1_1' title="bbox 1784 0 2054 489">
    <p class='ocr_par' dir='ltr' id='par_1_1' title="bbox 1784 0 2054 489">
     <span class='ocr_line' id='line_1_1' title="bbox 1784 0 2054 489; baseline 0 0"><span class='ocrx_word' id='word_1_1' title='bbox 1784 0 2054 489; x_wconf 95' lang='lat' dir='ltr'><strong>  </strong></span> 
     </span>
    </p>
   </div>
   <div class='ocr_carea' id='block_1_2' title="bbox 380 334 1448 377">
    <p class='ocr_par' dir='ltr' id='par_1_2' title="bbox 380 334 1448 377">
     <span class='ocr_line' id='line_1_2' title="bbox 380 334 1448 377; baseline 0.004 -4"><span class='ocrx_word' id='word_1_2' title='bbox 380 334 488 374; x_wconf 91' lang='lat'>2188</span> <span class='ocrx_word' id='word_1_3' title='bbox 790 342 1120 376; x_wconf 84' lang='lat' dir='ltr'>APOCALYPSIS</span> <span class='ocrx_word' id='word_1_4' title='bbox 1150 343 1448 377; x_wconf 87' lang='lat' dir='ltr'>EXPLICATA.</span> 
     </span>
    </p>
   </div>
   <div class='ocr_carea' id='block_1_3' title="bbox 379 453 1856 510">
    <p class='ocr_par' dir='ltr' id='par_1_3' title="bbox 379 448 1930 510">
     <span class='ocr_line' id='line_1_3' title="bbox 379 453 1856 510; baseline 0.003 -18"><span class='ocrx_word' id='word_1_5' title='bbox 379 459 449 494; x_wconf 87' lang='lat' dir='ltr'><strong>est</strong></span> <span class='ocrx_word' id='word_1_6' title='bbox 474 453 594 507; x_wconf 91' lang='lat' dir='ltr'><strong>quod</strong></span> <span class='ocrx_word' id='word_1_7' title='bbox 621 467 778 494; x_wconf 85' lang='lat' dir='ltr'><strong>omnes</strong></span> <span class='ocrx_word' id='word_1_8' title='bbox 804 454 924 502; x_wconf 85' lang='lat' dir='ltr'><strong>mali,</strong></span> <span class='ocrx_word' id='word_1_9' title='bbox 949 456 1022 508; x_wconf 89' lang='lat' dir='ltr'><strong>qui</strong></span> <span class='ocrx_word' id='word_1_10' title='bbox 1046 469 1070 496; x_wconf 90' lang='lat' dir='ltr'><strong>e</strong></span> <span class='ocrx_word' id='word_1_11' title='bbox 1097 455 1266 496; x_wconf 88' lang='lat' dir='ltr'><strong>mundo</strong></span> <span class='ocrx_word' id='word_1_12' title='bbox 1291 454 1483 503; x_wconf 85' lang='lat' dir='ltr'><strong>alluunt,</strong></span> <span class='ocrx_word' id='word_1_13' title='bbox 1510 455 1701 508; x_wconf 90' lang='lat' dir='ltr'><strong>primum</strong></span> <span class='ocrx_word' id='word_1_14' title='bbox 1723 467 1856 510; x_wconf 88' lang='lat' dir='ltr'><strong>sepa·</strong></span> 
     </span>
    </p>
   </div>
   <div class='ocr_carea' id='block_1_4' title="bbox 378 516 1888 999">
    <p class='ocr_par' dir='ltr' id='par_1_4' title="bbox 378 516 1888 999">
     <span class='ocr_line' id='line_1_4' title="bbox 378 516 1888 571; baseline 0.003 -17"><span class='ocrx_word' id='word_1_15' title='bbox 378 521 533 555; x_wconf 89' lang='lat' dir='ltr'><strong>rentur</strong></span> <span class='ocrx_word' id='word_1_16' title='bbox 554 529 579 555; x_wconf 90' lang='lat' dir='ltr'><strong>a</strong></span> <span class='ocrx_word' id='word_1_17' title='bbox 609 516 738 556; x_wconf 84' lang='lat' dir='ltr'><strong>bonis</strong></span> <span class='ocrx_word' id='word_1_18' title='bbox 763 522 808 557; x_wconf 93' lang='lat' dir='ltr'><strong>et</strong></span> <span class='ocrx_word' id='word_1_19' title='bbox 834 518 965 567; x_wconf 86' lang='lat' dir='ltr'><strong>veris,</strong></span> <span class='ocrx_word' id='word_1_20' title='bbox 992 532 1106 571; x_wconf 90' lang='lat' dir='ltr'><strong>quae</strong></span> <span class='ocrx_word' id='word_1_21' title='bbox 1131 518 1277 559; x_wconf 86' lang='lat' dir='ltr'><strong>solum</strong></span> <span class='ocrx_word' id='word_1_22' title='bbox 1299 518 1516 557; x_wconf 87' lang='lat' dir='ltr'><strong>memoria</strong></span> <span class='ocrx_word' id='word_1_23' title='bbox 1541 518 1785 567; x_wconf 85' lang='lat' dir='ltr'><strong>sciverunt,</strong></span> <span class='ocrx_word' id='word_1_24' title='bbox 1809 523 1857 559; x_wconf 88' lang='lat' dir='ltr'><strong>et</strong></span> <span class='ocrx_word' id='word_1_25' title='bbox 1882 539 1888 548; x_wconf 92' lang='lat'>·</span> 
     </span>
     <span class='ocr_line' id='line_1_5' title="bbox 378 577 1856 633; baseline 0.003 -17"><span class='ocrx_word' id='word_1_26' title='bbox 378 577 482 617; x_wconf 88' lang='lat' dir='ltr'><strong>inde</strong></span> <span class='ocrx_word' id='word_1_27' title='bbox 500 591 577 618; x_wconf 90' lang='lat' dir='ltr'><strong>ore</strong></span> <span class='ocrx_word' id='word_1_28' title='bbox 595 578 798 619; x_wconf 85' lang='lat' dir='ltr'><strong>tulerunt</strong></span> <span class='ocrx_word' id='word_1_29' title='bbox 818 593 826 629; x_wconf 89' lang='lat'><strong>;</strong></span> <span class='ocrx_word' id='word_1_30' title='bbox 859 585 904 620; x_wconf 91' lang='lat' dir='ltr'><strong>et</strong></span> <span class='ocrx_word' id='word_1_31' title='bbox 923 581 1106 633; x_wconf 84' lang='lat' dir='ltr'><strong>quando</strong></span> <span class='ocrx_word' id='word_1_32' title='bbox 1123 581 1179 621; x_wconf 85' lang='lat' dir='ltr'><strong>ab</strong></span> <span class='ocrx_word' id='word_1_33' title='bbox 1196 580 1263 620; x_wconf 87' lang='lat' dir='ltr'><strong>his</strong></span> <span class='ocrx_word' id='word_1_34' title='bbox 1281 580 1478 631; x_wconf 82' lang='lat' dir='ltr'><strong>separati</strong></span> <span class='ocrx_word' id='word_1_35' title='bbox 1495 585 1614 627; x_wconf 88' lang='lat' dir='ltr'><strong>sunt,</strong></span> <span class='ocrx_word' id='word_1_36' title='bbox 1634 585 1856 632; x_wconf 86' lang='lat' dir='ltr'><strong>apparent</strong></span> 
     </span>
     <span class='ocr_line' id='line_1_6' title="bbox 378 638 1857 695; baseline 0.003 -18"><span class='ocrx_word' id='word_1_37' title='bbox 378 638 593 679; x_wconf 89' lang='lat' dir='ltr'><strong>interiora</strong></span> <span class='ocrx_word' id='word_1_38' title='bbox 622 653 791 687; x_wconf 89' lang='lat' dir='ltr'><strong>eorum,</strong></span> <span class='ocrx_word' id='word_1_39' title='bbox 819 654 933 693; x_wconf 84' lang='lat' dir='ltr'><strong>quae</strong></span> <span class='ocrx_word' id='word_1_40' title='bbox 964 655 1055 682; x_wconf 91' lang='lat' dir='ltr'><strong>non</strong></span> <span class='ocrx_word' id='word_1_41' title='bbox 1086 642 1169 682; x_wconf 84' lang='lat' dir='ltr'><strong>nisi</strong></span> <span class='ocrx_word' id='word_1_42' title='bbox 1199 654 1333 695; x_wconf 87' lang='lat' dir='ltr'><strong>quam</strong></span> <span class='ocrx_word' id='word_1_43' title='bbox 1364 654 1422 680; x_wconf 84' lang='lat' dir='ltr'><strong>ex</strong></span> <span class='ocrx_word' id='word_1_44' title='bbox 1454 641 1751 693; x_wconf 73' lang='lat' dir='ltr'>congeriebus</span> <span class='ocrx_word' id='word_1_45' title='bbox 1771 640 1857 685; x_wconf 79' lang='lat' dir='ltr'><strong>fal-</strong></span> 
     </span>
     <span class='ocr_line' id='line_1_7' title="bbox 379 703 1858 756; baseline 0.003 -17"><span class='ocrx_word' id='word_1_46' title='bbox 379 713 528 740; x_wconf 78' lang='lat' dir='ltr'><strong>sorum</strong></span> <span class='ocrx_word' id='word_1_47' title='bbox 554 715 612 741; x_wconf 83' lang='lat' dir='ltr'><strong>ex</strong></span> <span class='ocrx_word' id='word_1_48' title='bbox 639 703 768 742; x_wconf 83' lang='lat' dir='ltr'><strong>malis</strong></span> <span class='ocrx_word' id='word_1_49' title='bbox 794 705 1051 744; x_wconf 83' lang='lat' dir='ltr'><strong>consistunt</strong></span> <span class='ocrx_word' id='word_1_50' title='bbox 1073 718 1082 755; x_wconf 84' lang='lat'><em>3</em></span> <span class='ocrx_word' id='word_1_51' title='bbox 1114 711 1160 745; x_wconf 90' lang='lat' dir='ltr'><strong>et</strong></span> <span class='ocrx_word' id='word_1_52' title='bbox 1184 717 1284 745; x_wconf 91' lang='lat' dir='ltr'><strong>cum</strong></span> <span class='ocrx_word' id='word_1_53' title='bbox 1309 705 1353 744; x_wconf 89' lang='lat' dir='ltr'><strong>in</strong></span> <span class='ocrx_word' id='word_1_54' title='bbox 1380 705 1450 744; x_wconf 86' lang='lat' dir='ltr'><strong>his</strong></span> <span class='ocrx_word' id='word_1_55' title='bbox 1476 710 1594 752; x_wconf 83' lang='lat' dir='ltr'><strong>sunt,</strong></span> <span class='ocrx_word' id='word_1_56' title='bbox 1622 709 1729 744; x_wconf 89' lang='lat' dir='ltr'><strong>tunc</strong></span> <span class='ocrx_word' id='word_1_57' title='bbox 1755 703 1858 756; x_wconf 86' lang='lat' dir='ltr'><strong>quia</strong></span> 
     </span>
     <span class='ocr_line' id='line_1_8' title="bbox 378 761 1858 819; baseline 0.003 -19"><span class='ocrx_word' id='word_1_58' title='bbox 378 761 466 801; x_wconf 88' lang='lat' dir='ltr'><strong>illis</strong></span> <span class='ocrx_word' id='word_1_59' title='bbox 504 776 593 817; x_wconf 82' lang='lat' dir='ltr'><strong>non</strong></span> <span class='ocrx_word' id='word_1_60' title='bbox 627 763 822 816; x_wconf 87' lang='lat' dir='ltr'><strong>amplius</strong></span> <span class='ocrx_word' id='word_1_61' title='bbox 857 765 1008 818; x_wconf 84' lang='lat' dir='ltr'><strong>aliqua</strong></span> <span class='ocrx_word' id='word_1_62' title='bbox 1038 767 1246 819; x_wconf 90' lang='lat' dir='ltr'><strong>potentia</strong></span> <span class='ocrx_word' id='word_1_63' title='bbox 1275 773 1360 815; x_wconf 88' lang='lat' dir='ltr'><strong>est,</strong></span> <span class='ocrx_word' id='word_1_64' title='bbox 1392 766 1607 806; x_wconf 89' lang='lat' dir='ltr'><strong>decidunt</strong></span> <span class='ocrx_word' id='word_1_65' title='bbox 1638 777 1778 818; x_wconf 88' lang='lat' dir='ltr'>prone</span> <span class='ocrx_word' id='word_1_66' title='bbox 1811 763 1858 805; x_wconf 85' lang='lat' dir='ltr'><strong>in</strong></span> 
     </span>
     <span class='ocr_line' id='line_1_9' title="bbox 378 824 1858 880; baseline 0.003 -17"><span class='ocrx_word' id='word_1_67' title='bbox 378 824 614 873; x_wconf 89' lang='lat' dir='ltr'><strong>infernum,</strong></span> <span class='ocrx_word' id='word_1_68' title='bbox 647 827 763 866; x_wconf 82' lang='lat' dir='ltr'><strong>sicut</strong></span> <span class='ocrx_word' id='word_1_69' title='bbox 794 827 997 879; x_wconf 88' lang='lat' dir='ltr'><strong>pondera</strong></span> <span class='ocrx_word' id='word_1_70' title='bbox 1031 829 1076 868; x_wconf 93' lang='lat' dir='ltr'><strong>in</strong></span> <span class='ocrx_word' id='word_1_71' title='bbox 1115 842 1217 868; x_wconf 87' lang='lat' dir='ltr'><strong>aere</strong></span> <span class='ocrx_word' id='word_1_72' title='bbox 1247 828 1291 868; x_wconf 90' lang='lat' dir='ltr'><strong>in</strong></span> <span class='ocrx_word' id='word_1_73' title='bbox 1322 834 1503 868; x_wconf 85' lang='lat' dir='ltr'><strong>terram.</strong></span> <span class='ocrx_word' id='word_1_74' title='bbox 1562 827 1697 880; x_wconf 78' lang='lat' dir='ltr'><strong>Quod</strong></span> <span class='ocrx_word' id='word_1_75' title='bbox 1726 826 1858 869; x_wconf 85' lang='lat' dir='ltr'><strong>malis</strong></span> 
     </span>
     <span class='ocr_line' id='line_1_10' title="bbox 378 888 1856 940; baseline 0.003 -13"><span class='ocrx_word' id='word_1_76' title='bbox 378 888 498 928; x_wconf 87' lang='lat' dir='ltr'><strong>bona</strong></span> <span class='ocrx_word' id='word_1_77' title='bbox 523 894 569 928; x_wconf 90' lang='lat' dir='ltr'><strong>et</strong></span> <span class='ocrx_word' id='word_1_78' title='bbox 591 903 698 929; x_wconf 87' lang='lat' dir='ltr'><strong>vera</strong></span> <span class='ocrx_word' id='word_1_79' title='bbox 723 889 995 939; x_wconf 88' lang='lat' dir='ltr'><strong>auferantur,</strong></span> <span class='ocrx_word' id='word_1_80' title='bbox 1024 896 1181 930; x_wconf 89' lang='lat' dir='ltr'><strong>notum</strong></span> <span class='ocrx_word' id='word_1_81' title='bbox 1207 896 1277 930; x_wconf 87' lang='lat' dir='ltr'><strong>est</strong></span> <span class='ocrx_word' id='word_1_82' title='bbox 1303 904 1362 930; x_wconf 81' lang='lat' dir='ltr'><strong>ex</strong></span> <span class='ocrx_word' id='word_1_83' title='bbox 1389 890 1571 940; x_wconf 88' lang='lat' dir='ltr'><strong>Verbo;</strong></span> <span class='ocrx_word' id='word_1_84' title='bbox 1603 890 1711 931; x_wconf 88' lang='lat' dir='ltr'><strong>dicit</strong></span> <span class='ocrx_word' id='word_1_85' title='bbox 1737 891 1856 931; x_wconf 90' lang='lat' dir='ltr'><strong>enim</strong></span> 
     </span>
     <span class='ocr_line' id='line_1_11' title="bbox 380 950 617 999; baseline 0.004 -10"><span class='ocrx_word' id='word_1_86' title='bbox 380 950 617 999; x_wconf 87' lang='lat' dir='ltr'>Dominus,</span> 
     </span>
    </p>
   </div>
   <div class='ocr_carea' id='block_1_5' title="bbox 445 1045 1859 1259">
    <p class='ocr_par' dir='ltr' id='par_1_5' title="bbox 445 1045 1859 1259">
     <span class='ocr_line' id='line_1_12' title="bbox 445 1045 1859 1088; baseline 0.001 -12"><span class='ocrx_word' id='word_1_87' title='bbox 445 1046 463 1059; x_wconf 78' lang='lat'><strong>¹⁴</strong></span> <span class='ocrx_word' id='word_1_88' title='bbox 473 1045 601 1076; x_wconf 83' lang='lat' dir='ltr'>Tollite</span> <span class='ocrx_word' id='word_1_89' title='bbox 611 1070 618 1077; x_wconf 94' lang='lat'><em>.</em></span> <span class='ocrx_word' id='word_1_90' title='bbox 633 1046 693 1077; x_wconf 83' lang='lat' dir='ltr'><strong>‚ab</strong></span> <span class='ocrx_word' id='word_1_91' title='bbox 707 1055 748 1076; x_wconf 90' lang='lat' dir='ltr'><strong>eo</strong></span> <span class='ocrx_word' id='word_1_92' title='bbox 763 1046 944 1084; x_wconf 85' lang='lat' dir='ltr'><strong>talentum,</strong></span> <span class='ocrx_word' id='word_1_93' title='bbox 954 1052 988 1077; x_wconf 89' lang='lat' dir='ltr'><strong>et</strong></span> <span class='ocrx_word' id='word_1_94' title='bbox 1004 1046 1083 1077; x_wconf 83' lang='lat' dir='ltr'><strong>date</strong></span> <span class='ocrx_word' id='word_1_95' title='bbox 1093 1046 1236 1078; x_wconf 85' lang='lat' dir='ltr'><strong>habenti</strong></span> <span class='ocrx_word' id='word_1_96' title='bbox 1248 1046 1367 1077; x_wconf 90' lang='lat' dir='ltr'><strong>decem</strong></span> <span class='ocrx_word' id='word_1_97' title='bbox 1382 1047 1532 1085; x_wconf 74' lang='lat' dir='ltr'><strong>talenta:</strong></span> <span class='ocrx_word' id='word_1_98' title='bbox 1549 1046 1692 1078; x_wconf 79' lang='lat' dir='ltr'><strong>habenti</strong></span> <span class='ocrx_word' id='word_1_99' title='bbox 1706 1056 1859 1088; x_wconf 90' lang='lat' dir='ltr'><strong>namque</strong></span> 
     </span>
     <span class='ocr_line' id='line_1_13' title="bbox 553 1089 1859 1131; baseline 0.002 -12"><span class='ocrx_word' id='word_1_100' title='bbox 553 1089 651 1119; x_wconf 90' lang='lat' dir='ltr'><strong>omni</strong></span> <span class='ocrx_word' id='word_1_101' title='bbox 668 1089 816 1126; x_wconf 88' lang='lat' dir='ltr'><strong>dabitur,</strong></span> <span class='ocrx_word' id='word_1_102' title='bbox 831 1095 869 1120; x_wconf 89' lang='lat' dir='ltr'><strong>ut</strong></span> <span class='ocrx_word' id='word_1_103' title='bbox 885 1090 1038 1120; x_wconf 84' lang='lat' dir='ltr'>abundet</span> <span class='ocrx_word' id='word_1_104' title='bbox 1053 1099 1059 1126; x_wconf 90' lang='lat'><em>;</em></span> <span class='ocrx_word' id='word_1_105' title='bbox 1085 1090 1129 1120; x_wconf 87' lang='lat' dir='ltr'><strong>ab</strong></span> <span class='ocrx_word' id='word_1_106' title='bbox 1148 1099 1190 1120; x_wconf 89' lang='lat' dir='ltr'><strong>eo</strong></span> <span class='ocrx_word' id='word_1_107' title='bbox 1208 1097 1324 1120; x_wconf 89' lang='lat' dir='ltr'><strong>autem</strong></span> <span class='ocrx_word' id='word_1_108' title='bbox 1342 1090 1400 1130; x_wconf 89' lang='lat' dir='ltr'><strong>qui</strong></span> <span class='ocrx_word' id='word_1_109' title='bbox 1421 1100 1493 1120; x_wconf 88' lang='lat' dir='ltr'><strong>non</strong></span> <span class='ocrx_word' id='word_1_110' title='bbox 1510 1091 1625 1128; x_wconf 89' lang='lat' dir='ltr'><strong>habet,</strong></span> <span class='ocrx_word' id='word_1_111' title='bbox 1642 1090 1748 1121; x_wconf 90' lang='lat' dir='ltr'><strong>etiam</strong></span> <span class='ocrx_word' id='word_1_112' title='bbox 1765 1089 1859 1131; x_wconf 87' lang='lat' dir='ltr'><strong>quod</strong></span> 
     </span>
     <span class='ocr_line' id='line_1_14' title="bbox 551 1129 1859 1172; baseline 0.002 -11"><span class='ocrx_word' id='word_1_113' title='bbox 551 1132 657 1162; x_wconf 91' lang='lat' dir='ltr'><strong>habet</strong></span> <span class='ocrx_word' id='word_1_114' title='bbox 677 1129 907 1163; x_wconf 83' lang='lat' dir='ltr'><strong>[¹]auferetur:</strong></span> <span class='ocrx_word' id='word_1_115' title='bbox 929 1142 1069 1163; x_wconf 88' lang='lat' dir='ltr'><strong>servum</strong></span> <span class='ocrx_word' id='word_1_116' title='bbox 1087 1139 1204 1164; x_wconf 88' lang='lat' dir='ltr'><strong>autem</strong></span> <span class='ocrx_word' id='word_1_117' title='bbox 1223 1133 1381 1164; x_wconf 89' lang='lat' dir='ltr'><strong>inutilem</strong></span> <span class='ocrx_word' id='word_1_118' title='bbox 1399 1133 1514 1172; x_wconf 87' lang='lat' dir='ltr'>ejicite</span> <span class='ocrx_word' id='word_1_119' title='bbox 1531 1133 1566 1164; x_wconf 89' lang='lat' dir='ltr'><strong>in</strong></span> <span class='ocrx_word' id='word_1_120' title='bbox 1584 1134 1747 1164; x_wconf 80' lang='lat' dir='ltr'><strong>tenebras</strong></span> <span class='ocrx_word' id='word_1_121' title='bbox 1763 1138 1859 1164; x_wconf 86' lang='lat' dir='ltr'><strong>exte-</strong></span> 
     </span>
     <span class='ocr_line' id='line_1_15' title="bbox 552 1174 1856 1218; baseline 0.002 -13"><span class='ocrx_word' id='word_1_122' title='bbox 552 1175 683 1212; x_wconf 76' lang='lat' dir='ltr'><strong>riores:</strong></span> <span class='ocrx_word' id='word_1_123' title='bbox 716 1175 762 1206; x_wconf 86' lang='lat' dir='ltr'><strong>ibi</strong></span> <span class='ocrx_word' id='word_1_124' title='bbox 787 1176 851 1206; x_wconf 88' lang='lat' dir='ltr'><strong>erit</strong></span> <span class='ocrx_word' id='word_1_125' title='bbox 871 1174 1032 1215; x_wconf 63' lang='lat' dir='ltr'><strong>planetus</strong></span> <span class='ocrx_word' id='word_1_126' title='bbox 1058 1182 1092 1207; x_wconf 85' lang='lat' dir='ltr'><strong>et</strong></span> <span class='ocrx_word' id='word_1_127' title='bbox 1115 1176 1244 1207; x_wconf 85' lang='lat' dir='ltr'><strong>stridor</strong></span> <span class='ocrx_word' id='word_1_128' title='bbox 1265 1175 1451 1218; x_wconf 86' lang='lat' dir='ltr'><strong>dentium&#39;&#39;</strong></span> <span class='ocrx_word' id='word_1_129' title='bbox 1476 1175 1616 1216; x_wconf 71' lang='lat' dir='ltr'><strong>(Manli.</strong></span> <span class='ocrx_word' id='word_1_130' title='bbox 1633 1185 1713 1208; x_wconf 86' lang='lat' dir='ltr'>xxv.</span> <span class='ocrx_word' id='word_1_131' title='bbox 1731 1176 1856 1215; x_wconf 82' lang='lat'>28—30:</span> 
     </span>
     <span class='ocr_line' id='line_1_16' title="bbox 551 1218 1341 1259; baseline 0.003 -11"><span class='ocrx_word' id='word_1_132' title='bbox 551 1218 661 1249; x_wconf 66' lang='lat' dir='ltr'><strong>Alarc.</strong></span> <span class='ocrx_word' id='word_1_133' title='bbox 676 1218 719 1250; x_wconf 90' lang='lat' dir='ltr'><strong>iv.</strong></span> <span class='ocrx_word' id='word_1_134' title='bbox 738 1225 777 1257; x_wconf 86' lang='lat'><strong>25</strong></span> <span class='ocrx_word' id='word_1_135' title='bbox 795 1229 801 1250; x_wconf 84' lang='lat' dir='ltr'>z</span> <span class='ocrx_word' id='word_1_136' title='bbox 833 1219 915 1250; x_wconf 89' lang='lat' dir='ltr'><em>Luc.</em></span> <span class='ocrx_word' id='word_1_137' title='bbox 928 1219 999 1250; x_wconf 89' lang='lat' dir='ltr'><strong>viii.</strong></span> <span class='ocrx_word' id='word_1_138' title='bbox 1016 1219 1054 1249; x_wconf 83' lang='lat'><strong>18</strong></span> <span class='ocrx_word' id='word_1_139' title='bbox 1069 1229 1075 1258; x_wconf 85' lang='lat'>;</span> <span class='ocrx_word' id='word_1_140' title='bbox 1107 1228 1180 1259; x_wconf 85' lang='lat' dir='ltr'><strong>cap.</strong></span> <span class='ocrx_word' id='word_1_141' title='bbox 1194 1219 1263 1250; x_wconf 86' lang='lat' dir='ltr'><strong>xix.</strong></span> <span class='ocrx_word' id='word_1_142' title='bbox 1278 1219 1341 1258; x_wconf 88' lang='lat'><strong>26).</strong></span> 
     </span>
    </p>
   </div>
   <div class='ocr_carea' id='block_1_6' title="bbox 1029 1372 1218 1404">
    <p class='ocr_par' dir='ltr' id='par_1_6' title="bbox 1029 1372 1218 1404">
     <span class='ocr_line' id='line_1_17' title="bbox 1029 1372 1218 1404; baseline 0.011 -10"><span class='ocrx_word' id='word_1_143' title='bbox 1029 1372 1164 1395; x_wconf 82' lang='lat' dir='ltr'>VERSUS</span> <span class='ocrx_word' id='word_1_144' title='bbox 1187 1372 1218 1404; x_wconf 87' lang='lat'><strong>3.</strong></span> 
     </span>
    </p>
   </div>
   <div class='ocr_carea' id='block_1_7' title="bbox 378 1435 1859 1519">
    <p class='ocr_par' dir='ltr' id='par_1_7' title="bbox 378 1435 1859 1519">
     <span class='ocr_line' id='line_1_18' title="bbox 458 1435 1859 1488; baseline 0.001 -14"><span class='ocrx_word' id='word_1_145' title='bbox 458 1435 587 1488; x_wconf 78' lang='grc'><strong>784.</strong></span> <span class='ocrx_word' id='word_1_146' title='bbox 625 1448 684 1474; x_wconf 77' lang='lat' dir='ltr'><strong>“ft</strong></span> <span class='ocrx_word' id='word_1_147' title='bbox 697 1449 756 1474; x_wconf 77' lang='grc' dir='ltr'><em>ω’άι·</em></span> <span class='ocrx_word' id='word_1_148' title='bbox 767 1456 852 1474; x_wconf 84' lang='lat' dir='ltr'><strong>unum</strong></span> <span class='ocrx_word' id='word_1_149' title='bbox 866 1449 991 1480; x_wconf 77' lang='lat' dir='ltr'><strong>cam‘tum</strong></span> <span class='ocrx_word' id='word_1_150' title='bbox 1005 1449 1069 1480; x_wconf 71' lang='lat' dir='ltr'><strong>ejus</strong></span> <span class='ocrx_word' id='word_1_151' title='bbox 1084 1448 1160 1475; x_wconf 66' lang='lat' dir='ltr'><strong>eleut</strong></span> <span class='ocrx_word' id='word_1_152' title='bbox 1173 1449 1333 1475; x_wconf 73' lang='lat' dir='ltr'><strong>sauciatum</strong></span> <span class='ocrx_word' id='word_1_153' title='bbox 1348 1449 1377 1474; x_wconf 85' lang='lat' dir='ltr'><strong>1&#39;n</strong></span> <span class='ocrx_word' id='word_1_154' title='bbox 1393 1450 1520 1480; x_wconf 75' lang='lat' dir='ltr'><strong>mortem,</strong></span> <span class='ocrx_word' id='word_1_155' title='bbox 1535 1450 1566 1475; x_wconf 75' lang='lat' dir='ltr'><strong>et</strong></span> <span class='ocrx_word' id='word_1_156' title='bbox 1578 1449 1665 1482; x_wconf 74' lang='lat' dir='ltr'><strong>playa</strong></span> <span class='ocrx_word' id='word_1_157' title='bbox 1679 1449 1782 1478; x_wconf 72' lang='lat' dir='ltr'><strong>mortle</strong></span> <span class='ocrx_word' id='word_1_158' title='bbox 1794 1448 1859 1482; x_wconf 72' lang='lat' dir='ltr'><strong>elue</strong></span> 
     </span>
     <span class='ocr_line' id='line_1_19' title="bbox 378 1487 1264 1519; baseline -0.001 -5"><span class='ocrx_word' id='word_1_159' title='bbox 378 1490 484 1515; x_wconf 76' lang='lat' dir='ltr'><strong>sanata</strong></span> <span class='ocrx_word' id='word_1_160' title='bbox 499 1491 564 1519; x_wconf 77' lang='lat' dir='ltr'><strong>est,-</strong></span> <span class='ocrx_word' id='word_1_161' title='bbox 584 1490 614 1514; x_wconf 84' lang='lat' dir='ltr'><strong>et</strong></span> <span class='ocrx_word' id='word_1_162' title='bbox 628 1488 774 1514; x_wconf 70' lang='lat' dir='ltr'><strong>admirata</strong></span> <span class='ocrx_word' id='word_1_163' title='bbox 789 1490 836 1514; x_wconf 77' lang='lat' dir='ltr'><strong>est</strong></span> <span class='ocrx_word' id='word_1_164' title='bbox 851 1489 913 1514; x_wconf 80' lang='lat' dir='ltr'><strong>tota</strong></span> <span class='ocrx_word' id='word_1_165' title='bbox 930 1489 1011 1514; x_wconf 78' lang='lat' dir='ltr'><strong>terra</strong></span> <span class='ocrx_word' id='word_1_166' title='bbox 1025 1489 1094 1519; x_wconf 78' lang='lat' dir='ltr'><strong>post</strong></span> <span class='ocrx_word' id='word_1_167' title='bbox 1109 1487 1264 1514; x_wconf 76' lang='lat' dir='ltr'><strong>bestiam.&#39;&#39;</strong></span> 
     </span>
    </p>
   </div>
   <div class='ocr_carea' id='block_1_8' title="bbox 422 1556 1861 1868">
    <p class='ocr_par' dir='ltr' id='par_1_8' title="bbox 422 1556 1861 1868">
     <span class='ocr_line' id='line_1_20' title="bbox 422 1556 1860 1605; baseline 0.001 -11"><span class='ocrx_word' id='word_1_168' title='bbox 422 1571 453 1604; x_wconf 84' lang='lat'><strong>3.</strong></span> <span class='ocrx_word' id='word_1_169' title='bbox 488 1562 549 1596; x_wconf 71' lang='lat' dir='ltr'><strong>“ft</strong></span> <span class='ocrx_word' id='word_1_170' title='bbox 567 1561 635 1596; x_wconf 78' lang='lat' dir='ltr'><strong>vidi</strong></span> <span class='ocrx_word' id='word_1_171' title='bbox 649 1572 749 1596; x_wconf 81' lang='lat' dir='ltr'><strong>unum</strong></span> <span class='ocrx_word' id='word_1_172' title='bbox 767 1562 914 1605; x_wconf 78' lang='lat' dir='ltr'><strong>capitum</strong></span> <span class='ocrx_word' id='word_1_173' title='bbox 931 1562 1006 1605; x_wconf 76' lang='lat' dir='ltr'><strong>ejus</strong></span> <span class='ocrx_word' id='word_1_174' title='bbox 1021 1561 1114 1596; x_wconf 71' lang='lat' dir='ltr'><strong>sicut</strong></span> <span class='ocrx_word' id='word_1_175' title='bbox 1127 1562 1318 1598; x_wconf 75' lang='lat' dir='ltr'><strong>sauciatum</strong></span> <span class='ocrx_word' id='word_1_176' title='bbox 1334 1562 1368 1595; x_wconf 78' lang='lat' dir='ltr'><strong>in</strong></span> <span class='ocrx_word' id='word_1_177' title='bbox 1385 1563 1554 1602; x_wconf 75' lang='lat' dir='ltr'><strong>mortem,&#39;&#39;</strong></span> <span class='ocrx_word' id='word_1_178' title='bbox 1568 1562 1727 1605; x_wconf 82' lang='lat' dir='ltr'><strong>significat</strong></span> <span class='ocrx_word' id='word_1_179' title='bbox 1740 1556 1860 1597; x_wconf 59' lang='grc' dir='ltr'><strong>ἐπὶ-ἰον-</strong></span> 
     </span>
     <span class='ocr_line' id='line_1_21' title="bbox 552 1607 1861 1651; baseline 0.002 -14"><span class='ocrx_word' id='word_1_180' title='bbox 552 1607 705 1638; x_wconf 75' lang='lat' dir='ltr'><strong>dantium</strong></span> <span class='ocrx_word' id='word_1_181' title='bbox 721 1607 961 1638; x_wconf 73' lang='lat' dir='ltr'><strong>doc‘lrinalium</strong></span> <span class='ocrx_word' id='word_1_182' title='bbox 977 1617 1089 1637; x_wconf 86' lang='lat' dir='ltr'><strong>eorum</strong></span> <span class='ocrx_word' id='word_1_183' title='bbox 1106 1617 1180 1638; x_wconf 87' lang='lat' dir='ltr'><strong>cum</strong></span> <span class='ocrx_word' id='word_1_184' title='bbox 1202 1607 1310 1645; x_wconf 86' lang='lat' dir='ltr'><em>Verbo,</em></span> <span class='ocrx_word' id='word_1_185' title='bbox 1328 1608 1387 1638; x_wconf 75' lang='lat' dir='ltr'><strong>ubi</strong></span> <span class='ocrx_word' id='word_1_186' title='bbox 1401 1612 1420 1625; x_wconf 82' lang='lat'><strong>‘⁶</strong></span> <span class='ocrx_word' id='word_1_187' title='bbox 1433 1607 1559 1646; x_wconf 79' lang='lat' dir='ltr'><em>amor,&#39;&#39;</em></span> <span class='ocrx_word' id='word_1_188' title='bbox 1574 1607 1707 1639; x_wconf 74' lang='lat' dir='ltr'><em>“vita”</em></span> <span class='ocrx_word' id='word_1_189' title='bbox 1719 1612 1753 1639; x_wconf 87' lang='lat' dir='ltr'><strong>et</strong></span> <span class='ocrx_word' id='word_1_190' title='bbox 1769 1612 1861 1651; x_wconf 78' lang='lat' dir='ltr'><strong>“ope-</strong></span> 
     </span>
     <span class='ocr_line' id='line_1_22' title="bbox 554 1651 1860 1695; baseline 0.002 -14"><span class='ocrx_word' id='word_1_191' title='bbox 554 1662 595 1682; x_wconf 82' lang='lat' dir='ltr'><strong>ra</strong></span> <span class='ocrx_word' id='word_1_192' title='bbox 604 1651 624 1666; x_wconf 84' lang='lat'><strong>’²</strong></span> <span class='ocrx_word' id='word_1_193' title='bbox 642 1651 731 1682; x_wconf 84' lang='lat' dir='ltr'><em>toties</em></span> <span class='ocrx_word' id='word_1_194' title='bbox 746 1651 917 1688; x_wconf 82' lang='lat' dir='ltr'><em>dicuntur,</em></span> <span class='ocrx_word' id='word_1_195' title='bbox 930 1661 1014 1692; x_wconf 84' lang='lat' dir='ltr'><em>quae</em></span> <span class='ocrx_word' id='word_1_196' title='bbox 1029 1661 1102 1681; x_wconf 87' lang='lat' dir='ltr'><strong>cum</strong></span> <span class='ocrx_word' id='word_1_197' title='bbox 1119 1651 1175 1681; x_wconf 82' lang='lat' dir='ltr'><em>illo</em></span> <span class='ocrx_word' id='word_1_198' title='bbox 1191 1651 1337 1692; x_wconf 55' lang='lat' dir='ltr'><strong>religioso</strong></span> <span class='ocrx_word' id='word_1_199' title='bbox 1354 1656 1494 1692; x_wconf 76' lang='lat' dir='ltr'><strong>prorsus</strong></span> <span class='ocrx_word' id='word_1_200' title='bbox 1508 1662 1575 1682; x_wconf 88' lang='lat' dir='ltr'><strong>non</strong></span> <span class='ocrx_word' id='word_1_201' title='bbox 1591 1652 1792 1683; x_wconf 83' lang='lat' dir='ltr'><em>concordant</em></span> <span class='ocrx_word' id='word_1_202' title='bbox 1807 1653 1860 1695; x_wconf 86' lang='lat' dir='ltr'><strong>[n.</strong></span> 
     </span>
     <span class='ocr_line' id='line_1_23' title="bbox 554 1693 1859 1738; baseline 0.001 -13"><span class='ocrx_word' id='word_1_203' title='bbox 554 1694 635 1736; x_wconf 86' lang='lat'>785]</span> <span class='ocrx_word' id='word_1_204' title='bbox 650 1706 658 1732; x_wconf 89' lang='lat'>;</span> <span class='ocrx_word' id='word_1_205' title='bbox 685 1696 742 1727; x_wconf 75' lang='lat' dir='ltr'><strong>“et</strong></span> <span class='ocrx_word' id='word_1_206' title='bbox 753 1694 856 1737; x_wconf 71' lang='lat' dir='ltr'><strong>playa</strong></span> <span class='ocrx_word' id='word_1_207' title='bbox 869 1693 989 1727; x_wconf 77' lang='lat' dir='ltr'><strong>moe-tis</strong></span> <span class='ocrx_word' id='word_1_208' title='bbox 1002 1694 1078 1737; x_wconf 80' lang='lat' dir='ltr'><strong>esus</strong></span> <span class='ocrx_word' id='word_1_209' title='bbox 1090 1696 1214 1727; x_wconf 75' lang='lat' dir='ltr'><strong>sanata</strong></span> <span class='ocrx_word' id='word_1_210' title='bbox 1227 1695 1308 1732; x_wconf 53' lang='lat' dir='ltr'><strong>est!</strong></span> <span class='ocrx_word' id='word_1_211' title='bbox 1320 1694 1478 1735; x_wconf 81' lang='lat' dir='ltr'><strong>significat</strong></span> <span class='ocrx_word' id='word_1_212' title='bbox 1489 1695 1748 1727; x_wconf 85' lang='lat' dir='ltr'><em>discordantiam</em></span> <span class='ocrx_word' id='word_1_213' title='bbox 1761 1700 1859 1738; x_wconf 79' lang='lat' dir='ltr'><strong>appa-</strong></span> 
     </span>
     <span class='ocr_line' id='line_1_24' title="bbox 553 1738 1858 1783; baseline 0.002 -14"><span class='ocrx_word' id='word_1_214' title='bbox 553 1743 664 1769; x_wconf 82' lang='lat' dir='ltr'><strong>renter</strong></span> <span class='ocrx_word' id='word_1_215' title='bbox 674 1743 870 1769; x_wconf 75' lang='lat' dir='ltr'><em>summotum</em></span> <span class='ocrx_word' id='word_1_216' title='bbox 875 1743 941 1780; x_wconf 81' lang='lat' dir='ltr'><strong>per</strong></span> <span class='ocrx_word' id='word_1_217' title='bbox 952 1738 1106 1769; x_wconf 82' lang='lat' dir='ltr'><strong>inventas</strong></span> <span class='ocrx_word' id='word_1_218' title='bbox 1118 1739 1364 1780; x_wconf 64' lang='lat' dir='ltr'><strong>conjundliones</strong></span> <span class='ocrx_word' id='word_1_219' title='bbox 1377 1744 1507 1779; x_wconf 70' lang='lat' dir='ltr'><strong>operum</strong></span> <span class='ocrx_word' id='word_1_220' title='bbox 1520 1750 1594 1770; x_wconf 78' lang='lat' dir='ltr'><strong>cum</strong></span> <span class='ocrx_word' id='word_1_221' title='bbox 1594 1739 1670 1781; x_wconf 89' lang='lat' dir='ltr'><strong>fide</strong></span> <span class='ocrx_word' id='word_1_222' title='bbox 1687 1739 1738 1783; x_wconf 92' lang='lat' dir='ltr'><strong>[n.</strong></span> <span class='ocrx_word' id='word_1_223' title='bbox 1753 1739 1834 1782; x_wconf 75' lang='lat'><strong>786]</strong></span> <span class='ocrx_word' id='word_1_224' title='bbox 1848 1750 1858 1778; x_wconf 90' lang='lat'>;</span> 
     </span>
     <span class='ocr_line' id='line_1_25' title="bbox 555 1781 1860 1824; baseline 0 -10"><span class='ocrx_word' id='word_1_225' title='bbox 555 1784 612 1815; x_wconf 79' lang='lat' dir='ltr'><strong>“et</strong></span> <span class='ocrx_word' id='word_1_226' title='bbox 625 1781 794 1814; x_wconf 74' lang='lat' dir='ltr'><strong>admirata</strong></span> <span class='ocrx_word' id='word_1_227' title='bbox 811 1784 868 1815; x_wconf 75' lang='lat' dir='ltr'><strong>est</strong></span> <span class='ocrx_word' id='word_1_228' title='bbox 889 1784 959 1814; x_wconf 76' lang='lat' dir='ltr'><strong>tota</strong></span> <span class='ocrx_word' id='word_1_229' title='bbox 983 1784 1076 1814; x_wconf 77' lang='lat' dir='ltr'><strong>terra</strong></span> <span class='ocrx_word' id='word_1_230' title='bbox 1096 1784 1177 1824; x_wconf 75' lang='lat' dir='ltr'><strong>post</strong></span> <span class='ocrx_word' id='word_1_231' title='bbox 1196 1781 1366 1819; x_wconf 51' lang='lat' dir='ltr'><strong>bestiam?</strong></span> <span class='ocrx_word' id='word_1_232' title='bbox 1382 1782 1541 1823; x_wconf 87' lang='lat' dir='ltr'><strong>significat</strong></span> <span class='ocrx_word' id='word_1_233' title='bbox 1555 1783 1803 1824; x_wconf 71' lang='lat' dir='ltr'><strong>accepmtionem</strong></span> <span class='ocrx_word' id='word_1_234' title='bbox 1819 1783 1860 1814; x_wconf 83' lang='lat' dir='ltr'><strong>ab</strong></span> 
     </span>
     <span class='ocr_line' id='line_1_26' title="bbox 553 1826 1861 1868; baseline 0.002 -11"><span class='ocrx_word' id='word_1_235' title='bbox 553 1826 789 1857; x_wconf 76' lang='lat' dir='ltr'><em>eruditioribus</em></span> <span class='ocrx_word' id='word_1_236' title='bbox 811 1826 849 1857; x_wconf 85' lang='lat' dir='ltr'><strong>in</strong></span> <span class='ocrx_word' id='word_1_237' title='bbox 871 1826 1010 1864; x_wconf 80' lang='lat' dir='ltr'><em>ecclesia,</em></span> <span class='ocrx_word' id='word_1_238' title='bbox 1026 1830 1057 1857; x_wconf 81' lang='lat' dir='ltr'><strong>et</strong></span> <span class='ocrx_word' id='word_1_239' title='bbox 1078 1827 1286 1867; x_wconf 85' lang='lat' dir='ltr'><em>receptionem</em></span> <span class='ocrx_word' id='word_1_240' title='bbox 1310 1837 1326 1857; x_wconf 86' lang='lat' dir='ltr'><strong>e</strong></span> <span class='ocrx_word' id='word_1_241' title='bbox 1348 1827 1527 1868; x_wconf 82' lang='lat' dir='ltr'><em>longinquo</em></span> <span class='ocrx_word' id='word_1_242' title='bbox 1549 1837 1571 1858; x_wconf 90' lang='lat' dir='ltr'><em>a</em></span> <span class='ocrx_word' id='word_1_243' title='bbox 1594 1827 1707 1859; x_wconf 85' lang='lat' dir='ltr'><strong>minus</strong></span> <span class='ocrx_word' id='word_1_244' title='bbox 1721 1827 1861 1860; x_wconf 75' lang='lat' dir='ltr'><strong>eruditis</strong></span> 
     </span>
    </p>
   </div>
   <div class='ocr_carea' id='block_1_9' title="bbox 557 1869 724 1913">
    <p class='ocr_par' dir='ltr' id='par_1_9' title="bbox 557 1869 724 1913">
     <span class='ocr_line' id='line_1_27' title="bbox 557 1869 724 1913; baseline 0.006 -13"><span class='ocrx_word' id='word_1_245' title='bbox 557 1870 609 1913; x_wconf 82' lang='lat' dir='ltr'><strong>[n.</strong></span> <span class='ocrx_word' id='word_1_246' title='bbox 629 1869 724 1912; x_wconf 84' lang='lat'><em>787].</em></span> 
     </span>
    </p>
   </div>
   <div class='ocr_carea' id='block_1_10' title="bbox 375 1964 1879 2943">
    <p class='ocr_par' dir='ltr' id='par_1_10' title="bbox 375 1964 1879 2943">
     <span class='ocr_line' id='line_1_28' title="bbox 455 1964 1857 2018; baseline 0 -12"><span class='ocrx_word' id='word_1_247' title='bbox 455 1965 564 2018; x_wconf 86' lang='grc'><strong>785</strong></span> <span class='ocrx_word' id='word_1_248' title='bbox 572 1964 665 2017; x_wconf 78' lang='lat' dir='ltr'><em>[a].</em></span> <span class='ocrx_word' id='word_1_249' title='bbox 701 1975 806 2012; x_wconf 73' lang='lat' dir='ltr'><em>[Vm.</em></span> <span class='ocrx_word' id='word_1_250' title='bbox 822 1975 865 2013; x_wconf 85' lang='lat'><strong>3.]</strong></span> <span class='ocrx_word' id='word_1_251' title='bbox 888 1965 966 2004; x_wconf 72' lang='lat' dir='ltr'><strong>“ft</strong></span> <span class='ocrx_word' id='word_1_252' title='bbox 985 1965 1060 2004; x_wconf 78' lang='lat' dir='ltr'><strong>vidi</strong></span> <span class='ocrx_word' id='word_1_253' title='bbox 1072 1978 1189 2004; x_wconf 83' lang='lat' dir='ltr'><strong>unum</strong></span> <span class='ocrx_word' id='word_1_254' title='bbox 1210 1964 1381 2017; x_wconf 73' lang='lat' dir='ltr'><strong>capitum</strong></span> <span class='ocrx_word' id='word_1_255' title='bbox 1397 1965 1484 2017; x_wconf 78' lang='lat' dir='ltr'><strong>ejus</strong></span> <span class='ocrx_word' id='word_1_256' title='bbox 1502 1965 1613 2005; x_wconf 71' lang='lat' dir='ltr'><strong>sicut</strong></span> <span class='ocrx_word' id='word_1_257' title='bbox 1628 1965 1857 2006; x_wconf 75' lang='lat' dir='ltr'><strong>sauciatum</strong></span> 
     </span>
     <span class='ocr_line' id='line_1_29' title="bbox 376 2026 1859 2086; baseline 0.001 -20"><span class='ocrx_word' id='word_1_258' title='bbox 376 2026 416 2066; x_wconf 84' lang='lat' dir='ltr'><strong>in</strong></span> <span class='ocrx_word' id='word_1_259' title='bbox 448 2026 849 2086; x_wconf 54' lang='lat' dir='ltr'><strong>mentemst—Quod</strong></span> <span class='ocrx_word' id='word_1_260' title='bbox 886 2026 1108 2079; x_wconf 82' lang='lat' dir='ltr'><strong>significet</strong></span> <span class='ocrx_word' id='word_1_261' title='bbox 1148 2027 1501 2067; x_wconf 77' lang='lat' dir='ltr'><em>discordantiam</em></span> <span class='ocrx_word' id='word_1_262' title='bbox 1542 2027 1859 2068; x_wconf 72' lang='lat' dir='ltr'><strong>doc‘lrinalium</strong></span> 
     </span>
     <span class='ocr_line' id='line_1_30' title="bbox 375 2088 1858 2141; baseline 0.002 -13"><span class='ocrx_word' id='word_1_263' title='bbox 375 2103 523 2129; x_wconf 81' lang='lat' dir='ltr'><em>eorum</em></span> <span class='ocrx_word' id='word_1_264' title='bbox 564 2103 657 2128; x_wconf 77' lang='lat' dir='ltr'><strong>cum</strong></span> <span class='ocrx_word' id='word_1_265' title='bbox 698 2089 847 2137; x_wconf 81' lang='lat' dir='ltr'><strong>Verbo,</strong></span> <span class='ocrx_word' id='word_1_266' title='bbox 880 2089 956 2128; x_wconf 82' lang='lat' dir='ltr'><strong>ubi</strong></span> <span class='ocrx_word' id='word_1_267' title='bbox 991 2088 1190 2137; x_wconf 58' lang='lat' dir='ltr'><strong>“amon”</strong></span> <span class='ocrx_word' id='word_1_268' title='bbox 1224 2088 1390 2128; x_wconf 84' lang='lat' dir='ltr'><em>“vita”</em></span> <span class='ocrx_word' id='word_1_269' title='bbox 1406 2095 1448 2128; x_wconf 83' lang='lat' dir='ltr'><strong>et</strong></span> <span class='ocrx_word' id='word_1_270' title='bbox 1488 2092 1513 2109; x_wconf 90' lang='lat'><em>“</em></span> <span class='ocrx_word' id='word_1_271' title='bbox 1527 2088 1692 2141; x_wconf 80' lang='lat' dir='ltr'><strong>opera&#39;&#39;</strong></span> <span class='ocrx_word' id='word_1_272' title='bbox 1729 2090 1858 2131; x_wconf 84' lang='lat' dir='ltr'><em>toties</em></span> 
     </span>
     <span class='ocr_line' id='line_1_31' title="bbox 377 2151 1856 2203; baseline 0.001 -12"><span class='ocrx_word' id='word_1_273' title='bbox 377 2152 597 2200; x_wconf 85' lang='lat' dir='ltr'><em>dicuntur,</em></span> <span class='ocrx_word' id='word_1_274' title='bbox 635 2165 745 2203; x_wconf 83' lang='lat' dir='ltr'><strong>quae</strong></span> <span class='ocrx_word' id='word_1_275' title='bbox 777 2165 871 2191; x_wconf 79' lang='lat' dir='ltr'><strong>cum</strong></span> <span class='ocrx_word' id='word_1_276' title='bbox 909 2151 986 2191; x_wconf 85' lang='lat' dir='ltr'><em>illo</em></span> <span class='ocrx_word' id='word_1_277' title='bbox 1014 2151 1224 2203; x_wconf 72' lang='lat' dir='ltr'><strong>relz’gy&#39;oso</strong></span> <span class='ocrx_word' id='word_1_278' title='bbox 1246 2157 1442 2203; x_wconf 77' lang='lat' dir='ltr'><strong>prorsus</strong></span> <span class='ocrx_word' id='word_1_279' title='bbox 1473 2151 1856 2200; x_wconf 76' lang='lat' dir='ltr'><strong>non,c0nc0rdant,</strong></span> 
     </span>
     <span class='ocr_line' id='line_1_32' title="bbox 377 2212 1858 2266; baseline 0 -12"><span class='ocrx_word' id='word_1_280' title='bbox 377 2219 558 2254; x_wconf 87' lang='lat' dir='ltr'><strong>constat</strong></span> <span class='ocrx_word' id='word_1_281' title='bbox 582 2227 640 2252; x_wconf 83' lang='lat' dir='ltr'><strong>ex</strong></span> <span class='ocrx_word' id='word_1_282' title='bbox 663 2212 996 2264; x_wconf 81' lang='lat' dir='ltr'><strong>significatione</strong></span> <span class='ocrx_word' id='word_1_283' title='bbox 1021 2212 1291 2265; x_wconf 85' lang='lat' dir='ltr'><strong>“capitum”</strong></span> <span class='ocrx_word' id='word_1_284' title='bbox 1308 2212 1425 2251; x_wconf 84' lang='lat' dir='ltr'><strong>illius</strong></span> <span class='ocrx_word' id='word_1_285' title='bbox 1447 2212 1635 2260; x_wconf 86' lang='lat' dir='ltr'><strong>bestiae,</strong></span> <span class='ocrx_word' id='word_1_286' title='bbox 1659 2213 1779 2266; x_wconf 91' lang='lat' dir='ltr'><strong>quod</strong></span> <span class='ocrx_word' id='word_1_287' title='bbox 1800 2214 1858 2254; x_wconf 88' lang='lat' dir='ltr'><strong>sit</strong></span> 
     </span>
     <span class='ocr_line' id='line_1_33' title="bbox 377 2274 1859 2327; baseline 0 -12"><span class='ocrx_word' id='word_1_288' title='bbox 377 2276 569 2316; x_wconf 82' lang='lat' dir='ltr'><strong>scientia</strong></span> <span class='ocrx_word' id='word_1_289' title='bbox 587 2274 848 2315; x_wconf 52' lang='lat' dir='ltr'><strong>sannorum</strong></span> <span class='ocrx_word' id='word_1_290' title='bbox 865 2274 1020 2322; x_wconf 87' lang='lat' dir='ltr'><strong>Verbi,</strong></span> <span class='ocrx_word' id='word_1_291' title='bbox 1039 2288 1153 2327; x_wconf 85' lang='lat' dir='ltr'><strong>quae</strong></span> <span class='ocrx_word' id='word_1_292' title='bbox 1170 2274 1465 2314; x_wconf 84' lang='lat' dir='ltr'><strong>falsificantur</strong></span> <span class='ocrx_word' id='word_1_293' title='bbox 1482 2280 1527 2314; x_wconf 89' lang='lat' dir='ltr'><strong>et</strong></span> <span class='ocrx_word' id='word_1_294' title='bbox 1545 2274 1859 2315; x_wconf 86' lang='lat' dir='ltr'><strong>adulterantur</strong></span> 
     </span>
     <span class='ocr_line' id='line_1_34' title="bbox 378 2335 1857 2389; baseline 0.001 -13"><span class='ocrx_word' id='word_1_295' title='bbox 378 2349 433 2385; x_wconf 82' lang='lat' dir='ltr'><strong>(de</strong></span> <span class='ocrx_word' id='word_1_296' title='bbox 443 2357 618 2385; x_wconf 84' lang='lat' dir='ltr'><strong>quasupra,</strong></span> <span class='ocrx_word' id='word_1_297' title='bbox 630 2357 659 2376; x_wconf 91' lang='lat' dir='ltr'><strong>n.</strong></span> <span class='ocrx_word' id='word_1_298' title='bbox 672 2346 768 2388; x_wconf 84' lang='lat'>775)</span> <span class='ocrx_word' id='word_1_299' title='bbox 787 2350 795 2376; x_wconf 89' lang='lat'>:</span> <span class='ocrx_word' id='word_1_300' title='bbox 823 2350 902 2389; x_wconf 87' lang='lat' dir='ltr'><strong>per</strong></span> <span class='ocrx_word' id='word_1_301' title='bbox 916 2340 940 2356; x_wconf 81' lang='lat'><strong>‘⁶</strong></span> <span class='ocrx_word' id='word_1_302' title='bbox 954 2342 1090 2388; x_wconf 89' lang='lat' dir='ltr'><strong>caput</strong></span> <span class='ocrx_word' id='word_1_303' title='bbox 1103 2336 1178 2375; x_wconf 87' lang='lat' dir='ltr'><strong>”in</strong></span> <span class='ocrx_word' id='word_1_304' title='bbox 1193 2335 1364 2383; x_wconf 91' lang='lat' dir='ltr'><strong>Verbo,</strong></span> <span class='ocrx_word' id='word_1_305' title='bbox 1381 2336 1454 2375; x_wconf 90' lang='lat' dir='ltr'><strong>ubi</strong></span> <span class='ocrx_word' id='word_1_306' title='bbox 1472 2336 1620 2388; x_wconf 86' lang='lat' dir='ltr'><strong>agitur</strong></span> <span class='ocrx_word' id='word_1_307' title='bbox 1634 2336 1690 2376; x_wconf 92' lang='lat' dir='ltr'><strong>de</strong></span> <span class='ocrx_word' id='word_1_308' title='bbox 1708 2337 1857 2378; x_wconf 90' lang='lat' dir='ltr'><strong>eccle-</strong></span> 
     </span>
     <span class='ocr_line' id='line_1_35' title="bbox 379 2397 1858 2451; baseline 0 -12"><span class='ocrx_word' id='word_1_309' title='bbox 379 2401 444 2440; x_wconf 81' lang='lat' dir='ltr'><strong>sia</strong></span> <span class='ocrx_word' id='word_1_310' title='bbox 465 2406 510 2440; x_wconf 90' lang='lat' dir='ltr'><strong>et</strong></span> <span class='ocrx_word' id='word_1_311' title='bbox 533 2400 589 2439; x_wconf 92' lang='lat' dir='ltr'><strong>de</strong></span> <span class='ocrx_word' id='word_1_312' title='bbox 615 2399 701 2439; x_wconf 81' lang='lat' dir='ltr'><strong>illis</strong></span> <span class='ocrx_word' id='word_1_313' title='bbox 723 2399 796 2451; x_wconf 90' lang='lat' dir='ltr'><strong>qui</strong></span> <span class='ocrx_word' id='word_1_314' title='bbox 817 2398 874 2438; x_wconf 87' lang='lat' dir='ltr'><strong>ab</strong></span> <span class='ocrx_word' id='word_1_315' title='bbox 896 2398 1089 2438; x_wconf 86' lang='lat' dir='ltr'><strong>ecclesia</strong></span> <span class='ocrx_word' id='word_1_316' title='bbox 1110 2404 1230 2445; x_wconf 84' lang='lat' dir='ltr'><strong>sunt,</strong></span> <span class='ocrx_word' id='word_1_317' title='bbox 1253 2397 1530 2450; x_wconf 82' lang='lat' dir='ltr'><strong>significatur</strong></span> <span class='ocrx_word' id='word_1_318' title='bbox 1551 2398 1858 2451; x_wconf 80' lang='lat' dir='ltr'><strong>intelligentia</strong></span> 
     </span>
     <span class='ocr_line' id='line_1_36' title="bbox 376 2459 1857 2514; baseline -0.001 -12"><span class='ocrx_word' id='word_1_319' title='bbox 376 2468 422 2502; x_wconf 89' lang='lat' dir='ltr'><strong>et</strong></span> <span class='ocrx_word' id='word_1_320' title='bbox 445 2462 682 2514; x_wconf 78' lang='lat' dir='ltr'><strong>sapientia,</strong></span> <span class='ocrx_word' id='word_1_321' title='bbox 700 2462 802 2500; x_wconf 88' lang='lat' dir='ltr'><strong>etin</strong></span> <span class='ocrx_word' id='word_1_322' title='bbox 825 2474 958 2500; x_wconf 80' lang='lat' dir='ltr'><strong>sensu</strong></span> <span class='ocrx_word' id='word_1_323' title='bbox 981 2460 1223 2500; x_wconf 85' lang='lat' dir='ltr'><strong>universali</strong></span> <span class='ocrx_word' id='word_1_324' title='bbox 1245 2459 1504 2500; x_wconf 62' lang='lat' dir='ltr'><strong>intelleetus</strong></span> <span class='ocrx_word' id='word_1_325' title='bbox 1521 2461 1614 2500; x_wconf 90' lang='lat' dir='ltr'><strong>veri</strong></span> <span class='ocrx_word' id='word_1_326' title='bbox 1631 2466 1678 2500; x_wconf 91' lang='lat' dir='ltr'><strong>et</strong></span> <span class='ocrx_word' id='word_1_327' title='bbox 1695 2461 1857 2501; x_wconf 87' lang='lat' dir='ltr'><strong>volun-</strong></span> 
     </span>
     <span class='ocr_line' id='line_1_37' title="bbox 377 2518 1857 2572; baseline 0 -12"><span class='ocrx_word' id='word_1_328' title='bbox 377 2528 448 2560; x_wconf 86' lang='lat' dir='ltr'><strong>tas</strong></span> <span class='ocrx_word' id='word_1_329' title='bbox 470 2521 576 2560; x_wconf 91' lang='lat' dir='ltr'><strong>boni</strong></span> <span class='ocrx_word' id='word_1_330' title='bbox 595 2535 603 2570; x_wconf 90' lang='lat'>;</span> <span class='ocrx_word' id='word_1_331' title='bbox 635 2526 682 2560; x_wconf 90' lang='lat' dir='ltr'><strong>at</strong></span> <span class='ocrx_word' id='word_1_332' title='bbox 700 2520 802 2572; x_wconf 88' lang='lat' dir='ltr'><strong>quia</strong></span> <span class='ocrx_word' id='word_1_333' title='bbox 824 2519 894 2559; x_wconf 90' lang='lat' dir='ltr'><strong>hic</strong></span> <span class='ocrx_word' id='word_1_334' title='bbox 918 2520 1068 2571; x_wconf 81' lang='lat' dir='ltr'><strong>agitur</strong></span> <span class='ocrx_word' id='word_1_335' title='bbox 1084 2519 1140 2559; x_wconf 91' lang='lat' dir='ltr'><strong>de</strong></span> <span class='ocrx_word' id='word_1_336' title='bbox 1161 2519 1249 2558; x_wconf 85' lang='lat' dir='ltr'><strong>illis</strong></span> <span class='ocrx_word' id='word_1_337' title='bbox 1271 2520 1344 2571; x_wconf 87' lang='lat' dir='ltr'><strong>qui</strong></span> <span class='ocrx_word' id='word_1_338' title='bbox 1367 2532 1456 2558; x_wconf 87' lang='lat' dir='ltr'><strong>non</strong></span> <span class='ocrx_word' id='word_1_339' title='bbox 1474 2518 1634 2559; x_wconf 90' lang='lat' dir='ltr'><strong>volunt</strong></span> <span class='ocrx_word' id='word_1_340' title='bbox 1652 2525 1700 2559; x_wconf 92' lang='lat' dir='ltr'><strong>ut</strong></span> <span class='ocrx_word' id='word_1_341' title='bbox 1718 2519 1857 2560; x_wconf 91' lang='lat' dir='ltr'><strong>intel-</strong></span> 
     </span>
     <span class='ocr_line' id='line_1_38' title="bbox 378 2580 1857 2634; baseline 0 -12"><span class='ocrx_word' id='word_1_342' title='bbox 378 2582 521 2623; x_wconf 65' lang='lat' dir='ltr'><strong>leEtus</strong></span> <span class='ocrx_word' id='word_1_343' title='bbox 539 2583 679 2622; x_wconf 83' lang='lat' dir='ltr'><strong>intret</strong></span> <span class='ocrx_word' id='word_1_344' title='bbox 700 2583 743 2621; x_wconf 92' lang='lat' dir='ltr'><strong>in</strong></span> <span class='ocrx_word' id='word_1_345' title='bbox 762 2582 978 2633; x_wconf 84' lang='lat' dir='ltr'><strong>mysteria</strong></span> <span class='ocrx_word' id='word_1_346' title='bbox 999 2580 1114 2628; x_wconf 90' lang='lat' dir='ltr'><strong>fidei,</strong></span> <span class='ocrx_word' id='word_1_347' title='bbox 1138 2581 1218 2621; x_wconf 87' lang='lat' dir='ltr'><strong>sed</strong></span> <span class='ocrx_word' id='word_1_348' title='bbox 1235 2581 1354 2634; x_wconf 91' lang='lat' dir='ltr'><strong>quod</strong></span> <span class='ocrx_word' id='word_1_349' title='bbox 1378 2580 1452 2620; x_wconf 89' lang='lat' dir='ltr'><strong>ille</strong></span> <span class='ocrx_word' id='word_1_350' title='bbox 1475 2581 1774 2633; x_wconf 86' lang='lat' dir='ltr'><strong>captivandus</strong></span> <span class='ocrx_word' id='word_1_351' title='bbox 1797 2581 1857 2622; x_wconf 90' lang='lat' dir='ltr'><strong>sit</strong></span> 
     </span>
     <span class='ocr_line' id='line_1_39' title="bbox 377 2643 1857 2696; baseline -0.001 -11"><span class='ocrx_word' id='word_1_352' title='bbox 377 2645 460 2685; x_wconf 78' lang='lat' dir='ltr'><strong>sub</strong></span> <span class='ocrx_word' id='word_1_353' title='bbox 473 2644 734 2684; x_wconf 83' lang='lat' dir='ltr'><strong>obedientia</strong></span> <span class='ocrx_word' id='word_1_354' title='bbox 747 2643 926 2683; x_wconf 89' lang='lat' dir='ltr'><strong>illorum</strong></span> <span class='ocrx_word' id='word_1_355' title='bbox 939 2644 1273 2695; x_wconf 85' lang='lat' dir='ltr'><strong>mysteriorum,</strong></span> <span class='ocrx_word' id='word_1_356' title='bbox 1288 2649 1333 2682; x_wconf 91' lang='lat' dir='ltr'><strong>et</strong></span> <span class='ocrx_word' id='word_1_357' title='bbox 1348 2643 1411 2682; x_wconf 90' lang='lat' dir='ltr'><strong>illi</strong></span> <span class='ocrx_word' id='word_1_358' title='bbox 1428 2649 1532 2683; x_wconf 83' lang='lat' dir='ltr'><strong>sunt</strong></span> <span class='ocrx_word' id='word_1_359' title='bbox 1544 2643 1617 2696; x_wconf 90' lang='lat' dir='ltr'><strong>qui</strong></span> <span class='ocrx_word' id='word_1_360' title='bbox 1632 2656 1711 2695; x_wconf 91' lang='lat' dir='ltr'><strong>per</strong></span> <span class='ocrx_word' id='word_1_361' title='bbox 1724 2643 1857 2683; x_wconf 86' lang='lat' dir='ltr'><strong>“dra-</strong></span> 
     </span>
     <span class='ocr_line' id='line_1_40' title="bbox 377 2703 1856 2758; baseline -0.001 -12"><span class='ocrx_word' id='word_1_362' title='bbox 377 2706 563 2746; x_wconf 89' lang='lat' dir='ltr'><strong>conem&#39;’</strong></span> <span class='ocrx_word' id='word_1_363' title='bbox 581 2711 626 2745; x_wconf 91' lang='lat' dir='ltr'><strong>et</strong></span> <span class='ocrx_word' id='word_1_364' title='bbox 645 2706 761 2745; x_wconf 84' lang='lat' dir='ltr'><strong>hanc</strong></span> <span class='ocrx_word' id='word_1_365' title='bbox 780 2705 873 2756; x_wconf 85' lang='lat' dir='ltr'><strong>ejus</strong></span> <span class='ocrx_word' id='word_1_366' title='bbox 890 2709 915 2725; x_wconf 87' lang='lat'><strong>“</strong></span> <span class='ocrx_word' id='word_1_367' title='bbox 929 2703 1144 2745; x_wconf 83' lang='lat' dir='ltr'><strong>bestiam&#39;’</strong></span> <span class='ocrx_word' id='word_1_368' title='bbox 1168 2705 1495 2752; x_wconf 85' lang='lat' dir='ltr'><strong>describuntur,</strong></span> <span class='ocrx_word' id='word_1_369' title='bbox 1516 2705 1716 2757; x_wconf 85' lang='lat' dir='ltr'><strong>sequitur</strong></span> <span class='ocrx_word' id='word_1_370' title='bbox 1737 2705 1856 2758; x_wconf 93' lang='lat' dir='ltr'><strong>quod</strong></span> 
     </span>
     <span class='ocr_line' id='line_1_41' title="bbox 377 2765 1857 2821; baseline -0.002 -13"><span class='ocrx_word' id='word_1_371' title='bbox 377 2781 456 2821; x_wconf 88' lang='lat' dir='ltr'><strong>per</strong></span> <span class='ocrx_word' id='word_1_372' title='bbox 488 2767 694 2819; x_wconf 87' lang='lat' dir='ltr'><strong>“caput&#39;&#39;</strong></span> <span class='ocrx_word' id='word_1_373' title='bbox 724 2766 851 2818; x_wconf 85' lang='lat' dir='ltr'><strong>hujus</strong></span> <span class='ocrx_word' id='word_1_374' title='bbox 881 2767 1055 2806; x_wconf 77' lang='lat' dir='ltr'><strong>bestiae</strong></span> <span class='ocrx_word' id='word_1_375' title='bbox 1085 2765 1360 2818; x_wconf 85' lang='lat' dir='ltr'><strong>significetur</strong></span> <span class='ocrx_word' id='word_1_376' title='bbox 1387 2767 1605 2817; x_wconf 81' lang='lat' dir='ltr'><strong>scientia3</strong></span> <span class='ocrx_word' id='word_1_377' title='bbox 1646 2779 1750 2806; x_wconf 86' lang='lat' dir='ltr'><strong>nam</strong></span> <span class='ocrx_word' id='word_1_378' title='bbox 1782 2765 1857 2806; x_wconf 89' lang='lat' dir='ltr'><strong>ubi</strong></span> 
     </span>
     <span class='ocr_line' id='line_1_42' title="bbox 377 2826 1879 2880; baseline -0.001 -11"><span class='ocrx_word' id='word_1_379' title='bbox 377 2829 638 2869; x_wconf 62' lang='lat' dir='ltr'><strong>intelleetus</strong></span> <span class='ocrx_word' id='word_1_380' title='bbox 674 2842 764 2868; x_wconf 89' lang='lat' dir='ltr'><strong>non</strong></span> <span class='ocrx_word' id='word_1_381' title='bbox 795 2829 934 2876; x_wconf 88' lang='lat' dir='ltr'><strong>videt,</strong></span> <span class='ocrx_word' id='word_1_382' title='bbox 966 2828 1026 2868; x_wconf 91' lang='lat' dir='ltr'><strong>ibi</strong></span> <span class='ocrx_word' id='word_1_383' title='bbox 1061 2841 1151 2868; x_wconf 90' lang='lat' dir='ltr'><strong>non</strong></span> <span class='ocrx_word' id='word_1_384' title='bbox 1182 2834 1252 2868; x_wconf 83' lang='lat' dir='ltr'><strong>est</strong></span> <span class='ocrx_word' id='word_1_385' title='bbox 1287 2826 1608 2880; x_wconf 84' lang='lat' dir='ltr'><strong>intelligentia,</strong></span> <span class='ocrx_word' id='word_1_386' title='bbox 1642 2827 1722 2868; x_wconf 90' lang='lat' dir='ltr'><strong>sed</strong></span> <span class='ocrx_word' id='word_1_387' title='bbox 1753 2827 1879 2868; x_wconf 88' lang='lat' dir='ltr'><strong>loco·</strong></span> 
     </span>
     <span class='ocr_line' id='line_1_43' title="bbox 377 2890 1853 2943; baseline -0.001 -12"><span class='ocrx_word' id='word_1_388' title='bbox 377 2892 470 2943; x_wconf 83' lang='lat' dir='ltr'><strong>ejus</strong></span> <span class='ocrx_word' id='word_1_389' title='bbox 496 2892 709 2941; x_wconf 84' lang='lat' dir='ltr'><strong>scientia;</strong></span> <span class='ocrx_word' id='word_1_390' title='bbox 746 2897 792 2930; x_wconf 89' lang='lat' dir='ltr'><strong>et</strong></span> <span class='ocrx_word' id='word_1_391' title='bbox 823 2897 1059 2943; x_wconf 87' lang='lat' dir='ltr'><strong>praeterea</strong></span> <span class='ocrx_word' id='word_1_392' title='bbox 1090 2891 1145 2930; x_wconf 90' lang='lat' dir='ltr'><strong>de</strong></span> <span class='ocrx_word' id='word_1_393' title='bbox 1175 2890 1263 2929; x_wconf 86' lang='lat' dir='ltr'><strong>illis</strong></span> <span class='ocrx_word' id='word_1_394' title='bbox 1293 2891 1366 2942; x_wconf 92' lang='lat' dir='ltr'><strong>qui</strong></span> <span class='ocrx_word' id='word_1_395' title='bbox 1396 2891 1438 2929; x_wconf 91' lang='lat' dir='ltr'><strong>in</strong></span> <span class='ocrx_word' id='word_1_396' title='bbox 1469 2890 1591 2930; x_wconf 84' lang='lat' dir='ltr'><strong>falsis</strong></span> <span class='ocrx_word' id='word_1_397' title='bbox 1616 2895 1735 2938; x_wconf 89' lang='lat' dir='ltr'><strong>sunt,</strong></span> <span class='ocrx_word' id='word_1_398' title='bbox 1762 2902 1853 2929; x_wconf 90' lang='lat' dir='ltr'><strong>non</strong></span> 
     </span>
    </p>
   </div>
   <div class='ocr_carea' id='block_1_11' title="bbox 377 2951 1853 3006">
    <p class='ocr_par' dir='ltr' id='par_1_11' title="bbox 377 2951 1853 3006">
     <span class='ocr_line' id='line_1_44' title="bbox 377 2951 1853 3006; baseline -0.002 -13"><span class='ocrx_word' id='word_1_399' title='bbox 377 2954 625 3006; x_wconf 83' lang='lat' dir='ltr'><strong>praedicari</strong></span> <span class='ocrx_word' id='word_1_400' title='bbox 650 2959 804 3006; x_wconf 84' lang='lat' dir='ltr'><strong>potest</strong></span> <span class='ocrx_word' id='word_1_401' title='bbox 829 2952 1148 3005; x_wconf 79' lang='lat' dir='ltr'><strong>intelligentia,</strong></span> <span class='ocrx_word' id='word_1_402' title='bbox 1181 2951 1260 2991; x_wconf 88' lang='lat' dir='ltr'><strong>sed</strong></span> <span class='ocrx_word' id='word_1_403' title='bbox 1286 2952 1476 2992; x_wconf 84' lang='lat' dir='ltr'><strong>scientia</strong></span> <span class='ocrx_word' id='word_1_404' title='bbox 1501 2961 1555 3000; x_wconf 86' lang='lat' dir='ltr'><strong>(de</strong></span> <span class='ocrx_word' id='word_1_405' title='bbox 1574 2971 1639 2999; x_wconf 85' lang='lat' dir='ltr'><strong>qua</strong></span> <span class='ocrx_word' id='word_1_406' title='bbox 1656 2971 1690 2991; x_wconf 88' lang='lat' dir='ltr'><strong>re</strong></span> <span class='ocrx_word' id='word_1_407' title='bbox 1707 2962 1853 2991; x_wconf 83' lang='lat' dir='ltr'><strong>videatur</strong></span> 
     </span>
    </p>
   </div>
   <div class='ocr_carea' id='block_1_12' title="bbox 1989 489 2054 1936">
    <p class='ocr_par' dir='ltr' id='par_1_12' title="bbox 1989 489 2054 1936">
     <span class='ocr_line' id='line_1_45' title="bbox 1989 489 2054 1936; baseline 0 0"><span class='ocrx_word' id='word_1_408' title='bbox 1989 489 2054 1936; x_wconf 95' lang='lat' dir='ltr'><strong> </strong></span> 
     </span>
    </p>
   </div>
  </div>
 </body>
</html>
