2008 3458
401 399 512 441 2290
813 399 1144 433 APOCALYPSIS
1177 401 1476 434 EXPLICATA.

396 512 510 553 sicut
537 511 675 553 draco
692 511 727 563 ;”
759 517 804 553 et
832 526 910 565 per
939 511 1223 556 “draconem
1236 514 1255 530 ”
1281 514 1598 568 intelliguntur
1627 514 1701 569 qui
1724 514 1771 557 in
1794 513 1883 559 fide

395 579 608 626 separata
638 586 664 613 a
695 573 922 614 charitate
953 581 1058 615 sunt
1089 581 1135 615 et
1167 574 1373 616 doctrina
1404 582 1450 616 et
1476 576 1571 616 vita
1602 586 1761 625 (videatur
1777 582 1883 627 sapui.

394 642 562 684 n.714);
609 639 655 673 et
694 646 774 686 per
813 631 930 674 hanc
973 632 1240 674 “bestiam’'
1279 634 1599 688 intelliguntur
1642 635 1882 679 confirma,-

394 695 541 734 tiones
564 708 622 735 ex
646 707 780 734 sensu
805 693 986 735 litterae
1010 693 1151 736 Verbi
1177 709 1258 749 pro
1284 697 1572 749 separatione
1597 694 1700 738 fidei
1726 711 1752 738 a
1772 697 1901 749 vitajh

393 761 439 795 et
462 755 564 795 inde
589 754 729 795 Verbi
754 753 1119 806 falsificationes;
1151 769 1288 809 quare
1310 756 1571 809 religiosum
1598 756 1708 798 illud
1735 757 1883 811 quoad

393 816 643 858 doctrinam
667 823 713 858 et
736 817 885 871 quoad
913 817 1296 870 praedicationem
1320 817 1599 871 significatur
1621 833 1699 873 per
1724 818 1883 874 “loqui

393 879 506 919 sicut
530 878 704 919 draco.”
766 877 992 931 Quoniam
1020 892 1098 931 per
1122 878 1438 920 “draconem”
1461 886 1508 920 et
1535 894 1614 933 per
1636 880 1764 921 binas
1789 879 1883 934 ejus

396 941 634 982 '‘bestias''
669 941 935 982 describitur
968 940 1080 982 fides
1117 948 1327 995 separata
1363 956 1388 982 a
1423 942 1660 992 charitate,
1696 948 1743 984 et
1779 942 1882 987 inde

392 1003 643 1045 falsificatio
681 1004 835 1053 Verbi,
875 1003 1010 1044 velim
1046 1004 1090 1044 in
1127 1004 1213 1045 hoc
1252 1004 1444 1045 articulo
1482 1005 1726 1046 ostendere
1762 1005 1882 1059 quod

392 1067 537 1108 simile
560 1067 839 1108 haereticum
862 1067 905 1107 in
929 1066 1084 1107 Verbo
1107 1067 1389 1108 describatur
1411 1081 1489 1121 per
1515 1067 1783 1116 “Cainum,”
1804 1064 1895 1122 per⁴

394 1129 730 1173 “‚Reubenem“
752 1136 798 1170 et
821 1143 899 1183 per
925 1129 1305 1179 “Philisthaeos,’'
1329 1137 1374 1171 et
1398 1130 1518 1184 quod
1544 1128 1688 1171 simile
1713 1129 1881 1172 intelli-

390 1198 523 1243 gatur
544 1205 622 1244 per
647 1190 890 1231 “hircum''
913 1191 1031 1244 apud
1053 1190 1294 1231 Danielem.
1360 1191 1561 1232 Fuerunt
1588 1191 1706 1232 enim
1732 1191 1881 1233 eccle-

391 1252 481 1292 siae
503 1253 547 1292 in
574 1252 659 1292 hac
687 1251 848 1292 tellure
876 1252 1051 1305 plures;
1086 1265 1248 1305 nempe
1272 1251 1606 1305 Antiquissima
1631 1265 1746 1306 quae
1772 1259 1881 1295 ante

391 1315 619 1363 diluvium,
645 1314 852 1368 Antiqua
874 1329 987 1368 quae
1015 1321 1119 1368 post
1144 1315 1373 1363 diluvium,
1397 1315 1583 1367 Judaica
1604 1329 1718 1369 quae
1740 1314 1880 1356 Anti-

391 1390 506 1428 quae
533 1376 766 1423 successit,
794 1382 840 1416 et
868 1375 1028 1416 ultimo
1055 1375 1266 1416 Ecclesia
1293 1375 1577 1426 Christiana;
1611 1389 1768 1417 omnes
1794 1375 1880 1419 hae

390 1436 608 1478 ecclesiae
632 1437 849 1490 temporis
873 1435 1020 1477 traetu
1039 1437 1432 1490 degeneraverunt
1455 1437 1499 1477 in
1522 1437 1651 1478 binos
1673 1449 1879 1478 enormes

389 1513 574 1547 errores,
601 1499 646 1539 in
673 1511 808 1540 unum
840 1500 913 1552 qui
944 1499 1218 1540 adulteravit
1246 1501 1396 1540 omnia
1423 1500 1542 1541 bona
1568 1499 1801 1549 ecclesiae,
1829 1506 1877 1542 et

388 1562 431 1601 in
458 1561 650 1602 alterum
677 1562 750 1615 qui
775 1561 1029 1602 falsificavit
1056 1562 1208 1602 omnia
1234 1576 1340 1603 vera
1367 1562 1472 1615 ejus.
1534 1562 1742 1604 Ecclesia
1763 1576 1878 1616 quae

388 1622 660 1663 adulteravit
684 1623 835 1663 omnia
857 1623 977 1663 bona
999 1622 1234 1672 ecclesiae,
1260 1623 1530 1664 describitur
1552 1624 1595 1663 in
1619 1622 1775 1664 Verbo
1799 1636 1879 1677 per

390 1685 704 1738 “Babylonios
717 1685 735 1700 '‘
761 1692 807 1727 et
836 1685 1134 1727 “Chaldaeos
1151 1686 1185 1737 ;''
1222 1693 1268 1727 et
1301 1687 1493 1727 ecclesia
1524 1700 1638 1740 quae
1668 1685 1877 1728 falsifica-

387 1748 451 1788 vit
487 1747 637 1787 omnia
672 1761 779 1788 vera
813 1746 1047 1796 ecclesiae,
1081 1747 1350 1788 describitur
1388 1761 1467 1800 per
1500 1746 1768 1796 “Cainum”
1798 1761 1878 1802 per

390 1814 413 1829 “
428 1809 730 1858 Reubenem,”
748 1824 914 1864 perque
934 1813 959 1830 “
977 1809 1319 1857 Philisthaeos,’'
1337 1816 1383 1851 et
1407 1810 1524 1863 apud
1546 1809 1775 1851 Danielem
1797 1823 1877 1864 per

390 1872 630 1913 “hircum”
666 1873 740 1926 qui
781 1873 1002 1926 pugnavit
1045 1885 1146 1913 cum
1184 1873 1324 1913 ariete
1362 1879 1408 1913 et
1446 1873 1554 1913 vicit
1590 1872 1730 1912 illum.
1806 1871 1876 1914 De

387 1933 720 1974 adulteratione
747 1933 853 1973 boni
881 1933 1115 1981 ecclesiae,
1144 1947 1258 1987 quae
1285 1933 1554 1974 describitur
1579 1947 1657 1987 per
1685 1932 1875 1987 “Baby-

387 1994 565 2034 lonios'’
606 2001 652 2034 et
692 1993 1028 2042 “Chaldaeos‚''
1065 1995 1240 2035 dicetur
1281 1995 1325 2034 in
1368 1995 1674 2047 sequentibuS‚
1717 1994 1790 2036 ubi
1830 1995 1875 2036 in

386 2054 661 2107 Apocalypsi
682 2056 738 2096 de
763 2054 1084 2107 “Babylonia”
1110 2056 1285 2108 agitur;
1319 2068 1436 2095 nunc
1464 2061 1617 2095 autem
1643 2055 1700 2096 de
1725 2054 1876 2096 falsifi-

387 2118 566 2158 catione
591 2119 697 2166 veri,
726 2132 840 2171 quae
867 2117 938 2158 hic
966 2119 1009 2158 in
1035 2117 1313 2170 Apocalypsi
1335 2117 1602 2158 describitur
1627 2131 1706 2171 per
1733 2117 1875 2166 “dra-

387 2179 578 2220 conem'’
610 2186 656 2221 et
688 2180 781 2232 ejus
813 2181 941 2220 binas
975 2181 1183 2221 “bestias
1201 2180 1235 2230 ;”
1272 2180 1393 2234 quod
1425 2181 1563 2220 etiam
1595 2179 1877 2222 describatur

386 2257 464 2297 per
488 2247 513 2263 “
530 2242 750 2284 Cainum”
772 2249 818 2284 et
841 2257 919 2296 per
941 2242 1135 2296 reliquos
1159 2256 1291 2296 supra
1315 2243 1590 2290 nominatos,
1615 2242 1804 2284 dicetur.

469 2306 552 2361 [b.]
596 2307 731 2359 Quod
758 2321 837 2360 per
865 2306 1131 2348 “Cainum”
1157 2307 1493 2359 repraesentati
1519 2307 1611 2346 sint
1637 2307 1711 2359 qui
1741 2320 1874 2361 sepa-

386 2375 486 2409 rant
506 2369 791 2421 cognitiones
808 2369 899 2409 veri
918 2374 965 2409 et
987 2368 1092 2408 boni
1109 2382 1134 2408 a
1153 2368 1246 2408 vita
1265 2367 1512 2408 secundum
1534 2367 1648 2415 illas,
1667 2374 1713 2408 et
1731 2369 1875 2409 credi-

386 2432 546 2472 derunt
565 2431 685 2485 quod
708 2445 786 2487 per
802 2431 902 2471 illas
920 2430 1040 2471 solas
1060 2430 1354 2478 salvarentur,
1378 2431 1533 2483 paucis
1551 2436 1786 2471 ostensum
1805 2437 1876 2472 est

386 2496 429 2534 in
454 2494 650 2534 Arcanis
681 2493 967 2541 caelestibus,
997 2493 1069 2533 ubi
1096 2493 1152 2534 de
1179 2492 1320 2534 Caino
1348 2499 1394 2533 et
1422 2492 1572 2533 Abele
1597 2490 1747 2534 aEtum
1773 2499 1873 2535 est:

386 2557 543 2611 quibus
565 2557 676 2597 lfaec
701 2556 836 2597 velim
860 2556 1066 2608 adjicere.
1129 2555 1199 2596 De
1223 2554 1364 2596 Caino
1389 2554 1568 2608 legitur,

451 2651 555 2693 Quod
583 2651 842 2691 primogenitus
871 2650 1001 2682 Adami
1030 2650 1144 2688 fuerit,
1173 2655 1208 2681 et
1236 2650 1330 2691 quod
1359 2649 1506 2681 coluerit
1534 2649 1692 2688 humum,
1721 2655 1756 2682 et
1783 2650 1878 2692 quod

558 2694 723 2726 obtulerit
750 2694 792 2725 de
822 2692 937 2725 fructu
965 2694 1062 2725 humi
1091 2703 1219 2725 munus
1249 2693 1427 2735 Jehovae:
1463 2698 1498 2724 et
1530 2693 1624 2733 quod
1652 2693 1745 2724 Abel
1772 2693 1878 2725 fuerit

559 2744 680 2779 pastor
699 2738 826 2778 gregis,
847 2743 882 2768 et
903 2737 996 2778 quod
1020 2737 1187 2768 obtulerit
1206 2737 1249 2768 de
1276 2737 1524 2777 primogenitis
1549 2736 1669 2776 gregis
1694 2737 1759 2774 sui,
1779 2742 1815 2768 et
1832 2737 1878 2768 de

559 2781 774 2822 pinguedine
794 2791 917 2812 eorum
934 2791 940 2818 ;
965 2786 1000 2813 et
1020 2781 1112 2822 quod
1132 2780 1294 2822 Jehovah
1316 2780 1495 2820 aspexerit
1519 2781 1564 2812 ad
1590 2789 1720 2811 munus
1741 2780 1876 2818 Abelis,

558 2831 594 2856 et
620 2835 692 2856 non
716 2825 760 2855 ad
787 2834 916 2856 munus
942 2824 1054 2862 Caini,
1080 2830 1114 2856 et
1138 2824 1231 2865 quod
1259 2824 1339 2855 ideo
1366 2833 1516 2854 accensa
1541 2824 1585 2854 sit
1611 2823 1664 2854 ira
1690 2822 1815 2862 Caino,
1841 2830 1877 2856 et

559 2868 725 2900 occiderit
754 2868 898 2899 fratrem
927 2877 1051 2904 suum:
1087 2874 1122 2899 et
1153 2867 1246 2908 quod
1278 2867 1367 2898 Cain
1402 2867 1481 2898 ideo
1514 2865 1722 2898 maledietas
1758 2867 1813 2905 sit,
1841 2874 1878 2899 et

559 2910 694 2952 ejectus
715 2912 834 2949 humo,
852 2918 887 2943 et
903 2910 1018 2943 factus
1035 2921 1147 2951 vagus
1165 2918 1199 2942 et
1219 2911 1390 2951 profugus
1412 2911 1447 2941 in
1469 2917 1562 2941 terra
1577 2919 1583 2947 ;
1608 2916 1643 2941 et
1659 2910 1754 2951 quod
1769 2909 1877 2952 Jeho-

558 2956 628 2987 vah
652 2955 860 2996 imposuerit
884 2955 998 2986 Caino
1021 2955 1163 2994 signum
1189 2964 1234 2985 ne
1258 2954 1487 2990 occideretur,
1513 2963 1592 2984 cum
1619 2959 1752 2984 statuto
1779 2953 1874 2994 quod

559 2999 835 3039 septempliciter
858 2998 1097 3030 vindicaretur
1124 2997 1182 3040 qui
1211 2997 1308 3029 illum
1337 2996 1513 3028 occideret
1541 2997 1597 3036 (de
1626 2996 1752 3038 quibus
1777 2996 1874 3029 vide-

559 3050 637 3074 atur
653 3052 727 3084 cap.
745 3043 788 3075 iv.
810 3042 986 3083 Geneseos).
