2054 3464
607 360 714 394 CAP.
737 361 840 403 xn„
864 361 1004 396 VERS.
1033 363 1202 395 12.-N.
1225 363 1320 408 754.
1568 352 1575 357 ”
1598 362 1707 408 2125

265 487 422 534 &vera
450 479 498 517 et
528 473 650 519 bona
680 474 926 530 spiritualia
961 475 1006 517 in
1042 490 1122 518 sua
1157 477 1356 518 essentia
1387 481 1492 518 sunt
1523 489 1630 517 vera
1664 481 1713 517 et

175 579 191 599 ,ζ
290 551 349 588 a.
375 538 485 593 quia
514 537 635 580 bona
665 544 770 579 sunt
797 537 1104 591 jucunditates
1136 541 1436 581 scaturientes
1467 554 1527 580 ex
1558 552 1712 581 amore

218 600 537 653 tDommum
571 607 619 643 et
651 615 715 643 ex
752 613 904 642 amore
941 616 1051 656 erga
1082 604 1354 656 proximum,
1388 609 1435 644 et
1467 617 1572 644 vera
1608 609 1714 644 sunt

182 702 194 709 ,
268 685 304 712 ,π
341 663 442 711 illa
455 663 576 707 bona
597 663 793 715 docent,
827 671 874 706 et
897 665 999 719 quia
1023 665 1135 707 haec
1158 680 1264 708 vera
1289 673 1336 708 et
1362 666 1483 707 bona
1505 679 1584 720 per
1609 679 1712 707 cae-

179 757 197 783 „
278 727 279 730 ’
328 740 403 781 px
398 726 614 774 Domino
636 734 755 777 sunt,
779 727 882 769 ideo
903 736 1125 770 vocantur
1147 729 1408 783 spiritualia,
1432 742 1566 770 omne
1593 729 1712 770 enim

358 790 647 845 dprocedit
678 805 737 832 ex
771 791 970 832 Domino
1001 792 1232 845 spirituale
1264 800 1479 834 vocatur:
1517 798 1564 834 et
1601 805 1713 846 quo-

180 885 242 916 -v‘w
343 853 498 904 homo
518 852 630 895 haec
652 868 758 895 vera
783 860 830 896 et
857 854 976 895 bona
998 868 1088 896 non
1115 857 1312 908 recipere
1336 862 1504 909 potest,
1529 855 1612 896 nisi
1637 854 1715 895 illa

282 936 311 953 π
332 923 378 963 ,t
401 922 451 962 et
477 916 557 958 illa
586 917 734 966 faciat,
763 917 866 958 ideo
896 917 1091 967 additur,
1119 932 1231 972 quae
1260 925 1365 959 sunt
1382 918 1502 972 fidez
1526 925 1569 958 et
1597 917 1717 959 vztae

165 1014 170 1023 .
220 979 278 995 ”
307 967 479 1026 Vtrbo:
517 980 668 1021 vivere
699 994 759 1021 ex
791 979 948 1022 Verbo
983 987 1054 1022 est
1085 982 1234 1022 vivere
1266 996 1325 1022 ex
1365 982 1576 1030 Domino,
1610 993 1715 1021 nam

326 1043 443 1101 ,ἰιιιις
473 1049 543 1085 est
584 1043 628 1084 in
666 1043 837 1093 Verbo,
875 1044 1015 1085 immo
1052 1051 1121 1086 est
1159 1044 1376 1085 Verbum.
1439 1044 1570 1085 Nunc
1612 1043 1716 1097 quia

182 1150 186 1157 ,
323 1119 330 1141 ³
339 1111 392 1151 et
410 1106 532 1149 bona
553 1119 675 1148 mere
697 1106 933 1156 naturalia,
953 1121 1068 1161 quae
1090 1108 1134 1148 in
1158 1122 1237 1148 sua
1258 1108 1455 1148 essentia
1478 1113 1582 1148 sunt
1604 1105 1716 1162 falsa

449 1183 630 1225 prorsus
656 1171 867 1224 opposita
891 1177 998 1212 sunt
1023 1172 1139 1212 veris
1166 1178 1211 1212 et
1238 1171 1368 1212 bonis
1395 1158 1713 1223 spiritualibus,

183 1234 320 1291 ῥ”ῐῖτ
336 1233 401 1276 in
426 1247 506 1275 sua
531 1233 731 1275 essentia
756 1240 862 1275 sunt
887 1247 994 1275 vera
1019 1240 1066 1275 et
1097 1234 1232 1282 bona,
1260 1234 1363 1275 ideo
1389 1233 1609 1282 diabolus,
1638 1246 1717 1286 per

261 1290 264 1297 ’
292 1298 306 1313 ”
336 1296 642 1351 intelligitur
663 1296 897 1346 infernum,
921 1297 966 1338 in
990 1298 1208 1338 continuo
1231 1298 1336 1338 odio
1362 1303 1432 1338 est
1455 1303 1615 1338 contra
1636 1309 1714 1338 ea·

341 1366 413 1403 est
432 1360 555 1416 quod
577 1374 636 1402 ex
659 1360 841 1402 infernis
863 1361 966 1402 odia
986 1361 1094 1402 varii
1116 1362 1295 1414 generis
1318 1361 1536 1401 continuo
1558 1373 1716 1401 ascen-

332 1429 423 1475 ,fet
453 1424 648 1466 vicissim
679 1437 740 1464 ex
777 1423 913 1465 caelis
945 1436 1121 1464 amores
1153 1423 1406 1476 spirituales
1439 1424 1577 1464 etiam
1609 1423 1718 1463 varii

308 1486 396 1536 aris
414 1482 699 1529 descendant
717 1500 726 1538 ;
759 1493 806 1528 et
828 1486 949 1541 quod
971 1487 1090 1529 inter
1109 1487 1212 1528 odia
1234 1487 1505 1528 infernorum
1528 1493 1574 1527 et
1600 1486 1718 1527 inter

262 1599 270 1603 ,
294 1588 296 1590 .
321 1547 394 1592 res
409 1548 639 1592 caelorum
656 1550 714 1591 sit
732 1549 1056 1604 aequilibrium,
1076 1550 1119 1591 in
1143 1564 1232 1604 quo
1254 1550 1460 1590 homines
1481 1551 1526 1590 in
1547 1549 1718 1590 mundo

263 1627 269 1641 i
310 1633 329 1653 η
381 1625 445 1663 ur,
462 1613 528 1655 -ob
556 1625 738 1655 causam
764 1619 813 1654 ut
840 1627 899 1654 ex
926 1612 1068 1654 libero
1090 1613 1339 1654 secundum
1362 1614 1585 1654 rationem
1611 1625 1717 1666 pos-

324 1676 503 1731 s'agere:
540 1682 817 1731 quapropter
842 1676 917 1731 qui
949 1690 1039 1718 non
1071 1677 1228 1717 vivunt
1261 1690 1319 1717 ex
1347 1675 1517 1726 Verbo,
1546 1676 1625 1717 sed
1656 1689 1717 1717 ex

335 1750 401 1789 ο,
438 1738 503 1781 illi
539 1740 642 1794 quia
678 1739 907 1781 naturales
944 1746 1146 1788 manent,
1185 1740 1416 1793 recipiunt
1443 1754 1503 1780 ex
1544 1739 1718 1781 inferno

371 1807 419 1844 et
454 1801 560 1844 inde
595 1801 719 1852 falsa,
758 1808 805 1843 et
845 1816 905 1844 ex
946 1802 1034 1844 illis
1070 1803 1331 1856 concipiunt
1369 1803 1522 1844 odium
1558 1809 1719 1844 contra

342 1871 391 1908 et
411 1865 534 1920 bona
554 1865 814 1920 spiritualia.
876 1864 1042 1907 Odium
1061 1866 1243 1920 quidem
1262 1865 1440 1906 illorum
1463 1879 1554 1907 non
1577 1879 1717 1920 appa-

310 1929 562 1979 inmundo,
586 1929 689 1984 quia
711 1928 826 1971 latet
849 1929 970 1970 intus
991 1930 1035 1970 in
1058 1930 1216 1982 spiritu
1239 1943 1393 1970 eorum
1416 1929 1716 1979 reconditum,

324 1992 614 2041 'anifestatur
638 1999 744 2046 post
776 1999 986 2042 mortem,
1014 1992 1197 2046 quando
1223 1993 1406 2045 spiritus
1432 1988 1572 2044 fiunt;
1610 1999 1718 2034 tunc

358 2076 365 2091 τ
407 2054 511 2097 illos
537 2055 611 2110 qui
641 2057 685 2096 in
717 2056 834 2097 veris
866 2062 912 2097 et
943 2055 1074 2096 bonis
1106 2055 1410 2109 spiritualibus
1438 2063 1557 2105 sunt,
1585 2062 1718 2098 tanto

334 2117 541 2173 ,flagrant
572 2125 622 2160 ut
653 2132 744 2160 non
771 2119 965 2161 describi
990 2119 1161 2173 possit;
1200 2126 1270 2160 est
1296 2119 1448 2160 odium
1474 2120 1717 2161 interneci-

261 2234 269 2245 k
296 2230 298 2234 y
393 2189 443 2224 ut
474 2182 674 2237 primum
697 2183 818 2224 enim
848 2182 1007 2224 vident
1039 2182 1268 2236 angelum,
1303 2183 1376 2236 qui
1408 2183 1452 2223 in
1485 2182 1570 2223 illis
1602 2183 1719 2224 veris

272 2238 426 2298 bonis
457 2252 541 2296 est,
574 2245 714 2287 immo
745 2247 781 2288 si
811 2245 950 2288 modo
981 2245 1170 2288 audiunt
1202 2247 1423 2288 nominari
1455 2247 1716 2296 Dominum,

259 2319 358 2366 2>quo
382 2309 460 2352 illa
481 2323 587 2351 vera
611 2316 659 2351 et
689 2309 810 2351 bona
835 2316 955 2358 sunt,
982 2309 1104 2350 illico
1132 2310 1176 2350 in
1202 2309 1372 2350 furores
1399 2310 1487 2351 odii
1514 2310 1716 2359 veniunt,

270 2372 406 2428 ..nihil
425 2372 664 2427 Jucundius
690 2373 892 2414 sentiunt
919 2386 1053 2427 quam
1076 2373 1282 2427 persequi
1307 2372 1422 2422 illos,
1451 2373 1718 2414 malefacere

264 2444 333 2494 g
362 2441 410 2477 et
431 2435 535 2491 quia
556 2449 648 2478 non
670 2435 896 2477 trucidare
913 2448 1076 2489 corpus
1093 2448 1248 2476 eorum
1270 2442 1475 2489 possunt,
1496 2435 1718 2489 flagrante

294 2498 364 2541 de-
376 2499 610 2541 trucidare
641 2500 838 2540 animam
874 2512 1029 2540 eorum
1060 2506 1296 2540 conantur.
1359 2497 1494 2552 Quod
1527 2499 1716 2549 dicatur,

163 2549 360 2610 ‘'³³'Vae
384 2561 697 2619 habitantibus
723 2569 891 2603 terram
917 2569 964 2604 et
997 2575 1134 2610 mare,
1163 2563 1267 2617 quia
1295 2562 1533 2604 descendit
1560 2562 1718 2603 diabo-

144 2611 297 2693 Jhs
317 2622 376 2667 ad
399 2638 497 2675 vos,
523 2625 696 2667 habens
727 2626 838 2667 iram
864 2625 1120 2679 magnam,”
1146 2632 1216 2667 est
1242 2626 1346 2680 quia
1378 2633 1482 2678 post
1509 2625 1717 2666 ultimum

158 2656 428 2746 ⁴witherum
471 2695 620 2730 status
664 2689 819 2730 mundi
863 2688 1104 2742 spiritualis
1150 2702 1330 2742 prorsus
1371 2695 1574 2729 mutatus
1620 2694 1717 2739 est;

165 2746 326 2811 -ἶ-,ἐιιιιε
347 2750 457 2792 illud
477 2750 692 2805 judicium
709 2751 974 2805 permissum
992 2751 1071 2792 fuit
1090 2751 1175 2792 illis
1198 2752 1271 2805 qui
1298 2751 1475 2792 civilem
1499 2758 1544 2792 et
1567 2763 1717 2792 mora—

161 2794 309 2876 lem
333 2813 475 2855 vitam
500 2814 545 2855 in
570 2815 773 2856 externis
799 2820 1045 2868 potuerunt
1072 2827 1222 2868 agere,
1251 2815 1436 2855 tametsi
1466 2827 1556 2854 non
1589 2814 1717 2867 spiri-

168 2860 366 2933 „jffisztuales
405 2883 574 2927 essent,
617 2877 699 2918 sibi
739 2883 956 2932 tanquam
998 2876 1148 2918 caelos
1190 2877 1397 2926 formare,
1441 2883 1488 2918 et
1533 2877 1592 2917 ibi
1637 2875 1718 2917 frui

188 2936 527 2994 voluptatibus
563 2939 767 2994 qualibus
807 2941 852 2981 in
894 2940 1090 2990 mundo;
1137 2947 1184 2982 at
1226 2947 1469 2994 postquam
1506 2939 1717 2980 ultimum

127 3001 191 3060 Ἡ
213 2996 427 3056 judicium
459 3001 689 3057 peraetum
726 3009 811 3053 est,
845 3009 952 3045 tunc
990 3016 1080 3044 non
1117 3003 1308 3058 amplius
1340 3003 1384 3044 id
1417 3002 1714 3056 permittitur,
