2054 3464
440 350 551 393 2166
650 335 653 338 Δ
851 360 1182 395 APOCALYPSIS
1213 362 1512 395 EXPLICATA.

437 473 555 513 bona
587 480 632 514 et
664 488 769 514 vera
805 473 1104 527 explicantur,
1137 487 1242 516 nam
1277 481 1383 517 tunc
1415 482 1619 517 removet
1652 490 1698 517 se
1730 472 1917 527 caelum,

439 542 484 576 et
512 535 647 576 homo
673 536 919 589 sejungitur
944 537 1000 577 ab
1026 537 1116 586 illo,
1145 552 1204 578 ex
1231 551 1376 585 causa,
1406 545 1453 579 ut
1486 551 1618 591 supra
1642 537 1810 580 dietum
1835 547 1919 588 est,

438 598 538 650 quia
555 599 749 650 genuina
766 599 884 639 bona
899 605 944 639 et
958 613 1063 640 vera
1083 599 1248 641 faciunt
1272 613 1450 640 sensum
1473 600 1747 653 spiritualem
1765 600 1919 650 Verbi,

438 660 479 698 in
513 674 599 712 quo
631 661 779 713 angeli
812 660 923 701 caeli
955 668 1072 702 sunt.
1133 661 1199 702 Sit
1231 675 1310 714 pro
1347 662 1586 714 exemplo:
1629 663 1664 703 si
1702 662 1921 704 Dominus

439 735 489 761 ac
518 722 727 762 Divinum
755 723 898 775 Ipsius
924 731 1127 776 negatur,
1153 731 1200 764 ut
1225 723 1390 765 saffi'tum
1414 732 1482 765 est
1509 739 1534 765 a
1557 725 1818 774 Pharisaeis‚
1846 725 1921 780 qui

441 784 651 824 dixerunt
701 785 944 826 Dominum
994 800 1053 826 ex
1103 786 1369 827 Beelzebule
1415 787 1626 828 miracula
1673 787 1831 837 facere,
1868 801 1920 829 ac

437 846 714 887 immundum
747 848 949 899 spiritum
981 848 1175 898 habere;
1212 855 1258 889 et
1290 850 1390 901 quia
1418 850 1482 890 'sic
1515 856 1737 902 negarunt
1769 849 1920 903 Ipsum

438 915 483 948 et
511 909 720 949 Divinum
749 910 904 962 Ipsius,
930 911 1045 951 dixit
1068 911 1186 964 quod
1213 911 1304 952 tale
1331 919 1448 952 esset
1473 919 1708 964 peccatum
1733 918 1779 953 et
1801 912 1922 954 blas·-
1962 925 1966 928 ⁴

438 971 614 1022 phemia
629 973 670 1011 in
687 971 898 1024 Spiritum
913 972 1131 1022 sanctum,
1148 975 1249 1026 quia
1263 980 1420 1014 contra
1435 974 1636 1014 Verbum
1653 988 1662 1014 z
1687 975 1923 1016 videantur

438 1034 754 1085 praecedentia
797 1036 840 1075 in
882 1035 966 1076 illis
1007 1036 1226 1088 capitibus
1263 1037 1380 1088 apud
1410 1036 1740 1089 Evangelistas.
1811 1036 1922 1079 Inde

438 1110 612 1149 quoque
631 1102 699 1137 est
718 1097 836 1150 quod
855 1097 1077 1138 Sociniani
1095 1104 1140 1138 et
1160 1098 1329 1146 Ariani,
1351 1100 1422 1151 qui
1442 1100 1623 1140 tametsi
1643 1113 1731 1140 non
1751 1105 1921 1153 negant

440 1158 681 1199 Dominum
726 1174 862 1213 usque
908 1167 1078 1212 negant
1120 1161 1329 1200 Divinum
1377 1161 1533 1213 Ipsius,
1577 1169 1708 1202 extra
1748 1162 1922 1204 caelum

439 1222 541 1269 sint,
571 1227 615 1262 et
648 1235 736 1262 non
769 1223 825 1262 ab
857 1222 947 1263 ulla
972 1223 1191 1264 societate
1216 1223 1420 1274 angelica
1446 1224 1580 1276 recipi
1606 1225 1793 1276 possint.
1854 1224 1922 1267 Sit

438 1284 574 1323 etiam
601 1298 680 1336 pro
707 1285 933 1337 exemplo,
962 1286 1033 1338 qui
1065 1286 1235 1325 amoris·
1254 1286 1372 1326 bona
1403 1292 1449 1326 et
1475 1287 1706 1327 charitatis
1732 1300 1868 1340 opera
1896 1301 1923 1329 a

440 1347 595 1386 mediis
627 1346 784 1387 salutis
816 1347 1082 1396 excludunt,
1116 1361 1167 1388 ac
1200 1347 1334 1388 fidem
1366 1348 1599 1390 exclusive
1630 1349 1687 1390 ab
1722 1349 1810 1390 illis
1840 1362 1922 1404 pro
2047 1384 2054 1408 3

368 1399 371 1401 ’
439 1409 569 1448 unico
611 1409 759 1449 medio
800 1416 1047 1458 assumunt,
1091 1416 1136 1450 et
1182 1409 1293 1450 haec
1337 1410 1606 1452 confirmant
1649 1425 1740 1452 non
1784 1412 1922 1453 modo
1989 1457 1994 1461 ‚
2043 1408 2054 1459 ἔ

439 1469 641 1510 doctrina
678 1472 756 1511 sed
795 1472 931 1512 etiarn
963 1473 1070 1520 vita,
1105 1472 1297 1512 dicendo
1334 1473 1483 1522 corde,
1520 1473 1686 1514 “Bona
1722 1487 1794 1515 me
1830 1486 1922 1515 non

441 1532 634 1581 salvant,
663 1547 744 1574 nec
778 1534 897 1574 mala
928 1534 1160 1582 damnant,
1190 1536 1292 1588 quia
1317 1534 1450 1575 fidem
1483 1535 1681 1576 habeoff’
1716 1535 1780 1577 illi
1810 1549 1921 1590 quo-

438 1609 523 1648 que
545 1595 864 1648 blasphemant
888 1596 1099 1650 Spiritum
1123 1596 1341 1645 sanctum,
1362 1611 1465 1638 nam
1488 1599 1731 1651 genuinum
1753 1599 1921 1640 bonum

440 1665 485 1698 et
513 1672 666 1698 verum
694 1659 834 1699 Verbi
860 1659 1113 1708 falsificant,
1142 1666 1188 1701 et
1214 1660 1299 1701 hoc
1328 1660 1450 1701 mille
1475 1662 1519 1701 in
1545 1661 1670 1711 locis,
1698 1662 1770 1702 ubi
1796 1675 1923 1703 amor

440 1727 485 1761 et
521 1721 716 1761 charitas
748 1735 798 1762 ac
833 1720 951 1762 facta
982 1729 1028 1763 et
1062 1736 1198 1775 opera
1231 1724 1533 1764 nominantur.
1595 1724 1845 1772 Praeterea,
1873 1731 1922 1766 ut

439 1797 569 1836 supra
595 1782 762 1824 dictum
789 1791 873 1832 est,
901 1785 945 1824 in
978 1786 1184 1825 omnibus
1215 1792 1260 1826 et
1287 1786 1474 1839 singulis
1501 1786 1641 1827 Verbi
1673 1793 1742 1828 est
1769 1786 1921 1839 conju-

439 1847 559 1898 gium
583 1846 687 1886 boni
710 1853 755 1887 et
778 1848 883 1895 veri,
903 1847 966 1887 ita
989 1847 1223 1888 charitatis
1247 1854 1292 1888 et
1316 1847 1416 1888 fidei
1435 1863 1443 1895 ;
1477 1862 1612 1901 quare
1631 1862 1731 1889 cum
1753 1849 1921 1890 bonum

439 1923 516 1948 seu
548 1908 745 1949 charitas
777 1909 984 1958 aufertur,
1019 1910 1133 1962 perit
1165 1909 1420 1963 conjugium
1453 1911 1576 1959 illud,
1609 1917 1655 1951 et
1693 1910 1795 1951 loco
1827 1909 1921 1963 ejus

439 1970 487 2013 fit
519 1971 812 2021 adulterium;
855 1971 985 2024 quale
1025 1972 1292 2012 adulterium
1330 1973 1432 2013 inde
1473 1972 1536 2021 fit,
1575 1972 1681 2014 alibi
1721 1973 1920 2014 dicetur':

439 2034 542 2074 inde
570 2040 640 2074 est
673 2034 791 2087 quod
824 2047 905 2074 nec
939 2034 1001 2074 illi
1033 2035 1301 2087 recipiantur
1331 2035 1374 2075 in
1407 2035 1548 2075 caelo.
1610 2035 1755 2076 Causa
1786 2035 1922 2076 etiam

440 2104 524 2145 est,
553 2098 655 2150 quia
685 2098 787 2137 loco
813 2098 977 2137 amoris
1004 2097 1212 2138 caelestis
1238 2098 1324 2137 illis
1357 2104 1425 2138 est
1458 2111 1583 2138 amor
1609 2099 1849 2147 terrestris,
1876 2103 1923 2139 et

440 2161 541 2200 loco
563 2160 781 2200 bonorum
805 2173 988 2212 operum
1012 2159 1098 2199 illis
1121 2166 1223 2201 sunt
1247 2160 1366 2200 mala
1391 2174 1540 2213 opera,
1565 2162 1666 2214 quia
1690 2175 1748 2202 ex
1770 2174 1924 2202 amore

440 2224 654 2270 terrestri,
672 2223 744 2275 qui
762 2229 995 2274 separatus
1014 2222 1070 2262 ab
1085 2235 1237 2263 amore
1252 2222 1438 2263 caelesti
1458 2229 1527 2263 est
1545 2223 1923 2270 amorinfernalis.

440 2286 590 2326 Aliter
613 2299 719 2325 vero
751 2284 800 2325 fit
833 2298 932 2325 cum
959 2285 1045 2324 illis
1072 2286 1144 2338 qui
1174 2285 1354 2338 quidem
1387 2299 1444 2325 ex
1477 2284 1680 2326 doctrina
1704 2285 1923 2327 ecclesiae
1952 2289 1958 2291 ’

440 2356 484 2390 et
509 2363 566 2389 ex
591 2349 816 2401 magistris
839 2348 1028 2388 credunt
1051 2347 1184 2388 fidem
1207 2362 1305 2388 esse
1329 2349 1506 2388 unicum
1531 2349 1726 2389 medium
1749 2348 1920 2397 salutis,

440 2418 518 2452 aut
551 2413 623 2465 qui
655 2412 815 2458 sciunt,
850 2417 895 2450 et
933 2423 1022 2450 non
1061 2411 1246 2450 interius
1277 2409 1502 2451 affirmant
1535 2423 1617 2451 nec
1656 2418 1842 2463 negant,
1875 2417 1923 2452 et

441 2489 576 2528 usque
602 2475 758 2514 vivunt
785 2474 899 2513 bene
926 2487 985 2513 ex
1014 2473 1181 2521 Verbo,
1211 2473 1296 2513 hoc
1323 2480 1407 2521 est,
1433 2474 1535 2526 quia
1561 2474 1826 2514 mandatum
1851 2480 1940 2516 est

440 2552 466 2578 a
492 2538 688 2577 Domino
715 2538 758 2576 in
786 2536 965 2585 Verbo;
999 2535 1062 2575 illi
1089 2549 1179 2575 non
1205 2535 1525 2588 blasphemant
1553 2535 1765 2589 Spiritum
1792 2549 1923 2577 sanc-

441 2608 551 2649 tum,
577 2613 665 2640 non
693 2600 810 2640 enim
836 2599 1096 2639 adulterant
1122 2599 1240 2638 bona
1267 2598 1419 2648 Verbi,
1445 2612 1526 2639 nec
1554 2598 1794 2639 falsificant
1819 2613 1925 2640 vera

440 2663 547 2716 ejus,
575 2677 709 2716 quare
736 2660 991 2713 conjunctio
1018 2674 1171 2701 eorum
1197 2667 1267 2701 est
1294 2674 1394 2701 cum
1418 2661 1594 2713 angelis
1620 2661 1758 2703 caeli:
1792 2662 1921 2714 pauci

440 2727 576 2766 etiam
618 2740 676 2766 ex
713 2725 798 2765 illis
837 2725 983 2765 sciunt
1021 2724 1140 2777 quod
1177 2723 1286 2764 fides
1318 2724 1436 2763 aliud
1475 2725 1532 2764 sit
1569 2737 1702 2777 quam
1739 2723 1922 2764 credere

440 2789 594 2829 Verbo
613 2803 621 2838 ;
649 2789 816 2840 dogma
833 2786 1166 2839 justificationis
1184 2800 1261 2839 per
1278 2786 1422 2826 solam
1441 2786 1575 2827 fidem
1593 2787 1760 2840 absque
1775 2786 1920 2839 operi-

441 2852 522 2892 bus
549 2851 661 2904 legis
689 2863 779 2890 non
803 2851 1000 2903 capiunt,
1025 2850 1127 2902 quia
1149 2849 1430 2889 transcendit
1454 2862 1606 2889 eorum
1629 2846 1922 2889 intellectum.

442 2914 567 2954 Haec
610 2914 714 2953 bina
754 2911 966 2964 exempla
1007 2909 1201 2952 adducta
1245 2917 1363 2959 sunt,
1405 2917 1452 2951 ut
1498 2912 1663 2951 sciatur
1702 2910 1807 2963 quid
1846 2922 1925 2962 per

443 2975 752 3030 “peccatum'’
778 2981 824 3015 et
854 2973 1251 3028 “blasphemiam’‘
1278 2979 1437 3014 contra
1470 2972 1684 3026 Spiritum
1716 2969 1920 3013 sanstum
1990 3015 1991 3018 ,
2036 3023 2038 3026 v
