2008 3458
41 2533 68 2572 Ξ

67 2620 74 2632 l

56 2690 63 2702 f
78 2687 83 2689 .

90 2718 96 2725 ι

58 2735 71 2779 ’ἱ

56 2795 81 2804 r.

543 404 650 438 CAP.
674 404 797 446 xm„
821 403 959 437 VERS.
983 393 1130 436 6.-Ν,
1154 392 1323 448 799[b].
1568 403 1681 447 2229

182 519 332 576 i'gnis’'
347 519 404 562 de
425 519 683 562 vastatione
700 518 820 567 boni,
844 517 970 559 “filia
992 517 1175 559 Zionis”
1191 516 1416 571 significat
1440 516 1680 558 ecclesiam

183 597 298 639 quae
318 583 363 624 in
384 579 619 624 affeEtione
641 581 733 623 veri
754 595 814 623 ex
837 594 990 622 amore
1012 581 1117 622 boni
1139 587 1223 622 est.
1283 579 1423 634 Apud
1444 579 1678 630 Davidem,

339 671 442 705 “Soli
458 671 578 713 posuit
594 671 862 703 tabernaculum
880 670 916 702 in
927 669 946 683 ”
965 670 1072 702 caelis
1091 670 1164 710 (Ps.
1183 670 1254 702 xix.
1273 677 1290 709 5
1312 667 1372 712 [B.
1389 670 1434 702 A.
1450 667 1523 711 4]):

183 772 263 815 per
280 759 464 802 “solem
478 758 498 775 ’'
514 759 574 801 ibi
595 758 864 812 intelligitur
887 758 1108 799 Dominus
1130 758 1279 812 quoad
1303 758 1516 798 Divinum
1535 756 1682 799 Amo-

182 835 279 865 rem
297 836 308 874 ;
340 822 443 877 quia
462 822 506 863 in
529 822 650 863 bono
672 822 836 863 amoris
858 821 923 862 sui
945 821 1124 862 habitat
1147 822 1190 861 in
1214 820 1362 869 caelis,
1383 820 1485 861 ideo
1503 820 1679 869 dicitur,
1707 852 1709 855 .

186 884 320 930 f‘Soli
344 886 494 940 posuit
519 884 861 926 tabernaculum
887 884 931 924 in
958 884 1094 925 caelis
1112 883 1146 935 ;''
1181 887 1206 904 “
1222 882 1565 925 tabernaculum
1578 883 1597 898 ”
1622 883 1683 924 ibi

183 955 255 992 est
279 947 456 991 caelum
482 948 665 990 Domini
691 962 750 989 ex
777 947 899 989 bono
924 948 1102 988 amoris.
1163 946 1304 1000 Apud
1329 947 1538 996 eundem,

191 1051 196 1056 ·
250 1036 456 1080 “Jehovah.
469 1062 478 1069 .
492 1037 721 1070 ‚altissimum
742 1036 894 1078 posuisti
913 1036 1151 1068 habitaculum
1177 1042 1287 1074 tuum,
1308 1046 1382 1067 non
1408 1036 1563 1068 incurret
1587 1036 1623 1068 in
1648 1042 1683 1069 te

358 1081 504 1132 malum,
521 1087 557 1164 e)t
576 1081 683 1122 plaga
701 1090 774 1112 non
794 1080 1095 1122 appropinquabit
1111 1080 1156 1112 ad
1173 1080 1444 1112 tabernaculum
1467 1086 1565 1111 tuum
1579 1079 1597 1092 ''
1611 1079 1683 1120 (Ps.

357 1134 424 1157 xci.
441 1134 471 1166 9,
491 1133 532 1156 10
557 1136 564 1157 ε

184 1224 265 1268 per
291 1212 638 1255 “habitaculum
661 1212 892 1267 Jehovae’‘
917 1219 964 1254 et
993 1226 1072 1266 per
1100 1211 1480 1254 “tabernaculum
1508 1212 1684 1265 Ipsius'‘

184 1275 464 1331 significatur
488 1276 662 1318 caelum
689 1283 736 1318 et
767 1276 973 1325 ecclesia,
1001 1289 1080 1329 per
1109 1275 1484 1316 “habitaculum''
1510 1274 1685 1316 caelum

123 1374 126 1376 v
184 1346 232 1382 et
262 1339 454 1382 ecclesia
478 1340 627 1394 quoad
657 1353 776 1389 vera,
805 1345 851 1380 et
883 1352 962 1392 per
989 1338 1406 1380 “tabernaculum''
1431 1338 1606 1380 caelum
1638 1346 1685 1380 et

184 1402 377 1445 ecclesia
397 1402 547 1457 quoad
569 1403 719 1454 bona;
752 1402 944 1444 remotio
966 1408 1013 1443 et
1040 1402 1208 1443 tutatio
1233 1415 1260 1442 a
1285 1401 1415 1442 malis
1441 1408 1487 1443 et
1514 1415 1540 1442 a
1564 1401 1686 1442 falsis

185 1465 306 1516 mali,
339 1465 618 1520 significatur
654 1479 734 1519 per
769 1465 890 1520 quod
925 1464 1232 1506 “altissimum
1270 1466 1470 1518 posuerit
1507 1465 1686 1506 habita-

184 1527 335 1571 culum
360 1541 503 1578 suum,
531 1542 623 1570 non
647 1529 844 1570 incurret
871 1527 1054 1577 malum,
1082 1534 1129 1570 et
1157 1541 1248 1568 non
1280 1527 1417 1581 plaga
1442 1528 1686 1581 appropin-

142 1611 151 1621 ‘
185 1590 378 1647 quabit.'’
438 1591 579 1646 Apud
605 1591 815 1641 eundem,

226 1701 229 1705 <
251 1680 421 1769 “Evelffit
438 1687 474 1758 t?
493 1681 775 1768 e6]t)abernaeulo.
793 1686 830 1713 et
849 1680 1046 1713 eradicabit
1064 1685 1099 1713 te
1119 1691 1138 1713 e
1159 1687 1254 1713 terra
1269 1680 1495 1713 viventium'’
1512 1680 1586 1722 (Ps.
1603 1681 1650 1714 lii.
1669 1688 1688 1721 7

185 1814 298 1856 haec
323 1814 380 1856 de
406 1813 541 1868 Doeg
567 1813 810 1855 Edomita:
845 1813 966 1867 quod
988 1813 1205 1866 expulsus
1228 1814 1312 1855 erit
1338 1813 1396 1854 ab
1418 1813 1540 1855 omni
1566 1814 1688 1855 bono

185 1877 418 1926 ecclesiae,
438 1876 715 1931 significatur
731 1889 811 1930 per
830 1875 1053 1917 “Evellet
1075 1883 1122 1918 te
1144 1890 1168 1917 e
1192 1877 1489 1918 tabernaculo
1508 1877 1541 1928 ;'’
1567 1878 1688 1932 quod

186 1940 326 1982 etiam
355 1954 383 1982 a
412 1941 529 1981 veris
558 1939 792 1988 ecclesiae,
828 1937 1106 1993 significatur
1137 1953 1216 1993 per
1249 1940 1553 1982 “Eradicabit
1585 1947 1631 1982 te
1663 1955 1687 1981 e

188 2009 309 2046 terra
324 2003 572 2045 viventium
589 2002 623 2054 ;'’
651 2006 676 2023 ‘⁴
690 2003 840 2044 terra’⁷
857 2009 928 2044 est
946 2002 1150 2051 ecclesia,
1171 2009 1218 2044 et
1239 2004 1484 2044 “viventes
1497 2003 1516 2019 ’'
1533 2003 1688 2044 dicun-

187 2072 260 2109 tur
280 2066 355 2120 qui
378 2066 422 2107 in
447 2066 563 2107 veris
589 2080 649 2107 ex
674 2065 796 2107 bono
822 2072 940 2107 sunt.
1002 2066 1085 2106 Per
1109 2065 1491 2107 “tabernaculum
1504 2066 1523 2081 ''
1545 2067 1686 2120 signi·
1722 2107 1725 2110 Δ

187 2127 347 2171 fleatur
371 2128 563 2170 ecclesia
588 2129 738 2183 quoad
770 2129 952 2178 bonum,
981 2142 1059 2170 seu
1090 2128 1259 2170 bonum
1286 2129 1518 2179 ecclesiae,
1547 2131 1685 2171 etiam

187 2190 233 2233 in
258 2191 550 2246 sequentibus
578 2191 688 2233 locis
706 2205 776 2233 ;-
1423 2225 1440 2246 ,

262 2281 368 2324 Quod
383 2281 546 2324 Jehovah
563 2282 723 2322 posuerit
739 2281 1008 2314 tabernaculum
1028 2282 1063 2314 in
1081 2282 1200 2314 medio
1218 2282 1370 2321 illorum,
1388 2283 1633 2316 ambulaturus
1651 2283 1688 2316 in

364 2325 484 2358 medio
501 2325 653 2364 illorum,
671 2332 710 2358 ut
726 2333 822 2358 esset
837 2326 907 2358 illis
925 2326 960 2358 in
981 2326 1096 2358 Deum
1117 2326 1238 2367 (Levit.
1255 2327 1349 2359 xxvi.
1371 2335 1420 2365 11,
1442 2328 1514 2368 12);

131 2387 138 2396 ὦ
189 2401 276 2444 hoc
300 2401 419 2444 inter
443 2399 786 2443 benedictiones
812 2408 924 2444 erat.

265 2483 461 2526 Postquam
479 2483 655 2516 Dominus
673 2484 949 2516 transformatus
966 2491 1021 2517 est
1038 2495 1157 2517 coram
1174 2485 1290 2524 Petro,
1305 2484 1441 2527 Jacobo
1458 2492 1494 2518 et
1510 2485 1689 2527 johanne,

364 2528 454 2560 dixit
475 2527 611 2566 Petrus,
633 2529 652 2542 ⁴¹
665 2528 830 2566 Domine,
851 2529 987 2560 bonurn
1007 2534 1063 2561 est
1083 2539 1149 2561 nos
1174 2529 1230 2560 hic
1249 2539 1351 2568 esse;
1380 2530 1410 2561 si
1430 2530 1495 2567 vis,
1516 2529 1688 2561 faciamus

365 2571 423 2604 hic
446 2571 515 2603 tria
537 2572 775 2610 tabernacula,
797 2571 878 2604 Tibi
902 2581 1023 2611 unum,
1045 2578 1080 2604 et
1105 2572 1201 2605 Mosi
1221 2582 1343 2611 unum,
1364 2579 1399 2605 et
1425 2573 1523 2605 Eliae
1547 2573 1689 2605 unum'’

365 2614 508 2655 (Matth.
525 2615 606 2647 xvii.
623 2624 665 2654 4;
689 2616 800 2648 Marc.
820 2616 864 2647 ix.
884 2623 900 2654 5
916 2625 922 2653 ;
947 2616 1030 2648 Luc.
1049 2616 1094 2647 ix.
1113 2614 1224 2655 [¹133);

258 2657 418 2691 “Audivi
435 2667 561 2690 vocem
579 2669 748 2700 magnam
765 2669 785 2691 e
801 2659 901 2691 caelo
918 2659 1108 2698 dicentem,
1129 2659 1219 2692 Ecce
1236 2660 1506 2692 tabernaculum
1525 2660 1591 2692 Dei
1609 2670 1688 2692 cum

366 2701 581 2741 hominibus,
599 2703 658 2744 qui
675 2703 850 2735 habitabit
866 2713 945 2734 cum
963 2703 1032 2735 illis
1044 2702 1062 2715 '’
1080 2705 1194 2745 (Apoc.
1212 2704 1282 2735 xxi.
1302 2703 1355 2744 3);

258 2744 455 2778 “Deseruit
477 2747 671 2778 tentorium
697 2746 901 2785 Schiluntis,
926 2747 1204 2786 tabernaculum,
1230 2748 1266 2779 in
1295 2757 1366 2789 quo
1393 2748 1569 2779 habitavit
1596 2747 1689 2780 inter

367 2789 531 2821 homines
543 2788 560 2802 ’³
577 2789 722 2828 (Psalm.
740 2790 872 2822 lxxviii.
890 2790 946 2830 60)
961 2800 968 2827 ;
1691 2784 1701 2797 '

260 2833 278 2847 ‘¹
289 2832 503 2873 Repudiavit
520 2833 713 2865 tentorium
731 2833 878 2875 Josephi
890 2833 909 2846 '’
925 2834 1069 2873 (Psalm.
1087 2834 1221 2867 lxxviii,
1238 2834 1303 2875 67).

194 2920 331 2975 Quod
360 2922 644 2962 “tentorium
655 2921 674 2937 '’
700 2921 924 2976 significet
950 2922 1188 2964 ecclesiam
1215 2923 1363 2977 quoad
1389 2937 1496 2964 vera
1522 2921 1688 2965 doctri—

194 2997 294 3033 nae,
322 2990 505 3025 constat
536 2998 596 3025 ex
629 2984 739 3027 locis
769 2986 814 3026 in
845 2985 1002 3027 Verbo
1033 2985 1107 3027 ubi
1136 2987 1420 3028 “tentorium
1433 2986 1452 3002 ’'
1477 2992 1524 3028 et
1553 2989 1690 3028 “ten-

194 3045 340 3088 toria’'
365 3046 574 3088 dicuntur
