2054 3464
551 382 660 416 CAP.
687 382 790 423 ΧΠ,
813 381 953 415 VERs.
987 381 1157 415 1o.-—N.
1183 372 1354 428 746[a].
1593 383 1701 426 2093

275 493 363 547 ,nio
379 495 662 552 quorundam
679 501 772 546 est,
795 495 916 550 quod
943 496 987 537 in
1014 494 1102 538 fine
1124 496 1265 537 etiam
1288 493 1523 536 salventur
1545 507 1703 535 omnes

267 558 347 608 fin
366 559 543 603 inferno
568 565 703 610 sunt;
726 559 807 600 sed
830 559 952 613 quod
971 572 1107 600 nemo
1129 558 1295 600 salvari
1320 558 1465 612 possit
1489 571 1548 598 ex
1571 557 1707 597 mise-

276 668 279 670 ,
331 623 398 667 ia
434 622 716 672 immediata,
749 622 830 663 sed
872 636 932 663 ex
974 622 1190 671 mediata,
1224 628 1271 663 et
1312 621 1433 675 quod
1470 634 1610 674 usque
1647 633 1707 660 ex

264 721 269 731 f
297 707 302 722 τ
336 686 648 729 misericordia
674 685 909 727 salventur
933 686 1008 740 qui
1036 686 1252 727 Divinum
1279 684 1452 726 Verum
1479 685 1630 725 anima
1660 689 1707 724 et

135 734 349 802 we
373 764 401 793 a
432 749 632 792 Domino
658 750 896 803 recipiunt,
924 749 1135 790 videatur
1166 749 1210 789 in
1244 762 1379 802 opere
1405 747 1474 788 De
1507 746 1639 789 Caelo
1667 752 1710 787 et

370 823 372 826 ·
421 821 467 862 (ιι.
491 820 720 865 521-527).
780 810 884 851 Hoc
925 824 1108 864 quoque
1150 809 1427 863 intelligitur
1470 822 1550 863 per
1593 809 1706 849 haec

131 851 134 853 Δ
156 910 170 925 ,
155 842 346 924 everha
367 872 488 928 apud
516 871 787 922 Jolzannem,

270 965 440 1010 “Proprii
465 965 611 1008 Ipsum
613 976 687 999 non
712 972 945 1007 receperunt;
974 972 1149 1007 quotquot
1172 975 1259 997 vero
1283 970 1504 1006 receperunt,
1524 964 1623 996 dedit
1640 964 1709 995 illis

268 1038 272 1046 ,
299 1031 305 1038 =
321 1046 323 1049 ,
377 1017 594 1052 potestatem
609 1017 647 1043 ut
664 1011 724 1042 filii
744 1010 811 1042 Dei
825 1016 956 1049 essent,
970 1010 1197 1042 credentibus
1216 1010 1251 1041 in
1266 1019 1400 1040 nomen
1417 1008 1544 1050 Ipsius,
1559 1009 1617 1049 qui
1635 1017 1709 1039 non

377 1064 423 1087 ex
438 1054 683 1096 sanguinibus,
699 1064 814 1095 neque
831 1064 876 1086 ex
892 1054 1078 1086 voluntate
1096 1053 1224 1089 carnis
1240 1063 1354 1094 neque
1372 1063 1415 1084 ex
1429 1053 1614 1084 voluntate
1632 1051 1708 1089 viri,

140 1123 172 1182 l}
181 1134 250 1183 ᾗ
275 1148 277 1152 ι
377 1098 444 1132 sed
461 1108 506 1131 ex
523 1098 601 1131 Deo
619 1099 693 1130 nati
710 1097 822 1130 sunt''
839 1098 874 1138 (i.
891 1097 1031 1138 11-13):

139 1191 299 1260 w
303 1190 580 1247 '‘proprios“
602 1192 676 1246 qui
699 1205 791 1233 non
817 1196 1102 1245 receperunt,
1126 1189 1447 1243 intelliguntur
1469 1188 1533 1230 illi
1555 1189 1629 1243 qui
1652 1189 1710 1230 ab

135 1251 397 1310 “welesxa
421 1255 496 1298 ubi
522 1255 741 1304 Verbum,
769 1261 816 1296 et
848 1269 928 1309 per
953 1255 998 1296 id
1031 1254 1254 1295 Dominus
1281 1254 1431 1308 potuit
1458 1253 1545 1293 illis
1573 1259 1709 1294 notus

185 1317 1708 1436 ,2:¹3313223551225221³3¹3nffl¹sssst¹⁶÷d3335555&Egss'ffssijg

151 1411 222 1502 ” ,’
270 1460 445 1493 nomen
473 1447 620 1504 Ipsius
645 1451 930 1500 potestatem
957 1451 1006 1486 ut
1038 1444 1116 1486 filii
1149 1444 1234 1485 Dei
1266 1443 1453 1485 essent'’
1479 1443 1708 1498 significat

138 1496 313 1574 ffi-
355 1509 480 1555 millis
510 1510 586 1565 qui
616 1515 887 1564 receperunt
919 1509 977 1550 ab
1010 1508 1117 1563 Ipso
1143 1508 1309 1549 Divina
1339 1522 1448 1548 vera
1478 1508 1630 1548 anima
1661 1514 1709 1548 et

144 1574 357 1637 gwde,
387 1588 467 1617 seu
498 1573 587 1616 fide
618 1579 666 1615 et
697 1574 807 1623 vita,
841 1573 1018 1614 dederit
1051 1571 1254 1613 caelum·
1246 1605 1255 1622 ‚
1298 1585 1376 1625 per
1410 1571 1632 1612 “credere
1665 1571 1708 1612 in

123 1630 370 1691 men
396 1636 578 1693 Ipsius”
600 1636 882 1691 significatur
907 1636 1108 1690 recipere
1135 1635 1382 1676 Dominum
1410 1634 1497 1675 fide
1524 1641 1571 1675 et
1597 1635 1707 1682 vita,

148 1701 309 1769 elnam
348 1715 429 1756 per
467 1703 676 1742 “nomen
718 1698 933 1741 Domini''
974 1697 1253 1752 significatur
1293 1711 1428 1738 omne
1469 1711 1550 1750 per
1588 1697 1709 1751 quod

138 1823 155 1826 ,.
141 1741 392 1817 molitur
435 1777 516 1819 per
549 1762 702 1804 “filios
735 1762 854 1804 Dei”
885 1762 1206 1816 intelliguntur
1237 1762 1310 1815 qui
1347 1775 1373 1802 a
1406 1761 1606 1802 Domino
1637 1775 1708 1802 re-

263 1834 509 1870 nerantur:
551 1828 663 1882 “qui
690 1840 781 1868 non
813 1840 874 1868 ex
906 1824 1231 1879 sanguinibus”
1263 1823 1490 1878 significat
1517 1825 1591 1878 qui
1617 1837 1709 1865 non

158 1887 191 1903 ””
265 1888 557 1937 ificaverunt
593 1897 640 1932 et
683 1890 1059 1932 adulteraverunt
1091 1888 1324 1939 Verbum;
1370 1889 1483 1941 “qui
1521 1901 1612 1928 non
1649 1901 1709 1929 ex

265 1947 446 1997 l'untate
463 1953 640 2004 carnis,’
643 1953 896 2007 significat
917 1953 991 2007 qui
1013 1965 1105 1993 non
1127 1952 1172 1993 in
1195 1951 1326 1992 malis
1349 1966 1409 1992 ex
1428 1951 1610 2022 proprio
1628 1965 1710 1992 suo

202 2062 215 2083 <
269 2024 337 2060 t·
327 2019 470 2073 ,“qui
491 2031 582 2060 non
606 2031 665 2060 ex
683 2016 924 2058 voluntate
942 2015 1042 2057 viri’
1047 2014 1299 2069 'significat
1318 2016 1392 2069 qui
1410 2028 1501 2055 non
1521 2015 1565 2055 in
1587 2014 1710 2055 falsis

194 2087 266 2129 aex
289 2083 471 2156 proprio
493 2078 575 2124 suo
598 2087 734 2132 sunt;
770 2084 796 2101 “
811 2079 1058 2121 voluntas”
1082 2080 1202 2121 enim
1225 2078 1452 2132 significat
1480 2079 1710 2132 proprium

317 2147 417 2195 inis.
448 2145 623 2188 “caro”
647 2144 874 2199 significat
907 2143 1092 2190 malum
1123 2156 1175 2184 ac
1206 2147 1231 2163 “
1244 2142 1329 2184 vir'
1334 2141 1595 2195 ’significat
1627 2141 1709 2183 fal-

258 2222 330 2254 αις
359 2210 479 2252 “sed
501 2223 562 2251 ex
586 2209 688 2251 Deo
705 2209 806 2249 nati
820 2207 966 2256 sunt,”
985 2206 1212 2260 significat
1232 2207 1306 2260 qui
1328 2205 1586 2259 regenerati
1604 2211 1710 2247 sunt

262 2287 286 2315 r
314 2286 423 2315 vera
453 2287 514 2315 ex
543 2271 701 2314 Verbo
732 2278 780 2313 et
812 2285 892 2325 per
922 2271 1065 2312 vitam
1098 2270 1347 2311 secundum
1379 2269 1470 2310 illa.
1532 2269 1608 2309 Ex
1640 2268 1710 2309 his

266 2348 383 2392 oque
408 2343 622 2378 constare
647 2341 804 2390 potest
834 2335 955 2389 quod
987 2347 1079 2375 non
1106 2334 1271 2375 salvari
1304 2334 1481 2387 possint
1513 2333 1587 2386 qui
1620 2346 1711 2373 non

129 2411 131 2435 ἱ
197 2396 366 2459 {Volunt
401 2401 633 2443 reformari
668 2414 720 2442 ac
758 2399 1018 2453 regenerari
1059 2413 1085 2440 a
1126 2398 1341 2446 Domino,
1377 2397 1498 2451 quod
1541 2396 1590 2438 fit
1633 2410 1713 2451 per

122 2466 135 2502 ’ξ
198 2461 515 2519 &ceptionem
539 2463 692 2505 Divini
718 2463 828 2504 Veri
844 2462 942 2504 -fide
969 2469 1016 2504 et
1042 2463 1151 2503 vita.

203 2538 230 2553 ⁷·
267 2531 502 2587 746[a].
545 2531 676 2578 “Ouia
709 2531 923 2586 projectus
960 2534 1029 2572 est
1068 2534 1298 2572 accusator
1336 2529 1513 2570 fratrum
1552 2532 1714 2570 nostro-

190 2598 308 2637 ΗΜ,
314 2595 538 2649 ''—-Quod
569 2595 796 2649 significet
819 2601 1063 2648 postquam
1092 2593 1303 2647 separatz
1330 2607 1358 2634 a
1387 2592 1502 2633 caelo
1529 2597 1635 2633 sunt
1663 2605 1715 2633 ac

110 2650 203 2713 *siz-g
204 2661 415 2704 damnati
433 2661 612 2714 znfi’rno
632 2659 709 2702 i’llz
725 2660 808 2714 qui
828 2660 1205 2713 impugnaverunt
1225 2658 1366 2700 vztam
1374 2657 1495 2712 fidet
1514 2671 1626 2710 quae
1647 2662 1716 2698 est

111 2741 136 2779 ,ε
182 2720 419 2774 charitas,
453 2730 639 2766 constat
676 2738 736 2766 ex
769 2722 1147 2777 significatione‘
1156 2719 1403 2776 ‘projeetus
1436 2734 1550 2769 esse,
1557 2719 1577 2735 ”
1609 2732 1711 2761 cum

203 2786 266 2831 de
289 2788 502 2838 dracone,
526 2787 648 2843 quod
670 2789 729 2829 sit
755 2787 878 2843 quod
904 2786 969 2828 illi
993 2787 1069 2841 qui
1092 2800 1172 2840 per
1195 2784 1517 2827 “”draconem
1540 2782 1711 2825 intelli-

103 2848 391 2914 *Jn'g'guntun
422 2850 514 2891 sint
549 2850 751 2903 separati
786 2863 812 2890 a
847 2846 994 2898 caelo,
1027 2861 1080 2889 ac
1117 2847 1325 2889 damnati
1360 2845 1536 2886 inferno
1573 2855 1628 2894 (de
1648 2864 1714 2893 qua

175 2958 178 2962 ,
203 2920 359 2963 nfipmn.
375 2922 526 2966 739[a].
543 2922 671 2966 742)·
709 2926 769 2954 ex
800 2911 1138 2966 significatione
1164 2902 1488 2951 “accusatoris
1519 2907 1710 2948 fratrum

103 2983 149 3033 3.Ι
205 2974 485 3025 nostorum,”
516 2974 638 3029 quod
670 2975 762 3016 sint
799 2975 874 3029 qui
910 2974 1235 3028 impugnarunt
1267 2973 1411 3013 vitam
1444 2969 1560 3018 fidei,
1595 2982 1711 3023 quae

83 3043 158 3091 1ss
206 3044 279 3080 est
305 3037 504 3080 charitas
519 3052 530 3092 ;
563 3052 643 3093 per
667 3036 1052 3080 “accusatorem‘’
1078 3036 1198 3078 enim
1225 3034 1505 3089 significatur
1530 3033 1710 3087 impug-

144 1351 147 1358 ,
165 1345 173 1352 .

195 1379 203 1386 .
189 1370 246 1432 ᾗμ
