2054 3464
374 362 482 404 2032
784 360 1115 394 APOCALYPSIS
1146 361 1443 395 EXPLICATA.

374 472 578 514 deserti’'
604 472 912 526 significantur
943 486 1091 514 merae
1122 473 1457 514 falsificationes
1489 487 1547 514 ex
1574 473 1731 527 quibus
1761 472 1852 515 illa.

374 534 599 588 Quoniam
631 535 748 588 apud
781 542 967 588 gentem
991 535 1221 587 Judaicam
1250 537 1399 576 omnia
1426 535 1565 576 Verbi
1597 535 1855 577 adulterata

371 597 562 645 suerunt,
591 604 636 638 et
669 598 727 638 ibi
759 611 848 638 non
880 610 1033 638 verum
1065 597 1256 651 amplius
1288 599 1389 651 quia
1421 611 1511 638 non
1542 598 1724 646 bonum,
1750 597 1855 639 ideo

371 659 600 712 Johannes
628 660 838 713 Baptista
867 661 949 700 “in
976 660 1158 700 deserto
1174 659 1192 674 ”
1218 659 1313 709 fuit,
1342 674 1420 713 per
1441 661 1561 713 quod
1592 665 1854 713 repraesen-

373 722 555 762 tabatur
580 728 728 763 status
753 722 870 762 illius
894 722 1127 771 ecclesiae,
1154 722 1209 763 de
1232 736 1318 776 qua
1344 737 1389 763 re
1416 723 1480 763 ita
1506 723 1623 776 apud
1648 722 1855 776 Evange-

373 783 503 824 listas
520 799 536 824 .·

445 872 628 914 Johannes
655 873 818 913 Baptista
843 873 937 905 “fuit
961 873 996 904 in
1021 873 1169 905 desertis
1193 883 1304 914 usque
1331 874 1376 906 ad
1406 874 1481 905 dies
1506 874 1738 914 apparitionis
1761 863 1856 907 illius

546 917 590 947 ad
612 916 810 947 Israelem”
831 916 925 955 (Luc.
945 917 965 948 i.
984 914 1099 956 [¹180):

448 959 837 1043 Quoderae‘dicaverit)
858 960 893 991 in
918 960 1059 991 deserto
1078 960 1234 1002 Judaeae
1266 959 1407 1000 (Matth.
1425 960 1470 992 iii.
1491 969 1571 1000 1-3;
1603 961 1714 993 Marc.
1731 960 1752 993 i.
1770 968 1855 1000 2-4;

577 1014 626 1034 uc.
645 1013 690 1034 111.
709 1011 738 1041 2,
756 1012 786 1042 4,
806 1011 822 1042 5
850 1014 856 1035 :

372 1091 417 1125 et
445 1085 562 1138 apud
584 1084 787 1133 Esaiam,

438 1160 553 1191 “Vox
573 1160 760 1191 clamantis
786 1160 820 1191 in
842 1160 993 1198 deserto,
1016 1159 1142 1192 Parate
1161 1161 1254 1192 viam
1279 1160 1446 1203 Jehovae,
1468 1161 1690 1202 complanate
1714 1148 1750 1193 in
1774 1161 1858 1194 soli-

548 1204 670 1235 tudine
691 1204 854 1234 semitam
876 1203 953 1235 Deo
974 1210 1097 1236 nostro
1113 1203 1130 1215 ’¹
1150 1203 1208 1244 (xl.
1227 1204 1269 1244 3).

374 1298 524 1352 Quare
553 1300 690 1340 etiam
720 1300 940 1340 Dominus
963 1300 1018 1341 de
1044 1299 1441 1353 “Hierosolyma‚”
1465 1314 1542 1353 per
1563 1313 1696 1354 quam
1720 1298 1855 1341 intel-

377 1362 529 1415 ligitur
555 1362 747 1403 ecelesia
773 1363 920 1420 quoad
946 1361 1212 1411 dofflstxam,
1241 1363 1358 1403 dixit
1385 1363 1505 1416 quod

611 1457 863 1498 “Relinquitur
882 1458 1009 1489 domus
1029 1464 1148 1489 vestra
1166 1457 1335 1489 deserta''
1355 1457 1449 1498 (Luc.
1467 1458 1538 1489 xiii.
1556 1457 1629 1498 35):

376 1550 573 1591 “domus
611 1551 823 1592 deserta’'
861 1550 1085 1604 significat
1123 1550 1362 1592 ecclesiam
1400 1550 1567 1604 absque
1603 1550 1719 1592 veris
1755 1549 1859 1604 quia

373 1613 541 1666 absque
582 1613 714 1654 bono.
797 1612 915 1666 Quid
959 1620 1111 1654 autem
1152 1612 1430 1666 significatur
1470 1627 1547 1666 per
1587 1612 1699 1653 haec
1738 1611 1857 1666 apud

372 1675 663 1724 Matthaeum,

438 1764 503 1795 “Si
528 1764 680 1795 dixerint
704 1765 819 1803 vobis,
846 1764 966 1796 Ecce’'
988 1765 1152 1796 Christus
1174 1765 1240 1796 “in
1266 1765 1407 1796 deserto
1431 1769 1494 1802 est,
1520 1773 1564 1795 ne
1588 1763 1745 1802 exeatis;
1769 1763 1799 1795 si
1821 1763 1858 1795 in

546 1808 783 1846 conclavibus,
805 1818 849 1839 ne
869 1809 1019 1840 credatis
1033 1808 1051 1820 ”
1072 1808 1177 1848 (xxiv.
1197 1809 1260 1846 26),

372 1895 581 1936 videatur
611 1895 895 1948 explicatum
933 1897 977 1936 in
1007 1896 1208 1936 Ananis
1243 1895 1519 1937 caelestibus
1549 1905 1594 1943 (n.
1617 1905 1736 1943 3900):
1778 1907 1858 1948 per

376 1955 675 1997 “Christum''
717 1958 835 1997 enim
881 1957 1152 2010 intelligitur
1197 1957 1416 1997 Dominus
1457 1956 1604 2017 quoafl
1646 1956 1857 1997 Divinum

375 2017 559 2066 Verum,
594 2019 780 2071 proinde
812 2019 960 2072 quoad
998 2019 1201 2059 Verbum
1241 2025 1287 2060 et
1319 2020 1466 2072 quoad
1507 2017 1757 2059 doctrinam
1798 2022 1871 2059 ex'

376 2079 557 2130 Verb0;
591 2087 637 2121 et
670 2095 747 2134 per
776 2081 948 2121 “falsos
982 2081 1228 2133 Christosst
1255 2082 1311 2122 de
1337 2081 1494 2134 quibus
1526 2081 1603 2121 illa
1634 2081 1856 2129 dicuntur,

375 2142 684 2194 significantur
705 2143 820 2183 falsa
842 2142 1074 2184 doctrinae
1097 2158 1155 2184 ex
1177 2144 1292 2206 veris
1312 2143 1450 2184 Verbi
1473 2143 1731 2184 falsificatis.
1783 2142 1858 2184 Ex

375 2204 525 2245 allatis
548 2219 571 2245 e
594 2205 748 2246 Verbo
773 2205 883 2246 locis
906 2212 1115 2246 constare
1139 2212 1293 2258 potest
1316 2205 1434 2259 quod
1458 2220 1535 2259 per
1560 2204 1859 2246 “desertum”

375 2267 658 2320 intelligatur
684 2268 876 2308 ecclesia
901 2268 974 2308 ubi
1005 2281 1093 2308 non
1121 2282 1226 2308 vera
1248 2269 1349 2321 quia
1377 2282 1465 2308 non
1493 2269 1674 2316 bonurn,
1699 2281 1858 2308 conse-

375 2335 565 2382 quenter
597 2330 669 2369 ubi
710 2329 870 2370 falsum
903 2331 1005 2383 quia
1036 2329 1218 2378 malum,
1253 2343 1355 2370 nam
1388 2330 1461 2370 ubi
1500 2343 1589 2370 non
1620 2343 1774 2379 verum
1811 2336 1858 2372 et

375 2392 542 2432 bonum
565 2392 624 2432 ibi
642 2398 711 2432 est
730 2392 889 2432 falsum
907 2399 952 2432 et
971 2392 1167 2442 malum;
1201 2406 1290 2432 non
1309 2392 1441 2432 datur
1458 2398 1694 2445 utrumque
1712 2391 1859 2442 simul,

376 2456 495 2508 quod
527 2454 795 2507 intelligitur
827 2469 904 2507 per
937 2455 1121 2495 Domini
1155 2455 1305 2503 verba,
1333 2455 1452 2508 quod
1484 2459 1654 2495 “nemo
1685 2454 1859 2495 duobus

375 2518 568 2558 dominis
595 2518 759 2558 servire
785 2517 966 2570 possit.”
1835 2530 1839 2533 ’

459 2584 538 2639 [a]
586 2585 670 2637 (ii.)
706 2584 840 2637 Quod
868 2598 947 2637 per
970 2586 1244 2625 “desertum
1257 2584 1277 2599 ’'
1299 2585 1437 2624 etiam
1464 2583 1743 2637 significetur
1764 2589 1858 2625 sta-

376 2653 449 2688 tus
476 2646 692 2687 ecclesiae
716 2646 833 2699 apud
863 2652 1039 2698 gentes,
1064 2659 1177 2699 quae
1203 2647 1245 2685 in
1272 2646 1527 2698 ignorantia
1549 2646 1640 2686 veri
1665 2645 1856 2694 fuerunt,

377 2716 422 2750 et
446 2724 583 2762 usque
610 2710 653 2749 in
680 2709 799 2749 bono
825 2710 946 2749 vitae
974 2708 1219 2749 secundum
1242 2721 1369 2748 suum
1391 2708 1664 2760 religiosum,
1688 2722 1747 2749 ex
1770 2722 1859 2762 quo

378 2772 746 2812 desideraverunt
788 2785 907 2819 vera,
948 2777 1158 2812 constare
1197 2771 1334 2811 etiam
1373 2777 1525 2823 potest
1567 2785 1626 2811 ex
1666 2770 1776 2811 locis
1812 2771 1857 2811 in

377 2834 531 2875 Verbo
563 2834 635 2874 ubi
667 2834 722 2874 de
754 2833 945 2874 ecclesia
970 2834 1087 2887 apud
1119 2839 1281 2890 gentes
1308 2833 1598 2873 instauranda
1624 2834 1773 2886 agitur
1788 2846 1858 2874 :—

377 2896 515 2950 Apud
541 2895 742 2945 Esaiam,

443 2995 461 3008 “
474 2993 682 3026 Effundetur
701 3003 806 3034 super
827 2990 925 3026 [²]vos
946 2993 1088 3034 spirims
1109 3003 1153 3025 ex
1171 2992 1253 3031 alm.
1274 2998 1356 3024 tunc
1377 2992 1554 3024 desertum
1575 2980 1640 3023 erit
1665 2991 1700 3023 in
1720 3000 1854 3029 arvum,
