2054 3464
372 357 483 400 2030
783 359 1113 395 APOCALYPSIS
1144 363 1441 396 EXPLICATA.

432 468 552 509 “Quia
568 470 735 502 adulteris
756 471 860 511 plena
879 479 933 503 est
953 479 1055 511 terra,
1070 474 1152 515 quia
1171 481 1315 516 propter
1332 474 1616 508 maledictionem
1634 476 1731 518 luget
1747 482 1849 517 terra,

539 520 750 546 exaruerunt
768 525 897 555 pascua
913 516 1043 548 deserti
1054 516 1072 529 '’
1089 518 1197 558 (xxiii.
1217 519 1270 559 10)
1285 530 1291 551 :

365 620 443 660 per
467 611 671 649 “'terram
694 610 909 652 adulteris
932 611 1112 665 plenam
1128 612 1146 628 ’'
1169 613 1446 667 significatur
1468 614 1673 663 ecclesia,
1697 615 1741 656 in
1763 629 1850 669 qua

364 670 483 710 bona
509 678 554 711 et
582 685 687 712 vera
719 672 809 725 ejus
842 688 901 714 ex
928 674 1082 715 Verbo
1108 676 1365 717 adulterata
1396 683 1528 727 sunt;
1562 691 1640 730 per
1668 677 1849 719 “male‘-

364 730 647 782 dic'tionem‚'’
679 742 862 788 propter
900 750 1032 789 quam
1070 737 1196 790 luget
1236 745 1368 787 terra,
1402 739 1678 792 significatur
1715 753 1849 782 omne

364 795 531 835 malum
554 797 674 837 vitae
697 804 742 838 et
769 797 929 838 falsum
954 798 1184 840 doctrinae
1204 814 1213 851 ;
1246 807 1292 841 et
1316 815 1393 854 per
1417 806 1620 855 “pascua
1642 801 1848 851 deserti,”

363 871 475 910 quae
502 867 790 910 exaruerunt,
819 861 1128 915 significantur
1153 865 1440 917 cognitiones
1466 865 1572 905 boni
1598 871 1643 906 et
1670 865 1762 906 veri
1787 878 1847 906 ex

363 919 518 961 Verbo
541 935 550 972 ;
602 926 626 942 “
646 936 810 976 pascua
823 924 842 939 ’'
884 931 987 965 sunt
1033 925 1136 966 illae
1177 927 1462 979 cognitiones
1504 928 1605 980 quia
1649 928 1847 968 animum

362 983 503 1033 alunt,
538 991 583 1025 et
619 986 884 1027 “desertum
897 987 916 1002 ‘’
948 994 1017 1029 est
1050 988 1251 1030 Verbum
1283 1002 1384 1030 cum
1421 989 1727 1031 adulteratum
1759 997 1844 1032 est.
1870 1023 1875 1033 ,

363 1045 500 1100 Apud
526 1047 757 1098 Davidem,

433 1143 595 1185 Jehovah
616 1145 745 1185 “ponit
770 1145 895 1177 fluvios
921 1146 956 1177 in
981 1147 1171 1184 desertum,
1192 1154 1227 1179 et
1249 1148 1362 1179 exitus
1386 1158 1556 1189 aquarum
1580 1149 1616 1180 in
1641 1149 1845 1188 siccitatem,

535 1193 665 1219 terram
683 1187 817 1220 fructus
835 1190 870 1220 in
888 1190 1114 1231 salsuginem,
1130 1192 1176 1222 ob
1194 1191 1365 1223 malitiam
1382 1192 1617 1223 habitantium
1636 1192 1671 1223 in
1689 1192 1759 1224 ea”
1772 1192 1845 1233 (Ps.

535 1231 611 1263 cvii·
631 1240 681 1270 33,
701 1231 773 1272 34)=

361 1345 439 1384 per
467 1332 660 1373 “fluvios
677 1332 695 1348 '’
722 1334 794 1386 qui
824 1337 1088 1387 “ponuntur
1118 1335 1162 1375 in
1190 1335 1450 1376 desertum''
1476 1335 1753 1389 significatur
1776 1336 1844 1377 in·

361 1394 618 1447 telligentia
644 1410 702 1436 ex
729 1396 964 1437 intellectu
989 1399 1094 1446 veri,
1123 1404 1169 1438 et
1196 1412 1371 1452 quoque
1398 1398 1538 1439 Verbi
1565 1399 1712 1452 quoad
1739 1411 1843 1440 sen-

360 1470 457 1497 sum
480 1458 738 1498 interiorem
762 1458 867 1511 ejus,
893 1460 1133 1501 devastata
1159 1474 1237 1513 per
1258 1460 1368 1501 falsa
1391 1474 1450 1501 ex
1474 1460 1621 1512 malo;
1657 1460 1812 1501 “fluvii
1823 1460 1844 1476 '’

360 1525 464 1560 sunt
492 1520 601 1560 talia
627 1534 740 1574 quae
766 1521 1113 1574 intelligentiae,
1140 1529 1186 1563 et
1212 1523 1482 1563 “desertum
1495 1522 1514 1538 ''
1537 1523 1609 1563 ubi
1635 1536 1724 1564 non
1750 1522 1843 1572 illa,

360 1582 439 1622 sed
470 1581 570 1622 loco
597 1597 749 1624 eorum
775 1584 886 1624 falsa
913 1598 971 1624 ex
998 1585 1141 1625 malo:
1176 1599 1254 1638 per
1282 1586 1471 1626 “exitus
1497 1598 1712 1639 aquarum
1725 1585 1744 1601 ”
1770 1587 1844 1639 qui

362 1647 627 1697 “ponuntur
657 1646 701 1686 in
739 1646 1024 1687 sice-itatem''
1055 1647 1334 1700 significatur
1366 1648 1485 1701 quod
1517 1647 1676 1688 ultima
1707 1648 1842 1704 intel-

360 1705 517 1756 lectus,
542 1722 655 1761 quae
678 1710 963 1761 cognitiones
986 1711 1078 1750 veri
1104 1716 1150 1751 et
1177 1710 1283 1750 boni
1305 1716 1539 1759 vocantur,
1564 1711 1653 1751 sint
1675 1710 1844 1764 absque

359 1771 480 1810 omni
507 1771 604 1811 luce
628 1778 673 1812 et
696 1770 929 1813 affectione
953 1772 1170 1825 spirituali
1197 1773 1315 1823 veri;
1351 1772 1564 1826 “aquae’'
1587 1772 1842 1828 significant

358 1846 477 1882 vera,
500 1834 749 1874 “siccitas''
768 1834 1125 1887 deprivationem
1148 1848 1300 1875 eorum
1324 1849 1382 1875 ex
1406 1848 1496 1875 non
1519 1835 1617 1876 luce
1639 1841 1685 1876 et
1708 1834 1841 1876 affec-

359 1895 498 1944 tione,
527 1901 572 1936 et
602 1897 792 1936 “exitus
806 1896 824 1912 '’
851 1896 1010 1937 ultima
1038 1910 1204 1946 eorum,
1233 1897 1383 1950 qualia
1415 1903 1518 1938 sunt
1549 1911 1655 1938 vera
1686 1910 1842 1938 sensus

359 1957 539 1999 litterae
579 1958 743 1999 Verbi:
787 1973 865 2012 per
899 1963 1103 2000 “terram
1146 1957 1343 2000 fructu&
1375 1973 1488 2013 quae
1526 1963 1759 2013 “ponetur
1797 1961 1842 2000 in

359 2020 663 2073 salsuginem”
690 2021 968 2074 significatur
1000 2022 1167 2062 bonum
1198 2023 1362 2062 amoris
1394 2028 1440 2063 et
1474 2023 1594 2062 vitae
1626 2022 1865 2075 profunde.

357 2089 586 2124 vastatum
607 2098 683 2137 per
702 2084 812 2124 falsa
832 2098 840 2134 ;
868 2088 893 2104 “
908 2084 1120 2137 salsugo'’
1135 2091 1205 2125 est
1223 2085 1480 2126 devastatio
1498 2085 1590 2125 veri
1608 2098 1686 2138 per
1703 2084 1839 2125 falsa:

358 2151 404 2186 et
431 2147 532 2199 quia
558 2148 702 2187 omnis
729 2147 986 2187 devastatio
1013 2161 1091 2200 per
1115 2147 1226 2188 salsa
1251 2154 1321 2188 est
1348 2162 1407 2188 ex
1434 2146 1554 2187 malo
1579 2148 1715 2196 vitae,
1739 2147 1842 2188 ideo

358 2210 551 2259 additur,
587 2210 684 2250 “ob
716 2210 935 2251 malitiam
967 2210 1273 2251 habitantium
1305 2211 1349 2250 in
1381 2210 1495 2250 ea.”·
1541 2209 1679 2264 Apud
1710 2210 1842 2258 Jere-

358 2286 506 2322 mzam,

425 2368 555 2399 “Tolle
575 2368 696 2399 oculos
717 2375 796 2399 tuos
820 2368 865 2399 ad
889 2368 1008 2406 colles,
1029 2375 1064 2400 et
1083 2369 1164 2400 vide
1182 2368 1242 2399 ubi
1264 2366 1368 2410 [non]
1391 2374 1550 2409 stuprata
1569 2378 1627 2407 es;
1652 2378 1758 2408 super
1777 2368 1842 2400 viis

532 2412 654 2443 sedisti
673 2412 760 2443 sicut
774 2411 891 2443 Arabs
909 2412 944 2443 in
962 2413 1102 2443 deserto
1117 2421 1123 2449 ;
1148 2413 1242 2443 unde
1262 2412 1458 2452 profanasti
1476 2418 1606 2443 terram
1620 2412 1843 2443 scortationi-

532 2456 596 2486 bus
614 2456 682 2486 tuis
701 2462 735 2486 et
752 2456 886 2486 malitia
903 2455 992 2486 tua”
1010 2456 1072 2495 (iii.
1091 2457 1142 2495 2):

357 2563 436 2603 per
481 2548 593 2589 haec
639 2563 815 2602 quoque
861 2548 1129 2589 describitur
1174 2548 1447 2589 adulteratio
1495 2554 1541 2588 et
1589 2547 1841 2589 falsificatio

358 2611 524 2662 Verbi;
567 2625 644 2663 per
679 2611 940 2664 “stuprari'’
977 2617 1023 2651 et
1064 2611 1290 2651 “scortari
1306 2610 1325 2626 '’
1361 2610 1465 2651 illae
1502 2609 1838 2663 significantur:

357 2675 461 2715 inde
488 2674 657 2714 “Tolle
690 2674 843 2714 oculos
876 2674 932 2714 ad
965 2673 1119 2722 colles,
1152 2680 1198 2714 et
1230 2674 1331 2714 vide
1363 2674 1436 2714 ubi
1471 2672 1599 2727 [non]
1633 2679 1841 2726 stuprata

358 2737 445 2784 es,''
477 2736 700 2789 significat
733 2737 1093 2777 animadvertere
1124 2736 1181 2776 ad
1213 2737 1497 2788 cognitiones
1529 2737 1620 2776 veri
1652 2742 1698 2776 et
1735 2736 1840 2776 boni

357 2801 401 2840 in
442 2800 610 2848 Verbo,
644 2800 763 2852 quod
804 2799 1118 2848 adulteratae;
1155 2798 1353 2839 “tollere
1394 2798 1579 2839 oculos''
1616 2798 1840 2851 significat

357 2863 717 2903 animadvertere
735 2876 743 2912 ;
771 2865 795 2881 “
808 2861 978 2902 colles”
997 2861 1251 2914 significant
1270 2862 1555 2914 cognitiones
1573 2861 1686 2910 illas,
1703 2874 1838 2914 prop-

357 2931 427 2966 ter
453 2924 577 2965 lucos
604 2931 649 2965 et
675 2925 862 2965 arbores
883 2939 996 2978 quae
1019 2938 1151 2977 super
1175 2924 1275 2972 illis,
1300 2938 1379 2977 per
1403 2938 1512 2977 quas
1538 2923 1642 2964 illae
1668 2922 1838 2976 signifi-

358 2993 545 3039 cantur;
588 2988 724 3028 etiam
756 3001 834 3040 per
868 2987 1077 3028 “colles'’
1109 2986 1417 3040 significantur
1447 2987 1566 3027 bona
1602 2987 1837 3028 charitatis
