2054 3464
367 357 473 408 1996
772 365 1104 399 APOCALYPSIS
1136 367 1435 401 EXPLICATA.

364 475 549 517 “filios’'
579 477 892 529 significantur
922 492 1043 526 vera,
1075 479 1240 520 dicitur
1269 480 1389 533 quod
1423 467 1692 532 “ponentur
1726 479 1844 521 sicut

360 538 537 591 gladius
581 540 785 591 potentis
804 540 838 590 ;'’
881 540 1098 593 “gladius
1143 542 1347 594 potentis
1363 542 1382 557 '’
1421 542 1648 594 significat
1687 555 1844 583 verum

360 607 577 653 potenter
603 602 844 642 destruens
869 602 1045 643 falsum.
1104 603 1244 656 Apud
1269 603 1474 653 Esaiam,

428 688 629 720 “Excitabo
654 696 778 721 contra
801 690 881 721 illos
908 690 1100 728 Medum,..
1115 701 1300 732 ..quorum
1325 701 1426 723 arcus
1454 692 1603 732 juvenes
1630 691 1786 730 allident,
1810 697 1847 727 et

538 731 672 763 fructus
689 733 824 764 ventris
842 743 914 764 non
936 734 1205 772 miserebuntur,
1220 735 1299 766 filiis
1314 745 1385 766 non
1404 741 1523 775 parcet
1540 735 1662 766 oculus
1676 735 1816 766 illorum
1828 733 1845 746 ”

535 776 619 814 (xiii.
642 783 691 814 17,
712 777 783 816 18):

360 857 574 909 quoniam
614 870 694 909 per
735 857 996 898 “Medum''
1034 858 1355 911 intelliguntur
1393 860 1467 912 qui
1506 859 1632 900 nihili
1674 859 1845 900 faciunt

360 932 467 958 vera
507 925 552 959 et
592 919 713 959 bona
750 919 989 968 ecclesiae,
1026 920 1129 960 ideo
1165 922 1305 961 etiam
1342 922 1518 969 dicitur,
1554 921 1718 961 “Filiis
1754 934 1845 962 non

360 987 515 1033 parcet
547 981 704 1021 oculus
736 982 932 1030 eorum,”
961 981 1074 1022 “filii
1087 982 1106 997 '¹
1132 996 1327 1036 namque
1358 989 1463 1023 sunt
1494 997 1601 1039 vera
1626 982 1769 1024 Verbi
1797 989 1846 1024 et

360 1039 596 1080 eCCleSlae.
674 1052 752 1089 (Sed
781 1052 861 1081 haec
887 1053 1054 1081 videantur
1080 1061 1185 1090 supra,
1217 1062 1247 1083 n.
1276 1052 1421 1094 710[c],
1450 1037 1630 1092 eiplicata.)
1705 1042 1846 1096 Apud

361 1101 625 1151 Jeremz'am,

427 1186 664 1218 “Tentorium
683 1197 801 1218 meum
819 1188 1042 1219 devastatum
1060 1193 1126 1226 est,
1144 1194 1179 1219 et
1198 1198 1324 1220 omnes
1345 1189 1448 1220 funes
1468 1189 1538 1220 mei
1556 1188 1679 1227 evulsi,
1696 1188 1757 1220 filii
1777 1187 1847 1220 mei

534 1230 720 1261 exiverunt
737 1241 758 1261 a
777 1230 845 1267 Me.
864 1237 898 1262 et
916 1241 986 1262 non
1005 1231 1055 1262 illi
1066 1231 1083 1243 '¹
1101 1231 1146 1271 (x.
1165 1232 1238 1271 2o):

361 1327 440 1366 per
477 1314 798 1354 “tentorium''
838 1315 958 1367 quod
1003 1315 1295 1355 devastatum
1335 1315 1614 1368 significatur
1651 1315 1846 1356 ecclesia

359 1376 507 1429 quoad
535 1375 704 1415 bonum
732 1377 899 1416 amoris
924 1383 970 1417 et
996 1391 1055 1417 ex
1081 1391 1136 1417 eo
1161 1377 1349 1426 cultum,
1377 1378 1524 1417 omnis
1550 1378 1671 1417 enim
1696 1377 1846 1418 cult-us

359 1439 610 1491 antiquitus
636 1439 848 1491 peractus
874 1446 945 1479 est
971 1440 1015 1479 in
1042 1441 1266 1487 tentoriis,
1295 1447 1341 1480 et
1367 1446 1530 1493 postea
1555 1441 1599 1480 in
1625 1439 1847 1480 Tentorio

359 1508 630 1548 conventus,
663 1502 707 1541 in
739 1515 929 1554 quorum
961 1503 1228 1542 memoriam
1260 1503 1521 1543 institutum
1553 1509 1623 1543 est
1657 1502 1861 1544 Festum*

359 1563 682 1603 Tentoriorum
725 1577 803 1604 seu
842 1564 1264 1604 Tabernaculorum
1291 1579 1298 1614 ;
1347 1569 1372 1585 “
1391 1578 1550 1604 omnes
1591 1564 1718 1605 funes
1759 1565 1847 1620 mei

359 1625 532 1666 evulsi'’
555 1626 780 1678 significat
806 1627 927 1679 quod
953 1640 1045 1666 non
1068 1627 1326 1679 conjunctio
1352 1628 1446 1667 veri
1471 1640 1573 1667 cum
1598 1627 1735 1676 bono,
1763 1639 1846 1668 nec

358 1689 603 1728 veritatum
623 1689 742 1728 inter
761 1703 824 1736 se,
844 1703 959 1742 quae
980 1689 1041 1729 sic
1060 1689 1278 1742 dilapsae,
1295 1696 1341 1730 et
1359 1689 1463 1729 inde
1482 1703 1572 1730 non
1589 1688 1847 1742 conjunctio

359 1750 473 1790 caeli
496 1764 597 1790 cum
625 1751 847 1801 ecclesia;
882 1751 996 1791 “filii
1023 1751 1111 1791 mei
1133 1752 1374 1792 exiverunt
1397 1765 1422 1791 a
1445 1751 1535 1800 Me,
1560 1757 1606 1792 et
1629 1765 1720 1792 non
1741 1750 1848 1799 illi‚”

360 1812 586 1865 significat
613 1813 733 1866 quod
760 1827 867 1853 vera
894 1813 1116 1854 ecclesiae
1146 1827 1206 1853 ex
1233 1813 1390 1853 Verbo
1416 1814 1638 1866 dissipata
1667 1813 1773 1862 sint,
1800 1819 1846 1854 et

359 1875 478 1927 quod
506 1876 566 1915 sic
594 1875 733 1915 homo
759 1889 807 1915 se
833 1876 1078 1916 removerit
1104 1889 1129 1915 a
1156 1875 1368 1915 Domino.
1428 1875 1568 1928 Apud
1594 1875 1805 1922 eundem,

425 1962 443 1975 “
455 1961 545 1992 Ecce
564 1961 640 2001 Ego
659 1962 829 1993 reducens
847 1962 1091 2002 captivitatem
1111 1963 1344 1997 tentoriorum
1363 1962 1496 2002 Jacobi,
1514 1968 1549 1993 et
1565 1961 1846 1993 habitaculorum

532 2005 608 2045 ejus
630 2006 834 2043 miserebor,
853 2011 890 2036 ut
910 2005 1112 2036 aedificetur
1134 2006 1215 2036 urbs
1235 2015 1342 2045 super
1362 2005 1498 2036 tumulo
1523 2015 1598 2042 su0,
1618 2011 1653 2036 et
1676 2005 1846 2045 palatium

532 2048 632 2088 juxta
650 2058 783 2079 morem
802 2058 904 2079 suurn
922 2049 1136 2079 habitabitur
1152 2058 1174 2084 ;.
1189 2073 1196 2080 .
1211 2073 1217 2080 .
1233 2055 1282 2079 .et
1299 2055 1402 2079 erunt
1422 2048 1482 2079 filii
1501 2049 1577 2088 ejus
1595 2049 1684 2079 sicut
1701 2047 1796 2086 olim,
1813 2054 1857 2079 et·

532 2092 762 2131 congregatio
779 2092 856 2131 ejus
874 2101 991 2122 coram
1013 2091 1073 2122 Me
1090 2092 1267 2123 constabit
1279 2091 1297 2102 ''
1314 2091 1407 2131 (xxx.
1429 2092 1477 2129 18,
1497 2091 1550 2131 20)
1566 2102 1572 2123 :

359 2191 438 2230 per
469 2178 708 2218 “tentoria
739 2177 930 2229 Jacobi'’
961 2183 1006 2218 et
1041 2177 1375 2217 “habitacula''
1406 2176 1499 2229 ejus
1536 2176 1848 2230 significantur

359 2240 524 2279 omnia·
547 2239 767 2279 ecclesiae
801 2245 847 2279 et
889 2239 982 2291 ejus
1024 2239 1273 2287 doctrinae,
1312 2253 1391 2292 per
1424 2239 1662 2280 “tentoria
1677 2238 1697 2253 ”
1727 2239 1848 2279 bona

359 2302 468 2354 ejus,
501 2307 546 2341 et
583 2315 661 2354 per
686 2301 1021 2342 “habitacula”
1046 2315 1154 2342 vera
1184 2302 1306 2354 ejus:
1349 2315 1428 2354 per
1461 2296 1848 2354 “captivitatem’'

359 2364 539 2404 illorum
580 2363 860 2416 significatur
899 2365 1144 2417 captivitas
1183 2364 1444 2416 spiritualis,
1483 2377 1598 2416 quae
1637 2370 1707 2404 est
1745 2376 1847 2404 cum

360 2433 547 2479 propter
573 2426 700 2473 falsa,
729 2440 844 2478 quae
871 2432 1085 2478 regnant,
1112 2440 1220 2466 vera
1245 2433 1291 2466 et
1314 2426 1435 2466 bona
1460 2425 1602 2466 Verbi
1625 2439 1715 2465 non
1741 2439 1846 2479 pos-

360 2495 466 2529 sunt
497 2489 691 2541 percipi:
733 2488 845 2528 falsa
876 2489 1105 2528 discutere
1139 2495 1185 2528 et
1216 2502 1323 2528 vera
1353 2489 1534 2537 docere,
1567 2487 1848 2540 significatur

360 2565 438 2604 per
471 2550 725 2590 “reducere
754 2543 1077 2602 captivitatem
1096 2550 1130 2590 :”
1164 2555 1251 2590 “ut
1283 2550 1548 2590 aedificetur
1578 2550 1683 2589 urbs
1713 2563 1848 2602 super

360 2613 538 2653 tumulo
569 2611 691 2659 suosy
714 2612 940 2665 significat
972 2612 1227 2653 doctrinam
1260 2615 1319 2652 ex
1350 2613 1468 2652 veris
1498 2626 1578 2664 per
1606 2611 1719 2652 falsa
1749 2611 1846 2652 col-

361 2676 565 2728 lapsam3
600 2674 744 2714 “urbs
762 2674 779 2688 '¹
802 2681 873 2714 est
896 2674 1130 2715 doctrina:
1167 2679 1251 2714 “et
1278 2675 1499 2727 palatium
1517 2674 1651 2726 juxta
1673 2686 1846 2713 morem

361 2751 490 2777 suum
517 2737 830 2778 habitabitur”
856 2737 1084 2788 significat
1110 2736 1396 2776 intellectum
1423 2735 1703 2788 spiritualem
1729 2736 1846 2775 veri-

361 2806 524 2847 tatum,
564 2800 679 2839 sicu't
718 2799 837 2851 apud
875 2799 1114 2851 antiqu‘os;
1155 2797 1448 2850 “palatium'’
1478 2803 1549 2837 est
1584 2795 1847 2837 intellectus

362 2863 606 2902 veritatum
644 2860 959 2914 spiritualium,
992 2873 1098 2900 nam
1137 2860 1180 2899 in
1219 2858 1457 2899 intellectu
1493 2865 1597 2899 sunt
1626 2858 1847 2898 veritates

361 2924 620 2977 spirituales
645 2924 688 2963 in
711 2924 799 2963 suis
821 2923 989 2971 formis,
1013 2936 1127 2975 quae
1150 2927 1388 2974 apparent,
1413 2933 1513 2960 cum
1537 2921 1601 2960 ita
1623 2921 1846 2960 sistuntur

359 2986 598 3034 videndae,
638 2986 753 3026 sicut
792 2985 990 3038 palatia:
1035 2988 1204 3024 “erunt
1241 2983 1316 3023 filii
1353 2982 1446 3035 ejus
1479 2983 1594 3023 sicut
1634 2981 1758 3031 olim,
1796 2987 1843 3022 et
