2008 3458
373 614 506 663 bono,
535 621 612 655 aut
639 614 773 656 fidem
800 630 859 656 ex
887 616 1123 688 charitate,
1153 617 1296 658 simile
1328 618 1448 672 quod
1476 618 1634 659 Petrus
1658 602 1907 675 Apostop-J‘Js

373 675 439 716 lus
445 684 560 725 ,—et
588 679 708 731 quod
735 679 871 719 etiam
898 679 1092 720 vicissim
1118 682 1525 733 repraesentaverit
1551 694 1707 722 verum
1732 683 1918 756 sepnffqgss‘as

372 802 482 843 haec
501 802 611 844 fides
634 804 910 857 significetur
927 819 1005 858 per
1021 806 1290 847 adulterium
1308 806 1402 874 ejus
1418 820 1519 847 curn
1536 806 1666 848 Bilha
1682 804 1912 854 muliere

372 866 511 917 patris
544 868 622 915 sui,
654 874 700 908 et
733 868 853 921 quod
884 869 986 909 ideo
1018 869 1058 909 ei
1089 869 1304 922 adempta
1334 858 1463 910 suerit
1497 870 1911 923 primogenitumt
1896 910 1897 914 ,

372 940 422 967 ac
449 927 559 968 data
583 928 802 982 Josepho,
806 930 1070 970 —videatur
1098 944 1234 983 supra
1258 941 1303 979 (n.
1317 940 1431 983 435).
1492 930 1576 971 His
1603 931 1874 973 addendum:
1894 935 1907 965 ἲ
1972 944 1985 977 -4,

372 995 441 1029 est
468 990 586 1042 quod
614 1004 772 1030 omnes
797 991 1019 1040 haereses,
1048 998 1270 1045 quatenus
1297 999 1401 1032 sunt
1428 992 1786 1034 adulterationes
1816 991 1868 1035 et'
1907 998 1921 1029 ἶ·
1942 999 1983 1048 ὶζ

371 1051 704 1094 falsificationes
728 1053 882 1103 Verbi,
908 1055 1293 1108 correspondeant
1319 1054 1550 1095 adulteriis
1581 1061 1627 1096 et
1660 1055 1866 1097 meretri·-
1953 1063 2003 1123 --Ιῇ

373 1115 545 1155 catibus
581 1117 689 1156 varii
723 1118 926 1170 generis;
973 1123 1019 1158 et
1056 1118 1159 1171 quia
1194 1117 1279 1158 illis
1317 1117 1688 1170 correspondent,
1727 1118 1864 1160 etiam

372 1174 607 1218 actualiter
638 1180 1001 1232 appercipiuntur
1037 1194 1096 1220 ex
1132 1180 1218 1220 illis
1255 1180 1328 1234 qui
1369 1181 1413 1221 in
1450 1180 1707 1222 haeresibus
1743 1187 1864 1232 sunt,

371 1239 415 1279 in
443 1242 610 1282 mundo
637 1243 865 1294 spirituali,
927 1242 1072 1284 Causa
1098 1249 1182 1292 est,
1211 1244 1312 1296 quia
1337 1242 1557 1296 conjugia,
1586 1243 1735 1298 qualia
1759 1250 1865 1287 sunt
1926 1259 1930 1271 ⁷
1960 1251 2006 1267 ”

372 1302 416 1342 in
447 1303 594 1352 caelis,
624 1306 841 1358 originem
874 1319 999 1346 suam
1031 1306 1308 1359 spiritualem
1341 1306 1526 1346 trahunt
1558 1320 1617 1347 ex
1651 1305 1865 1360 conjunc-

373 1366 495 1406 tione
533 1367 638 1408 boni
675 1374 720 1409 et
757 1369 874 1420 veri;
923 1375 968 1409 et
1005 1369 1199 1409 vicissim
1232 1368 1453 1409 adulteria
1490 1369 1708 1422 originem
1740 1382 1865 1411 suam

372 1429 556 1470 trahunt
579 1445 638 1470 ex
661 1430 972 1484 conjunctione
991 1431 1096 1472 mali
1120 1437 1166 1472 et
1189 1431 1311 1482 falsi;
1345 1445 1478 1485 quam
1501 1431 1560 1472 ob
1580 1445 1674 1472 rem
1692 1428 1865 1474 caelum

373 1491 416 1532 in
449 1491 603 1534 Verbo
636 1501 924 1547 comparatur
956 1494 1176 1547 conjugio,
1204 1500 1250 1535 et
1282 1494 1502 1535 infernum
1533 1494 1780 1536 adulterio:
1819 1502 1866 1539 et

373 1555 474 1607 quia
503 1555 547 1595 in
580 1556 760 1596 infernis
786 1563 855 1597 est
882 1555 1137 1610 conjunetio
1164 1556 1269 1598 mali
1301 1563 1347 1597 et
1379 1556 1489 1606 salsi,
1517 1557 1620 1598 ideo
1651 1557 1866 1601 continu‘e

372 1618 474 1659 inde
507 1618 746 1660 exhalatur
777 1620 967 1673 sphaera
998 1620 1217 1661 adulterii.
1277 1619 1352 1660 Ex
1385 1633 1438 1660 ea
1469 1633 1602 1660 causa
1634 1626 1718 1670 est,
1746 1621 1866 1675 quod

373 1694 451 1733 per
489 1681 777 1723 “adulteria”
814 1690 860 1724 et
897 1697 976 1736 per
1015 1684 1354 1724 “scortationes
1372 1682 1391 1698 '’
1424 1683 1468 1723 in
1505 1682 1662 1724 Verbo
1697 1682 1865 1736 signifi-

374 1751 532 1786 centur
556 1745 914 1787 adulterationes
945 1746 1051 1787 boni
1082 1746 1302 1799 ecclesiae*
1331 1752 1378 1786 et
1409 1744 1745 1787 falsificationes
1774 1747 1866 1787 veri

372 1805 466 1857 ejus
493 1817 652 1854 (videatur
670 1827 775 1856 supra,
796 1828 827 1848 n.
854 1819 943 1858 141,
970 1807 1076 1857 161).
1136 1807 1272 1860 Quod
1298 1807 1356 1847 ad
1387 1806 1523 1847 fidem
1549 1811 1809 1860 separatam
1839 1819 1868 1847 a

375 1867 595 1909 charitate
627 1870 807 1918 attinet,
841 1869 918 1910 illa
953 1870 997 1910 in
1029 1869 1198 1909 mundo
1229 1867 1446 1921 spirituali
1478 1867 1720 1921 percipitur
1750 1867 1866 1909 sicut

373 1931 643 1972 adulterium
670 1932 744 1972 filii
770 1946 871 1973 cum
895 1939 1052 1981 matre,
1081 1938 1127 1973 et
1152 1946 1329 1986 quoque
1351 1944 1452 1972 cum
1475 1943 1695 1971 noverca:
1729 1943 1865 1971 causa

372 2000 455 2042 est,
481 1995 582 2047 quia
604 1994 714 2035 fides
740 1995 815 2036 illa
841 1996 1045 2036 excludit
1067 1995 1235 2036 bonum
1258 1994 1516 2044 charitatis;
1549 2007 1638 2047 quo
1659 1992 1861 2042 excluso,

372 2056 472 2098 loco
504 2058 609 2098 boni
641 2058 871 2099 charitatis
897 2059 1098 2099 succedit
1131 2058 1298 2099 malum
1324 2057 1489 2098 amoris
1520 2057 1584 2096 sui
1615 2054 1862 2106 et'mundi‚

373 2133 473 2160 cum
505 2135 592 2174 quo
625 2135 776 2162 amore
815 2136 861 2162 se
899 2121 1010 2162 fides
1041 2121 1117 2162 illa
1149 2120 1405 2174 conjungit:
1445 2133 1548 2160 nam
1579 2119 1725 2160 omnis
1754 2119 1865 2161 fides

372 2185 623 2225 necessario
661 2199 708 2225 se
749 2185 993 2238 conjunget
1035 2198 1135 2225 cum
1167 2184 1317 2237 aliquo
1358 2197 1538 2234 amore;
1585 2196 1720 2236 quare
1763 2195 1864 2224 cum

371 2259 496 2287 amor
532 2247 787 2299 spiritualis,
822 2262 934 2301 quae
973 2254 1042 2288 est
1079 2248 1289 2295 charitas,
1324 2252 1569 2299 separatur,
1609 2252 1716 2286 tunc
1753 2244 1865 2286 fides

370 2323 418 2350 se
449 2310 681 2363 conjungit
719 2324 819 2351 cum
856 2324 1008 2351 amore
1046 2310 1111 2351 sui
1148 2316 1225 2351 aut
1262 2323 1363 2350 cum
1401 2322 1552 2350 amore
1589 2308 1756 2358 mundi,
1790 2308 1864 2362 qui

370 2386 546 2413 amores
571 2379 675 2413 sunt
701 2387 877 2415 amores
903 2374 1190 2413 dominantes
1221 2373 1264 2413 in
1298 2371 1488 2412 naturali
1515 2371 1723 2421 homine;
1760 2370 1865 2412 inde

371 2442 440 2476 est
481 2436 600 2489 quod
642 2442 736 2476 tam
774 2436 1015 2476 nefandum
1053 2435 1321 2476 adulterium
1361 2449 1420 2475 ex
1463 2433 1548 2475 fide
1593 2440 1801 2486 separata
1839 2446 1866 2475 a

370 2498 589 2539 charitate
613 2499 825 2540 resultet:
859 2499 962 2540 inde
985 2512 1102 2539 nunc
1125 2504 1253 2551 patet
1275 2498 1379 2551 quid
1404 2496 1625 2550 significat
1651 2496 1865 2537 “adulte-

369 2562 480 2602 rium
514 2562 741 2603 Reubenis
774 2575 874 2602 cum
908 2562 1038 2602 Bilha
1066 2562 1249 2603 muliere
1276 2563 1415 2615 patris
1448 2560 1551 2609 sui,''
1578 2567 1624 2601 et
1657 2573 1734 2600 cur
1763 2559 1865 2600 ideo

369 2637 395 2663 a
417 2625 795 2678 primogeniturae
814 2624 908 2677 jure
931 2623 1119 2676 rejectus
1137 2631 1220 2665 est.
1272 2625 1372 2665 Hoc
1396 2637 1573 2678 quoque
1598 2621 1866 2674 intelligitur

369 2701 448 2740 per
471 2688 785 2742 propheticum
810 2689 948 2740 patris
972 2688 1150 2739 Israelis
1173 2689 1228 2729 de
1256 2688 1488 2736 Reubene,
1515 2685 1636 2740 quod
1663 2683 1755 2726 tale
1778 2689 1862 2732 est,

434 2789 611 2822 “Reuben
628 2791 886 2832 primogenitus
902 2802 1010 2829 meus,
1026 2798 1063 2823 tu
1080 2793 1188 2823 robur
1203 2800 1331 2828 meum,
1346 2796 1381 2822 et
1399 2788 1608 2830 principium
1624 2786 1752 2818 virium
1768 2794 1864 2817 mea-

542 2845 629 2872 rum,
650 2835 826 2866 excellens
841 2836 1035 2867 eminentia
1054 2842 1089 2866 et
1110 2835 1290 2866 excellens
1308 2834 1448 2864 valore.
1478 2831 1566 2863 levis
1585 2831 1675 2862 sicut
1695 2838 1799 2870 aqua,
1819 2837 1864 2860 ne

541 2879 705 2916 excellas,
722 2880 804 2920 quia
817 2879 1007 2911 ascendisti
1021 2879 1150 2910 cubilia
1164 2877 1275 2919 patris
1293 2876 1353 2915 tui,
1368 2882 1452 2908 tunc
1466 2873 1685 2916 profanasti;
1712 2877 1862 2904 stratum

543 2931 660 2953 meum
678 2922 864 2954 ascendit'’
852 2938 855 2941 ¹
881 2923 975 2962 (Gen.
993 2923 1076 2954 xlix.
1095 2930 1124 2961 3,
1142 2921 1199 2962 4)·
1192 2946 1200 2960 ,

368 3035 482 3074 quae
500 3023 735 3076 explicata
751 3023 993 3064 videantur
1009 3023 1052 3063 in
1070 3020 1273 3063 Arcanz's
1292 3018 1574 3063 caelestibus
1591 3027 1636 3067 (n.
1653 3025 1860 3065 6341-6350).
1899 3030 1901 3035 ’
