2054 3464
395 366 498 419 1998
801 375 1130 410 APOCALYPSIS
1161 373 1460 411 EXPLICATA.

563 487 669 519 dente
687 489 849 528 colligam
868 495 922 527 te:
948 490 1062 521 dicam
1080 491 1324 531 septentrioni,
1341 491 1405 530 Da,
1423 497 1458 523 et
1474 491 1643 529 meridiei,
1662 491 1716 524 Ne
1733 491 1874 530 inhibe:

563 532 676 562 adduc
691 532 781 563 filios
796 542 895 564 meos
909 543 928 564 e
942 533 1148 574 longinquo,
1162 541 1197 566 et
1214 535 1303 566 filias
1320 545 1418 567 meas
1435 536 1479 566 ab
1493 535 1715 567 extremitate
1727 541 1842 568 terrae
1855 533 1876 549 '³

564 574 662 613 (xliii.
683 573 728 616 5[,
747 573 815 616 6]):

387 671 500 713 haec
539 686 631 712 non
671 673 726 713 de
755 673 915 725 Jacobi
952 676 1165 727 posteris,
1198 676 1278 717 sed
1309 676 1366 717 de
1397 676 1626 729 gentibus,
1657 689 1683 716 a
1712 675 1873 730 quibus

387 734 581 775 ecclesia
619 734 858 776 formanda
891 742 976 784 est,
1009 736 1131 777 dicta
1167 743 1300 778 sunt:
1340 751 1419 791 per
1458 738 1748 790 “jacobum”
1784 737 1871 792 [et]

386 796 480 848 ejus
510 810 667 837 semen
698 797 1019 850 intelliguntur
1047 800 1121 852 qui
1151 799 1208 840 ab
1237 799 1317 840 illa
1346 800 1543 840 ecclesia
1573 800 1708 841 futuri
1738 806 1872 850 sunt;

386 858 506 911 quod
532 858 770 899 formanda
796 860 854 900 sit
879 860 936 900 ab
958 861 1046 900 illis
1069 862 1143 914 qui
1168 862 1213 901 in
1237 861 1362 902 falsis
1384 876 1444 902 ex
1466 862 1728 915 ignorantia
1749 867 1872 911 sunt,

386 926 432 961 et
458 921 561 961 inde
587 921 631 961 in
658 921 852 962 obscuro
877 923 1027 975 quoad
1052 937 1173 972 vera,
1197 924 1479 976 significatur
1504 938 1584 977 per
1608 924 1726 965 “Ab
1750 925 1872 966 occi-

386 983 526 1023 dente
558 983 771 1036 colligam
809 990 869 1033 te,
902 991 948 1025 et
982 985 1130 1025 dicam
1161 986 1479 1039 septentrioni,
1513 986 1584 1026 Da
1602 986 1636 1037 ;”
1673 992 1719 1027 et
1750 986 1872 1040 quod

385 1045 443 1085 ab
467 1045 556 1085 illis
581 1046 655 1098 qui
676 1047 728 1086 ‘in
754 1046 876 1087 bono
901 1048 1067 1087 amoris
1098 1054 1145 1088 et
1175 1048 1219 1088 in
1248 1049 1366 1088 veris
1393 1048 1627 1089 doctrinae
1657 1062 1717 1089 ex
1747 1048 1872 1089 claro

384 1113 504 1156 sunt,
532 1121 623 1147 non
649 1108 903 1161 repellendi
927 1110 1032 1158 sint,
1059 1110 1139 1149 sed
1166 1110 1455 1163 acceptandi,
1484 1110 1766 1163 significatur
1790 1123 1871 1163 per

389 1169 505 1209 “Ab
527 1170 703 1210 oriente
725 1170 950 1211 adducam
973 1184 1130 1211 semen
1153 1178 1295 1220 tuum,
1319 1178 1365 1212 et
1388 1172 1536 1212 dicam
1559 1172 1774 1220 meridiei,
1798 1171 1871 1212 Ne

385 1231 538 1272 inhibe
557 1231 592 1281 ;'’
626 1232 848 1272 “oriens”
874 1234 994 1273 enim
1020 1233 1247 1285 significat
1272 1233 1441 1274 bonum
1466 1235 1632 1274 amoris
1657 1235 1701 1274 in
1731 1234 1869 1284 claro,

387 1294 638 1334 “meridies
651 1293 670 1308 ”
695 1308 851 1335 verum
878 1294 1111 1336 doctrinae
1143 1296 1187 1335 in
1217 1295 1356 1344 claro,
1387 1296 1673 1336 “occidens’‘
1698 1296 1869 1337 bonum

383 1355 550 1395 amoris
586 1355 630 1395 in
668 1356 877 1404 obscuro,
909 1363 956 1397 et
996 1357 1323 1409 “septentrio'’
1359 1370 1514 1397 verum
1552 1357 1788 1399 doctrinae
1824 1359 1870 1399 in

384 1417 592 1466 obscuro,
612 1418 746 1471 quale
769 1425 839 1459 est
861 1419 949 1459 illis
967 1419 1041 1472 qui
1063 1433 1123 1459 ex
1146 1419 1407 1471 ignorantia
1423 1420 1516 1460 veri
1537 1420 1581 1460 in
1603 1420 1729 1460 falsis
1746 1426 1867 1470 sunt,

383 1485 430 1520 et
453 1493 592 1532 usque
616 1480 878 1521 desiderant
896 1495 1030 1531 vera3
1062 1481 1174 1521 haec
1197 1482 1316 1521 enim
1339 1481 1651 1534 significantur
1672 1495 1753 1535 per
1768 1482 1870 1536 illas

383 1541 556 1594 plagas,
585 1542 687 1594 quia
713 1543 756 1582 in
783 1543 952 1583 mundo
979 1543 1199 1595 spirituali
1226 1556 1384 1583 omnes
1416 1543 1628 1584 habitant
1655 1543 1886 1584 distinete·

382 1604 426 1643 in
458 1603 605 1656 plagis
637 1604 725 1644 illis
757 1605 1005 1645 secundum
1037 1605 1185 1645 lucem
1215 1606 1309 1645 veri
1348 1612 1394 1646 et
1424 1605 1710 1647 affectionem
1746 1606 1867 1647 boni.

383 1666 466 1706 Per
503 1666 581 1706 illa
619 1667 933 1719 significentur
967 1668 1128 1708 similia
1166 1681 1266 1708 cum
1307 1668 1377 1708 his
1416 1669 1535 1721 apud
1569 1669 1867 1718 Matthaeum,

385 1728 506 1781 quod
527 1730 878 1782 “congregandi
899 1730 989 1770 sint
1012 1729 1145 1770 electi
1168 1744 1193 1770 a
1215 1736 1409 1783 quatuor
1426 1731 1591 1780 ventis,
1615 1744 1641 1771 a
1661 1732 1868 1772 terminis

382 1789 613 1830 caelorum
645 1805 785 1844 usque
815 1791 873 1831 ad
909 1792 1129 1832 terminos
1160 1791 1376 1832 illorum''
1410 1792 1557 1846 (xxiv.
1582 1792 1671 1846 31).
1731 1793 1867 1845 Quod

381 1865 540 1893 omnes
558 1853 631 1905 qui
649 1854 692 1893 in
710 1853 833 1893 falsis
851 1867 910 1894 ex
928 1854 1189 1906 ignorantia
1206 1859 1326 1902 sunt,
1343 1859 1389 1894 et
1408 1861 1562 1894 tamen
1579 1855 1623 1894 in
1641 1855 1868 1896 desiderio

379 1915 487 1963 veri,
522 1915 579 1954 ad
613 1915 855 1955 ecclesiam
888 1915 1013 1956 illam
1046 1916 1302 1956 adducendi
1335 1917 1439 1965 sint,
1475 1916 1755 1969 significatur
1787 1930 1868 1970 per

382 1976 588 2017 “Adduc
614 1977 729 2017 filios
756 1991 882 2018 meos
914 1991 937 2018 e
969 1978 1234 2031 longinquo,
1262 1984 1308 2019 et
1334 1978 1447 2018 filias
1477 1979 1534 2019 ab
1563 1979 1866 2019 extremitate

380 2045 530 2080 terrae
550 2040 585 2091 ;”
613 2039 760 2079 “filii”
778 2039 1035 2092 significant
1056 2039 1160 2080 illos
1179 2040 1253 2093 qui
1275 2040 1320 2080 in
1338 2041 1469 2089 veris,
1489 2046 1536 2080 et
1556 2040 1712 2081 “filiae
1725 2040 1744 2056 '’
1761 2040 1863 2082 illos

379 2102 453 2155 qui
482 2101 525 2141 in
552 2102 792 2142 affeffione
818 2101 1013 2150 illorum,
1038 2108 1083 2142 et
1109 2102 1213 2142 inde
1236 2116 1416 2155 quoque
1445 2101 1676 2143 abstracte
1707 2116 1733 2144 a
1762 2116 1866 2156 per—

379 2164 501 2203 sonis
527 2164 784 2217 significant
810 2178 916 2204 vera
948 2171 993 2204 et
1025 2163 1287 2204 affectiones
1316 2164 1526 2214 illorum3
1559 2178 1610 2205 ac
1642 2164 1865 2218 “longin-

379 2225 550 2278 quum”
576 2232 622 2266 et
656 2226 969 2266 “extremitas
1000 2233 1149 2266 terrae
1163 2225 1182 2240 ''
1212 2225 1473 2278 significant
1503 2227 1808 2267 remotionem
1839 2239 1866 2267 a

379 2287 480 2328 luce
505 2289 613 2337 veri,
637 2290 741 2341 quia
766 2289 810 2327 in
832 2288 955 2328 falsis
977 2302 1036 2328 ex
1062 2288 1337 2340 ignorantia,
1361 2302 1419 2328 ex
1442 2302 1497 2328 eo
1518 2288 1639 2342 quod
1662 2288 1750 2328 illis
1773 2301 1865 2329 non

378 2349 510 2390 fuerit
550 2349 772 2399 Verbum,
812 2350 885 2390 vel
929 2351 1032 2403 quia
1075 2363 1165 2390 non
1205 2349 1468 2390 intellectus
1507 2363 1666 2390 sensus
1706 2350 1864 2391 Verbi.

380 2412 522 2464 Apud
549 2412 759 2460 eundem,

445 2508 710 2540 “Festinabunt
736 2505 861 2539 [1Jfi1i0s
890 2515 979 2546 tuos,
1006 2506 1245 2540 destructores
1274 2508 1324 2540 tui
1352 2514 1387 2540 et
1414 2507 1659 2540 devastatores
1685 2507 1735 2539 tui
1760 2517 1804 2539 ex
1830 2513 1865 2540 te

553 2552 699 2582 exibunt
714 2560 737 2587 ;.
752 2576 759 2583 .
773 2576 780 2583 .
796 2561 890 2583 .ecce
908 2552 1030 2582 tollam
1048 2561 1133 2591 erga
1151 2558 1276 2591 gentes
1295 2561 1439 2582 manum
1457 2561 1584 2589 meam,
1602 2557 1637 2582 et
1654 2561 1739 2591 erga
1755 2560 1866 2591 popu-

553 2595 608 2626 los
627 2595 788 2625 attollam
810 2595 950 2634 signum
972 2605 1101 2631 meum,
1114 2600 1153 2625 ut
1169 2595 1332 2626 adferant
1352 2595 1444 2626 filios
1463 2601 1542 2626 tuos
1563 2594 1599 2625 in
1617 2594 1708 2632 sinu,
1721 2601 1756 2626 et
1775 2593 1865 2625 filias

552 2644 631 2669 tuas
649 2648 754 2678 super
771 2638 919 2668 humero
936 2644 1128 2678 apportent
1141 2637 1159 2649 ’'
1177 2638 1273 2678 (xlix.
1294 2645 1343 2676 17,
1361 2638 1436 2678 22):

377 2736 514 2777 etiam
546 2735 659 2776 haec
693 2735 748 2775 de
786 2735 1111 2776 instauratione
1144 2748 1288 2775 novae
1320 2734 1540 2776 ecclesiae
1572 2748 1599 2774 a
1635 2733 1861 2784 Domino;

376 2806 423 2840 et
449 2812 526 2852 per
555 2797 706 2838 “filios
723 2798 740 2813 ⁷¹
767 2812 877 2851 quos
909 2798 1186 2838 festinabunt
1218 2804 1264 2838 et
1291 2811 1402 2850 quos
1433 2797 1639 2837 adferent
1670 2797 1714 2836 in
1747 2797 1858 2844 sinu,

375 2867 422 2902 et
448 2875 526 2914 per
551 2864 576 2881 ‘⁶
592 2860 734 2901 filias'’
758 2874 866 2913 quas
889 2874 1019 2914 super
1041 2860 1227 2900 humero
1249 2860 1570 2912 apportabunt,
1593 2858 1856 2912 intelligun-

375 2930 448 2964 tur
485 2924 752 2976 omnes.qui
783 2924 826 2963 in
858 2924 973 2963 veris
1005 2929 1050 2963 et
1087 2923 1131 2962 in
1167 2921 1401 2962 affectione
1438 2921 1614 2962 illorum
1650 2928 1768 2970 sunt,
1809 2927 1857 2962 et

377 2985 603 3027 abstra&e
631 3000 656 3026 a
688 2986 888 3039 personis
920 2986 1015 3039 ipsa
1041 2998 1145 3026 vera
1171 2990 1216 3026 et
1243 2983 1501 3025 affectiones
1532 2983 1710 3024 illorum
1738 2982 1856 3037 apud
