2008 3458
654 366 761 400 CAP.
785 367 900 408 XIV„
923 366 1062 400 VERs.
1091 369 1105 398 1
1116 366 1259 410 3.—N.
1281 367 1379 410 902.
1647 366 1755 408 2443

202 502 228 516 .-
268 479 464 523 veritate
486 485 690 534 agerent,
716 492 806 520 non
832 479 962 520 fuerit
984 493 1043 520 ex
1070 493 1117 520 se
1140 479 1218 520 sed
1245 493 1304 520 ex
1328 478 1540 527 Domino,
1565 483 1610 518 et
1637 476 1756 531 quod

268 543 332 585 sic
357 543 479 585 bona
504 556 641 597 opera
672 549 825 583 essent
852 543 1003 583 omnia
1028 554 1320 596 quaecunque
1352 555 1411 582 ex
1444 541 1545 589 illis,
1573 540 1757 580 tametsi

267 606 384 648 sicut
409 619 470 648 ex
501 619 548 647 se
574 605 804 655 fecerunt;
838 611 883 646 et
910 605 1030 658 quod
1056 605 1159 646 inde
1191 605 1248 645 sit
1275 604 1395 658 quod
1423 609 1527 656 post
1560 608 1756 643 mortem

268 682 296 710 a
326 668 530 710 Domino
565 666 711 709 evecti
743 668 832 708 sint
865 669 908 708 in
946 668 1130 708 tertium
1167 666 1368 708 caelum:
1403 680 1462 707 ex
1502 666 1571 706 his
1611 665 1757 718 patuit

267 731 498 786 quomodo
527 731 623 772 vita
653 731 910 785 spiritualis,
940 745 1054 784 quae
1090 737 1161 772 est
1192 731 1286 771 vita
1322 729 1587 782 angelorum
1628 727 1755 777 caeli,

267 801 569 848 comparatur.
632 793 762 834 Nunc
795 800 946 834 autern
979 794 1154 834 dicetur
1184 793 1413 847 quomodo
1445 791 1522 832 illa
1553 791 1648 832 vita
1679 805 1758 845 per

267 855 534 899 hodiernam
559 855 695 898 fidem
722 854 954 897 destructa
986 863 1070 896 est.
1133 856 1365 896 Hodierna
1391 855 1500 896 fides
1527 860 1611 902 est,
1636 854 1756 908 quod

267 919 544 962 credendum
571 921 629 960 sit
655 919 776 973 quod
805 919 928 960 Deus
956 919 1089 959 Pater
1115 919 1284 959 miserit
1318 918 1480 958 Filium
1513 929 1655 965 suum,
1684 917 1757 970 qui

268 995 448 1029 crucem
474 996 633 1037 passus
655 988 726 1023 est
749 996 830 1035 pro
858 982 1024 1022 nostris
1047 982 1261 1035 peccatis,
1286 995 1337 1021 ac
1361 980 1606 1021 sustulerat
1629 980 1755 1020 dam·

268 1045 503 1093 nationem
535 1045 650 1098 legis
681 1058 760 1098 per
790 1044 1104 1098 impletionem
1135 1043 1242 1096 ejus,
1272 1050 1318 1085 et
1351 1043 1469 1096 quod
1501 1043 1612 1083 haec
1646 1042 1756 1083 fides

267 1108 439 1165 absque
468 1108 599 1150 bonis
631 1108 840 1162 operibus
873 1108 1216 1161 unumquemvis
1248 1106 1410 1155 salvet,
1444 1107 1582 1146 immo
1619 1106 1755 1146 etiam

265 1172 312 1215 in
337 1171 499 1214 ultima
523 1172 681 1213 mortis
704 1171 828 1212 hora.
891 1170 973 1211 Per
999 1169 1117 1210 hanc
1145 1169 1280 1210 fidem
1307 1170 1571 1222 impressam
1598 1181 1622 1207 a
1649 1181 1755 1221 pue-

265 1235 457 1286 ritia,.et
479 1234 584 1276 dein
610 1233 925 1275 confirmatam
954 1247 1012 1273 ex
1040 1232 1464 1286 praedicationibus,
1490 1229 1654 1271 factum
1687 1238 1756 1271 est

266 1304 318 1341 ut
355 1311 448 1340 non
490 1297 649 1352 aliquis
689 1297 830 1350 fugiat
873 1295 992 1336 mala
1032 1310 1091 1336 ex
1127 1295 1359 1348 religione,
1394 1295 1474 1335 sed
1514 1293 1660 1334 solum
1698 1307 1756 1334 ex

267 1360 371 1417 lege
394 1361 514 1403 civili
540 1367 587 1403 et
619 1360 804 1411 morali;
842 1361 907 1401 ita
934 1373 1024 1400 non
1052 1360 1154 1413 quia
1180 1365 1371 1412 peccata
1398 1364 1517 1406 sunt,
1545 1358 1623 1398 sed
1656 1358 1757 1411 quia

215 1425 217 1427 ’
265 1417 446 1467 damna.
506 1424 749 1478 Expende,
769 1424 876 1464 dum
902 1423 1041 1464 homo
1064 1423 1241 1475 cogitat
1267 1421 1387 1475 quod
1411 1421 1631 1461 Dominus
1653 1435 1755 1474 pas-

265 1502 340 1530 sus
366 1489 424 1530 sit
451 1501 532 1542 pro
557 1488 727 1528 nostris
758 1486 973 1540 peccatis,
999 1486 1119 1539 quod
1151 1485 1383 1526 sustulerit
1415 1484 1755 1525 damnationem

265 1551 396 1606 legiS,
429 1557 476 1593 et
509 1550 628 1605 quod
666 1550 849 1591 credere
881 1549 958 1590 illa
990 1563 1068 1590 seu
1105 1547 1215 1589 fides
1250 1547 1426 1588 illorum
1459 1546 1557 1587 sola
1588 1547 1756 1600 absque

264 1615 396 1656 bonis
427 1614 637 1669 operibus
670 1613 832 1661 salvet,
861 1625 1013 1653 annon
1045 1611 1296 1664 vilipendat
1329 1611 1479 1651 omnia
1512 1617 1756 1664 praecepta

267 1677 492 1732 decalogi,
511 1684 559 1719 et
582 1690 764 1718 omnem
783 1677 924 1717 vitam
942 1675 1173 1729 religionis
1196 1675 1501 1728 praescriptae
1525 1675 1568 1713 in
1584 1673 1753 1721 Verbo,

263 1747 313 1784 et
338 1747 574 1796 praeterea
606 1741 759 1782 omnia
784 1753 891 1780 vera
921 1752 1035 1793 quae
1067 1738 1235 1779 docent
1268 1738 1564 1787 charitatem;
1598 1750 1756 1790 separa

264 1805 419 1859 itaque
441 1804 568 1852 haec,
588 1810 635 1845 et
653 1817 835 1844 remove
859 1802 916 1843 ab
937 1802 1135 1850 homine,
1156 1815 1213 1841 an
1236 1807 1305 1842 est
1329 1801 1447 1854 apud
1465 1799 1589 1840 illum
1608 1799 1756 1853 aliqua
1791 1838 1795 1844 ,

265 1867 455 1922 religio?
486 1867 646 1921 religio
672 1867 792 1908 enim
819 1878 910 1907 non
937 1865 1148 1906 consistit
1180 1865 1224 1904 in
1256 1863 1400 1904 solum
1433 1863 1636 1915 cogitare
1669 1862 1754 1903 hoc

264 1937 343 1973 aut
370 1930 496 1980 illud,
524 1929 602 1970 sed
634 1930 679 1970 in
705 1928 824 1970 velle
851 1934 897 1969 et
929 1927 1076 1968 facere
1107 1927 1151 1968 id
1183 1927 1303 1981 quod
1335 1927 1525 1979 cogitat,
1554 1939 1605 1966 ac
1634 1925 1756 1965 nulla

263 1994 425 2048 religio
451 1999 522 2034 est
548 2005 649 2034 cum
674 1998 908 2046 separatur
929 1990 1048 2032 velle
1074 1996 1121 2032 et
1147 1990 1293 2030 facere
1319 2003 1345 2029 a
1372 1989 1586 2041 cogitare.
1644 1988 1755 2029 Inde

265 2057 468 2112 sequitur
498 2055 618 2110 quod
650 2069 728 2109 per
759 2055 1026 2095 hodiernam
1063 2052 1198 2094 fidem
1225 2053 1318 2093 vita
1351 2050 1607 2104 spiritualis,
1642 2065 1755 2104 quae

264 2126 335 2163 est
356 2121 451 2163 vita
477 2118 742 2173 angelorum
766 2117 893 2166 caeli,
918 2123 964 2158 et
991 2118 1088 2170 ipsa
1110 2117 1203 2157 vita
1231 2115 1500 2163 Christiana,
1525 2113 1756 2155 destructa

264 2185 338 2226 sit.
406 2183 632 2238 Expende
664 2182 864 2229 ulterius,
899 2181 1018 2221 unde
1054 2185 1124 2221 est
1161 2178 1281 2233 quod
1318 2178 1475 2218 decem
1514 2184 1756 2230 praecepta

264 2245 474 2300 decalogi
495 2260 519 2288 e
547 2245 707 2286 Monte
734 2244 857 2286 Sinai
879 2258 957 2298 per
975 2250 1155 2284 tantum
1178 2240 1441 2282 miraculum
1468 2239 1756 2294 promulgata

265 2310 371 2360 sint,
398 2309 519 2364 quod
550 2307 778 2361 insculpta
809 2308 898 2347 sint
931 2306 1047 2347 binis
1076 2304 1243 2346 tabulis
1275 2318 1333 2344 ex
1367 2302 1529 2356 lapide,
1559 2309 1604 2343 et
1637 2303 1754 2356 quod

208 2422 211 2423 ⁷
264 2373 351 2415 hae
377 2372 553 2427 positae
576 2372 666 2412 sint
693 2371 737 2411 in
760 2383 877 2418 arca,
900 2382 1034 2422 super
1057 2381 1193 2422 quam
1216 2367 1413 2420 positum
1436 2366 1516 2406 fuit
1539 2366 1754 2419 propitia-

264 2436 428 2479 torium
450 2448 551 2477 cum
574 2434 794 2483 cherubis,
817 2440 862 2474 et
886 2432 1011 2473 locus
1029 2431 1116 2479 ille,
1142 2431 1215 2471 ubi
1237 2429 1313 2470 illa
1334 2436 1590 2483 praecepta,
1611 2427 1754 2469 dic‘tus

263 2499 324 2541 sit
362 2495 568 2540 sanetum
609 2495 881 2545 san&orum‚
923 2496 1040 2535 intra
1080 2506 1213 2547 quem
1258 2506 1348 2533 non
1389 2491 1511 2532 licuit
1552 2491 1754 2532 Aharoni

264 2562 431 2604 intrare
456 2561 539 2602 nisi
564 2559 704 2601 semel
731 2559 985 2613 quotannis,
1014 2563 1060 2598 et
1086 2557 1172 2597 hoc
1205 2569 1306 2596 cum
1333 2554 1555 2595 sacrificiis
1581 2561 1626 2594 et
1654 2568 1754 2595 cum

263 2624 442 2675 suffitu3
475 2630 522 2667 et
544 2624 580 2664 si
601 2623 769 2676 absque
792 2622 877 2662 illis
900 2620 1173 2667 intravisset,
1194 2624 1396 2659 mortuus
1418 2616 1724 2658 succubuisset
1744 2632 1752 2667 ;

264 2695 362 2731 tum
389 2687 509 2742 quod
541 2700 619 2740 per
643 2699 793 2728 arcam
819 2685 942 2725 illam
970 2689 1041 2724 tot
1073 2681 1286 2723 miracula
1313 2687 1472 2734 postea
1503 2679 1620 2721 facia
1651 2681 1752 2721 sint.

265 2751 437 2793 Annon
464 2763 620 2791 omnes
651 2750 695 2790 in
723 2750 929 2790 universo
956 2746 1062 2787 orbe
1089 2751 1306 2786 terrarum
1332 2743 1490 2784 similia
1513 2750 1754 2796 praecepta

263 2813 441 2856 sciunt?
495 2812 667 2854 Annon
689 2811 814 2865 leges
836 2810 1012 2850 illorum
1032 2807 1183 2848 civiles
1202 2807 1359 2848 eadem
1378 2805 1581 2847 dictant?
1642 2805 1753 2859 Quis

264 2890 354 2918 non
379 2890 439 2918 ex
465 2875 564 2917 solo
595 2874 788 2916 naturali
813 2873 978 2913 lumine
1002 2872 1100 2919 scit,
1124 2870 1243 2924 quod
1270 2875 1454 2922 propter
1480 2869 1682 2909 ordinem
1709 2870 1753 2909 in

264 2939 512 2994 unoquovis
547 2952 705 2992 regno,
744 2950 833 2977 non
875 2934 1221 2975 adulterandum
1263 2933 1334 2981 sit,
1374 2945 1463 2972 non
1503 2931 1750 2980 furandum,

263 3016 354 3045 non
385 3002 696 3052 occidendum,
725 3014 814 3042 non
842 2999 952 3041 false
984 2997 1260 3046 testandum,
1289 3003 1334 3038 et
1366 2996 1491 3049 plura
1519 3010 1632 3050 quae
1664 2995 1753 3037 ibi?
