2054 3464
371 358 484 398 2218
784 365 1117 399 APOCALYPSIS
1145 366 1443 400 EXPLICATA.

369 477 726 519 confirmandum
764 479 914 519 omnia
950 478 1040 527 illa,
1075 479 1135 520 sic
1174 480 1291 520 enim
1329 479 1566 521 falsificant
1604 479 1680 521 illa
1718 493 1854 534 usque

370 541 427 581 ad
454 540 808 582 destructionem
836 542 985 582 Divini
1011 542 1120 583 Veri
1147 543 1264 596 quod
1292 544 1334 583 in
1362 543 1490 583 caelo
1516 549 1611 584 est:
1652 542 1855 585 Verbum

371 605 492 644 enim
516 610 721 644 nostrum
754 605 797 644 in
831 618 963 645 sensu
995 618 1076 645 suo
1102 605 1321 658 spirituali
1348 612 1417 646 est
1447 605 1657 646 Divinum
1685 605 1855 647 Verum

370 666 501 719 quale
527 673 596 707 est
623 668 665 707 in
694 667 847 718 caelo3
886 668 921 708 si
947 681 1111 708 sensus>
1132 668 1311 709 litterae
1338 682 1477 722 usque
1503 669 1559 708 ad
1586 666 1856 709 destructio-

370 743 472 770 nem
510 729 627 770 illius
664 730 938 778 falsificatur,
973 730 1226 771 occluditur
1257 731 1458 780 caelum;
1502 744 1607 772 nam
1645 731 1856 771 Divinum

370 790 540 831 Verum
568 793 818 845 procedens
850 807 875 833 a
908 793 1104 834 Domino
1130 794 1235 834 facit
1263 794 1452 842 caelum,
1482 795 1619 834 immo
1651 800 1721 834 est
1753 804 1858 834 caea

371 854 489 904 lum;
540 855 691 908 angeli
724 857 855 896 ⁴enim
900 856 959 896 ibi
1004 862 1108 896 sunt
1150 856 1301 909 angeli
1348 871 1406 897 ex
1449 857 1708 909 receptione
1749 855 1855 909 ejus.

375 915 454 970 (8.)
490 916 671 958 Dietum
699 924 768 959 est
792 919 911 972 quod
934 918 997 958 illi
1024 919 1106 959 sibi
1129 918 1306 959 caelum
1326 932 1505 972 prorsus
1529 918 1758 966 claudant,
1783 917 1857 972 qui

371 986 416 1019 et
444 978 649 1020 doetrina
676 987 722 1021 et
753 981 848 1021 vita
874 981 993 1021 bona
1025 995 1162 1034 opera
1193 981 1318 1021 nihili
1344 981 1526 1029 faciunt,
1555 994 1615 1021 ex
1641 980 1858 1034 principio

372 1042 491 1095 quod
518 1041 628 1082 fides
651 1043 822 1096 absque
847 1043 977 1083 boni-s
998 1044 1206 1096 operibus
1224 1042 1439 1095 justificet
1467 1049 1513 1083 et
1539 1042 1713 1092 salvet;
1746 1055 1855 1096 pau-

371 1105 433 1144 cis
466 1117 582 1144 nunc
615 1105 790 1146 dicetur
822 1106 1051 1159 quom-odo
1082 1104 1287 1146 doctrina
1324 1105 1508 1153 claudit,
1543 1111 1589 1145 et
1627 1105 1855 1158 quomodo

370 1168 478 1207 vita.
541 1165 758 1207 Doctrina
797 1167 966 1208 claudit
1008 1182 1086 1221 per
1127 1181 1412 1215 consensum,
1455 1167 1854 1216 asseverationem,

371 1229 775 1278 confirmationem,
804 1237 849 1270 et
880 1231 1215 1283 persuasionem
1247 1231 1367 1283 quod
1399 1231 1464 1270 ita
1496 1230 1568 1279 sit,
1596 1235 1704 1270 tunc
1737 1230 1856 1270 enim

370 1292 508 1332 homo
536 1305 624 1332 non
652 1293 788 1333 modo
815 1294 989 1345 cogitat
1016 1293 1135 1346 quod
1162 1293 1226 1333 ita
1252 1294 1323 1340 sit,
1348 1293 1427 1333 sed
1450 1293 1588 1333 etiam
1613 1291 1711 1333 vult
1737 1291 1856 1346 quod

371 1356 435 1395 ita
467 1355 550 1395 sit:
596 1356 631 1394 si
668 1369 806 1408 usque
838 1355 975 1395 homo
1007 1355 1113 1396 facit
1146 1355 1265 1395 bona
1297 1356 1399 1408 quia
1431 1355 1648 1395 mandata
1680 1361 1784 1396 sunt
1815 1355 1860 1395 in

371 1417 540 1465 Verbo,
567 1430 655 1457 non
683 1417 770 1457 alia
796 1418 914 1457 bona
936 1417 1042 1458 facit
1066 1431 1199 1470 quam
1225 1418 1344 1458 bona
1367 1417 1555 1458 moralia
1581 1431 1639 1458 ex
1667 1416 1861 1458 naturali

371 1480 569 1527 homine,
604 1494 725 1532 quae*
755 1480 875 1520 bona
913 1486 1016 1520 sunt
1054 1481 1111 1520 ab
1148 1481 1260 1533 ipso,
1295 1487 1340 1520 e·t
1379 1494 1557 1533 quoque
1592 1479 1704 1520 haec
1741 1479 1861 1520 bona

372 1550 476 1583 sunt
515 1543 771 1592 meritoria;
812 1555 916 1582 nam
954 1555 1088 1583 omne
1124 1542 1269 1583 facere
1307 1543 1501 1583 hominis
1539 1549 1608 1584 est
1647 1556 1705 1583 ex
1743 1541 1861 1582 velle

372 1606 478 1658 ejus,
513 1611 558 1646 et
596 1611 665 1646 est
702 1606 818 1645 sicut
856 1605 973 1646 velle
1010 1605 1116 1658 ejus,
1150 1604 1314 1646 factum
1353 1606 1472 1646 enim
1507 1619 1600 1646 non
1634 1604 1754 1646 aliud
1790 1610 1861 1645 est

372 1682 505 1723 quam
531 1668 745 1708 voluntas
770 1668 818 1707 in.
839 1681 919 1708 suo
944 1666 1092 1708 activo
1110 1682 1126 1718 ;,
1158 1682 1292 1721 quare
1320 1681 1420 1708 cum
1447 1668 1590 1708 homo
1611 1668 1787 1720 cogitat
1814 1672 1861 1708 et

373 1746 550 1786 quoque
588 1730 685 1771 vult
724 1731 843 1783 quod
879 1730 988 1770 nihil
1027 1730 1297 1771 salvationis·
1332 1732 1375 1771 in
1414 1731 1622 1784 operibus
1659 1732 1732 1778 sit,
1771 1741 1862 1770 non

372 1800 526 1848 potest
545 1794 632 1834 alia
650 1793 769 1833 bona
787 1793 946 1840 facere,
968 1806 1101 1846 quam
1121 1793 1234 1833 sicut
1254 1794 1384 1846 origo
1400 1806 1555 1834 eorum
1578 1798 1661 1834 est.
1723 1791 1861 1832 Tales

373 1864 476 1898 sunt
504 1857 634 1897 multi
661 1856 837 1903 eruditi,
867 1857 939 1909 qui
972 1855 1116 1896 solam
1143 1855 1276 1896 fidem
1310 1856 1429 1909 apud
1462 1870 1510 1896 se
1540 1854 1863 1896 confirmarunt

373 1920 717 1973 praedicatione*
738 1924 783 1958 et
811 1919 1015 1971 scriptis:
1050 1918 1209 1958 hostum
1234 1931 1361 1958 mens
1385 1919 1429 1958 in
1453 1918 1623 1959 mundo
1643 1916 1863 1971 spirituali

373 1988 561 2036 apparet
595 1982 709 2021 sicut
741 1980 844 2021 velo
877 1978 1013 2028 testa,
1047 1987 1124 2020 aut
1157 1981 1273 2021 sicut
1306 1981 1448 2021 denso
1481 1980 1615 2020 nubis.
1641 1979 1858 2026 involuta,

373 2059 486 2099 quae
518 2050 673 2084 arcent
708 2057 762 2083 ne
801 2043 879 2083 lux
917 2057 997 2083 seu
1026 2056 1180 2083 verum
1219 2057 1242 2083 e
1274 2043 1401 2083 caelo
1433 2044 1571 2084 intret
1589 2057 1602 2094 ;·
1641 2043 1706 2083 ita
1741 2041 1860 2096 apud

373 2108 474 2148 illos
507 2107 730 2147 clauditur
755 2105 944 2146 caelum.
1009 2105 1119 2146 Vita
1151 2111 1305 2145 autem
1336 2106 1583 2146 secundum
1610 2103 1862 2146 dofitrinam

374 2183 553 2223 prorsus
586 2169 755 2209 claudit
789 2168 980 2216 caelum,
1015 2169 1117 2221 quia
1149 2167 1258 2208 fides
1290 2181 1444 2209 eorum
1482 2174 1551 2208 est
1589 2167 1708 2221 quod
1745 2167 1864 2207 bona

374 2234 494 2273 vitae
513 2245 602 2271 non
621 2231 813 2278 salvent,
836 2244 917 2271 nec
942 2230 1062 2270 mala
1080 2231 1200 2271 vitae
1221 2231 1541 2270 condemnent.
1595 2228 1676 2283 (9.)
1710 2228 1864 2271 Simile

375 2302 459 2343 est,
499 2295 534 2334 si
572 2294 747 2333 dicatur
784 2293 903 2346 quod
942 2292 1116 2333 caelum
1154 2293 1323 2333 homini
1364 2292 1565 2332 clausum
1603 2293 1676 2340 sit,
1712 2298 1790 2332 aut
1827 2292 1863 2332 si

374 2358 549 2397 dicatur
571 2356 689 2409 quod
714 2368 840 2395 mens
868 2356 1068 2408 superior
1090 2355 1299 2403 hominis,
1326 2369 1439 2408 quae
1466 2368 1598 2395 mens
1617 2353 1863 2407 spiritualis

375 2420 466 2472 ejus
492 2425 694 2466 vocatur,
719 2418 871 2458 clausa
898 2419 984 2467 sit;
1018 2430 1122 2457 nam
1150 2431 1276 2458 mens
1299 2417 1542 2470 spiritualis
1569 2417 1767 2457 hominis
1793 2422 1863 2457 est

375 2483 549 2524 caelum
582 2482 688 2534 ejus,
722 2495 857 2534 quare
895 2495 972 2534 per
1003 2480 1127 2520 illam
1164 2487 1232 2521 est
1274 2480 1443 2521 homini
1476 2477 1732 2532 conjunfflo
1763 2492 1864 2519 cum

375 2545 528 2595 caelo3
561 2558 612 2585 ac
641 2557 766 2584 mens
794 2543 1011 2584 naturalis
1034 2549 1103 2584 est
1131 2543 1324 2583 mundus
1348 2542 1460 2595 ejus,
1479 2556 1616 2596 quare
1639 2556 1718 2596 per
1739 2542 1863 2583 illam

375 2615 445 2648 est
468 2608 638 2648 homini
656 2604 911 2659 conjunffio
929 2619 1028 2646 cum
1053 2606 1232 2646 mundo.
1296 2605 1538 2658 Quomodo
1557 2612 1711 2646 autem
1736 2618 1864 2645 mens

376 2670 616 2724 spiritualis
654 2670 863 2723 aperitur,
897 2675 943 2709 et
980 2669 1041 2708 sic
1080 2668 1249 2709 homini
1287 2669 1639 2709 communicatio
1670 2674 1717 2708 et
1755 2680 1864 2708 con·

371 2731 544 2784 junctio
569 2732 701 2771 datur
726 2743 826 2771 cum
852 2730 995 2778 caelo,
1023 2743 1156 2782 supra
1187 2739 1397 2781 (n.790[b])
1420 2730 1683 2782 expositum
1710 2735 1794 2768 est.

455 2797 668 2851 798[a].
712 2795 1031 2848 “Blasphemare
1066 2808 1207 2835 nomen
1239 2795 1602 2847 lpsius.''—Qu0d
1638 2793 1863 2847 significet

364 2859 656 2913 salsfficando
673 2872 794 2898 omne
809 2857 935 2910 quale
951 2858 1054 2910 cfjus,
1075 2863 1257 2897 constat
1276 2870 1334 2896 ex
1353 2855 1683 2908 significatione
1702 2859 1726 2875 “
1740 2854 1860 2895 blas-

377 2921 630 2975 phemare,'’
649 2921 768 2975 quod
788 2922 844 2961 sit
864 2920 1097 2961 falsificare
1122 2920 1332 2960 Divinum
1352 2919 1536 2967 Verum,
1557 2919 1621 2959 ita
1644 2918 1861 2966 Verbum,

377 2982 498 3035 quod
521 2996 545 3022 a
568 2983 781 3030 Domino,
801 2988 846 3022 et
865 2982 983 3035 quod
1004 2987 1074 3022 est
1093 2981 1323 3021 Dominus
1339 2990 1394 3030 (de
1407 2999 1472 3027 qua
1483 2999 1557 3019 mox
1570 2999 1676 3027 supra,
1690 2998 1720 3020 n.
1735 2988 1860 3031 797);

1967 186 1982 204 ο,

2012 225 2014 227 v
1987 182 1994 199 ›,
1989 86 2011 138 μμ.

2039 595 2054 609 ⁴.
2048 574 2052 584 a
2031 315 2054 560 Νιξᾼωῑω
2030 262 2031 265 ⁴
2028 235 2031 242 ⁴*
2028 189 2031 193 ’
