2008 3458
362 388 475 429 2440
776 385 1108 419 APOCALYPSIS
1139 387 1436 420 EXPLICATA.

359 512 572 540 arcanum
611 498 729 552 quod
766 499 809 539 in
846 498 915 539 his
953 499 1099 540 verbis
1136 499 1266 549 latet,
1300 514 1390 541 non
1427 500 1662 554 quisquam
1692 499 1841 542 videre

358 569 526 615 potest,
548 563 629 602 nisi
652 563 724 615 qui
747 563 831 603 scit
855 562 1009 615 quales
1032 569 1136 603 sunt
1159 564 1453 612 tentationeS,
1474 577 1551 616 per
1573 577 1683 617 quas
1703 563 1842 605 homo

357 631 675 677 regeneratur;
709 625 845 664 homo
872 626 990 665 enim
1017 625 1060 665 in
1087 625 1173 665 illis
1205 631 1386 666 tenetur
1411 627 1453 666 in
1488 640 1567 666 suo
1600 625 1840 674 libero‚<ex

357 699 444 738 quo
467 693 653 739 apparet
677 686 739 726 illi
763 688 877 727 sicut
901 701 958 728 ex
982 701 1029 728 se
1052 694 1223 740 pugnet
1243 702 1252 738 ;
1286 689 1423 728 immo
1445 689 1488 728 in
1511 688 1842 729 tentationibus

357 754 427 788 est
455 748 623 789 homini
651 749 836 790 liberum
863 750 1093 802 spirituale
1115 750 1270 790 fortius
1302 763 1435 803 quam
1468 756 1600 790 extra
1631 749 1744 798 illas,
1769 756 1840 792 est

356 811 474 850 enim
516 812 727 851 interius:
776 813 857 852 nisi
899 811 1036 852 homo
1076 826 1135 852 ex
1176 826 1230 852 eo
1270 819 1493 866 pugnaret
1534 813 1577 852 in
1619 813 1839 854 tentatio·

356 873 499 920 nibus,
526 887 616 913 non
644 875 811 926 poterit
835 873 1076 927 spiritualis
1099 874 1190 915 fieri
1212 888 1220 924 ;
1253 888 1388 915 omne
1414 876 1533 915 enim
1560 874 1746 916 liberum
1769 881 1840 916 est

356 938 533 983 amoris,
559 951 693 989 quare
720 938 857 977 homo
883 944 990 977 tunc
1022 951 1080 978 ex
1107 950 1259 978 amore
1285 939 1376 978 veri
1403 944 1449 978 et
1475 938 1578 978 inde
1603 951 1662 978 ex
1688 951 1840 979 amore

356 998 478 1038 vitae
509 1005 723 1039 aeternae
755 1006 955 1052 pugnat;
993 1000 1056 1040 ita
1087 1013 1178 1040 non
1209 1000 1340 1040 aliter
1371 1001 1567 1052 aperitur
1598 1001 1837 1046 internum.

356 1067 402 1101 et
439 1061 575 1101 homo
611 1068 915 1114 regeneratur.
977 1062 1051 1102 Ex
1093 1062 1160 1102 his
1197 1063 1349 1116 paucis
1386 1062 1669 1116 aliquatenus
1699 1063 1839 1104 videri

356 1129 510 1176 potest
537 1125 642 1177 quid
674 1124 750 1164 illa
776 1125 913 1164 verba
946 1124 1127 1165 Domini
1154 1125 1405 1172 involvunt,
1434 1138 1596 1178 nempe
1628 1125 1748 1178 quod
1778 1138 1839 1166 ex

355 1199 435 1226 suo
468 1186 607 1227 libero
640 1188 922 1240 pugnaverit,
951 1194 997 1228 et
1030 1187 1210 1228 demum
1243 1188 1440 1241 posuerit
1473 1188 1668 1228 animam
1695 1200 1835 1236 suam,

355 1262 413 1288 ex
440 1262 574 1289 causa
601 1255 648 1290 ut
675 1250 826 1289 omnia
852 1263 910 1290 ex
938 1250 1115 1303 propria
1141 1251 1348 1303 potentia
1370 1250 1553 1297 faceret,
1578 1256 1624 1290 et
1651 1249 1754 1290 inde
1780 1263 1838 1290 ex

355 1310 509 1352 Semet
549 1312 654 1364 Ipso
684 1312 867 1364 Justitia
903 1312 1044 1360 fieret,
1079 1313 1198 1367 quod
1236 1326 1325 1352 non
1363 1313 1510 1365 potuit
1543 1311 1635 1352 fieri
1666 1312 1748 1352 nisi
1779 1325 1838 1353 ex

354 1373 495 1413 libero
519 1374 687 1427 Ipsius;
720 1375 823 1415 inde
841 1375 1015 1422 dicitur,
1039 1374 1181 1427 “Ego
1203 1388 1323 1427 pono
1340 1375 1536 1415 animam
1559 1388 1584 1415 a
1607 1373 1681 1415 Me
1705 1373 1836 1428 Ipso;

354 1443 633 1488 potestatem
673 1437 820 1477 habeo
860 1437 1056 1490 ponendi
1101 1437 1239 1485 illam,
1281 1443 1327 1478 et
1368 1443 1648 1490 potestatem
1689 1436 1837 1478 habeo

353 1499 595 1551 recipiendi
633 1499 783 1550 illam;
826 1499 911 1540 hoc
951 1506 1241 1554 praeceptum
1274 1501 1429 1553 accepi
1466 1513 1491 1540 a
1528 1499 1659 1540 Patre
1697 1497 1837 1540 meo.''

355 1560 442 1613 Qui
469 1562 554 1602 hoc
583 1576 794 1603 arcanum
821 1576 911 1603 non
939 1564 1100 1611 sciunt,
1128 1562 1191 1603 illi
1217 1563 1576 1616 interpretantur·
1597 1561 1674 1602 illa
1699 1561 1836 1603 verba

354 1626 734 1677 quemadmodum
767 1625 938 1673 Ariani,
973 1626 1091 1679 quod
1129 1639 1219 1666 non
1257 1623 1443 1666 aetualis
1480 1625 1558 1666 sed
1596 1625 1836 1677 adoptivus

354 1687 492 1727 Filius
518 1687 602 1728 Dei
620 1688 748 1728 fuerit
767 1703 775 1738 ;
803 1689 866 1729 ita
884 1689 1002 1742 quod
1022 1689 1268 1741 adoptatus
1288 1689 1344 1729 sit
1363 1689 1464 1741 quia
1481 1687 1623 1728 voluit
1641 1687 1837 1728 animam

354 1763 479 1789 suam
525 1763 706 1802 ponere,
749 1764 826 1791 seu
872 1757 1065 1792 mortem
1107 1751 1248 1791 crucis
1289 1751 1461 1791 subire:
1512 1763 1602 1791 non
1642 1750 1838 1791 scientes

353 1813 472 1865 quod
499 1812 574 1852 illa
597 1814 733 1853 verba
756 1814 992 1854 involvant
1019 1814 1138 1867 quod
1165 1827 1223 1854 ex
1250 1814 1425 1867 propria
1452 1813 1658 1866 potentia
1679 1819 1839 1854 contra

352 1874 522 1915 inferna
546 1890 604 1915 ex
630 1876 843 1916 Humano
867 1890 947 1916 suo
974 1877 1256 1929 pugnaverit,
1282 1882 1327 1916 et
1354 1875 1431 1915 illa
1454 1875 1625 1923 vicerit,
1650 1879 1696 1916 et
1719 1876 1838 1929 quod

353 1951 411 1977 ex
454 1939 631 1991 propria
671 1940 878 1992 potentia
917 1938 1176 1978 Humanum
1215 1951 1341 1978 suum
1379 1937 1712 1991 glorificaverit,
1751 1937 1837 1979 hoc

353 2007 438 2048 est,
473 2002 663 2041 univerit
691 2001 800 2041 illud
827 2001 911 2054 ipsi
943 2001 1107 2040 Divino
1139 2001 1182 2040 in
1213 1999 1284 2048 Se,
1313 2007 1359 2041 et
1391 2001 1451 2040 sic
1485 1999 1594 2040 illud
1627 1999 1837 2040 Divinum

351 2063 521 2111 fecerit,
547 2064 666 2116 quod
689 2064 858 2117 absque
881 2063 1092 2104 absoluto
1116 2063 1256 2104 libero
1277 2061 1434 2103 101ἰὲὶο
1457 2062 1547 2116 Ipsi
1569 2062 1716 2116 quoad
1740 2061 1837 2103 Hu-

352 2138 533 2165 manum
567 2139 847 2179 nequaquam
879 2125 971 2166 fieri
1004 2127 1165 2179 potuit.
1237 2125 1312 2166 Ex
1349 2125 1418 2165 his
1449 2138 1564 2166 nunc
1597 2130 1726 2178 patet
1757 2137 1835 2166 cur

352 2187 469 2239 apud
496 2187 683 2228 Esaiam
708 2189 883 2236 dieitur,
912 2187 995 2229 “Si
1023 2189 1222 2242 posuerit
1249 2194 1422 2229 reatum
1451 2189 1647 2228 animam
1673 2185 1839 2227 suam.'’

352 2247 464 2284 (Quod
477 2249 610 2277 liberum
625 2249 663 2277 sit
675 2250 706 2278 id
722 2251 810 2286 quod
825 2254 870 2278 est
882 2250 997 2278 amoris
1013 2255 1043 2278 et
1058 2250 1237 2283 voluntatis,
1254 2255 1284 2278 et
1306 2250 1379 2278 inde
1394 2250 1476 2278 vitae
1489 2249 1636 2283 hominis,
1652 2252 1683 2277 et
1698 2248 1787 2285 quod
1806 2247 1839 2277 id

350 2298 499 2330 appareat
511 2294 591 2323 sicut
606 2294 672 2332 ejus
687 2295 860 2332 proprium,
876 2295 1019 2323 videatur
1033 2295 1065 2323 in
1082 2295 1239 2323 Doltrina
1255 2296 1365 2323 Novae
1377 2294 1623 2332 Hiersoloymae,
1639 2302 1671 2322 n.
1689 2301 1756 2330 141,
1771 2295 1838 2330 143.

351 2339 447 2374 Quod
466 2339 598 2367 liberum
620 2340 741 2368 homini
763 2349 829 2368 esse
852 2340 975 2373 debeat,
992 2345 1026 2368 ut
1048 2340 1145 2376 possit
1160 2340 1345 2376 regenerari,
1362 2339 1506 2368 videatur
1518 2339 1550 2367 in
1564 2338 1704 2367 Arcanis
1722 2338 1840 2367 Caeles-

351 2384 440 2418 tibus,
457 2393 487 2413 n.
503 2393 688 2421 1937,1947,
706 2385 793 2420 2876,
811 2386 898 2417 2881,
916 2391 1004 2422 3145,
1018 2386 1107 2421 3158,
1123 2393 1212 2421 4031,
1229 2386 1317 2420 8700.
1361 2384 1458 2420 Quod
1470 2383 1587 2420 alioqui
1609 2391 1699 2412 amor
1718 2383 1794 2412 boni
1808 2387 1840 2412 et

350 2430 414 2457 veri
430 2438 494 2457 non
510 2429 687 2466 implantari
699 2429 797 2466 possit
808 2429 938 2462 homini,
951 2434 980 2458 et
996 2429 1023 2458 ei
1035 2429 1229 2466 appropriari
1245 2433 1434 2466 apparenter
1445 2433 1480 2457 ut
1491 2437 1633 2462 suum,n.
1645 2430 1734 2464 2877,
1750 2429 1838 2465 2879,

351 2476 440 2508 2880,
454 2476 541 2509 8700.
585 2474 683 2511 Quod
699 2474 775 2503 nihil
791 2475 1002 2512 conjungatur
1012 2474 1133 2503 homini
1144 2475 1232 2511 quod
1247 2474 1281 2502 fit
1295 2474 1327 2502 in
1340 2473 1463 2507 coaeto,
1475 2482 1505 2503 n.
1520 2475 1606 2509 2875,
1620 2475 1707 2509 8700.
1743 2472 1840 2510 Quod

350 2529 383 2547 se
399 2528 511 2556 cogere
525 2519 612 2547 sitex
627 2519 735 2552 libero,
752 2528 817 2547 non
833 2524 939 2547 autem
955 2519 1035 2556 cogi,
1052 2528 1082 2547 n.
1101 2527 1187 2556 1937,
1201 2520 1289 2548 2881.
1333 2518 1430 2555 Quod
1452 2518 1484 2546 in
1500 2518 1586 2546 omni
1608 2517 1840 2546 tentatione.sit

350 2564 494 2597 liberum,
517 2565 573 2592 sed
596 2564 684 2600 quod
705 2564 738 2592 id
758 2564 892 2592 liberum
914 2564 952 2592 sit
974 2564 1103 2592 interius
1125 2563 1212 2600 apud
1232 2562 1395 2591 hominem
1411 2571 1430 2591 a
1445 2562 1595 2596 Domino,
1611 2567 1642 2591 et
1663 2562 1752 2599 quod
1767 2562 1840 2591 ideo

349 2614 470 2646 pugnet
479 2613 510 2637 et
519 2609 591 2637 velit
601 2609 733 2643 vincere,
745 2613 775 2637 et
784 2617 849 2637 non
859 2609 950 2643 vinci,
962 2609 1050 2645 quod
1058 2609 1179 2645 absque
1188 2608 1286 2636 libero
1296 2616 1361 2636 non
1371 2607 1495 2640 faceret,
1506 2616 1538 2636 n.
1551 2615 1638 2644 1937,
1651 2615 1738 2644 1947,
1749 2608 1838 2636 2881.

351 2654 447 2690 Quod
470 2654 628 2683 Dominus
642 2653 728 2682 solus
743 2658 773 2681 et
794 2662 832 2681 ex
847 2654 974 2690 propria
988 2653 1129 2690 potentia
1143 2657 1253 2681 contra
1267 2652 1374 2680 omnia
1389 2652 1509 2680 inferna
1523 2651 1718 2689 pugnaverit,
1734 2656 1765 2680 et
1785 2651 1840 2680 illa

350 2699 465 2732 vicerit,
483 2708 512 2727 n.
532 2699 618 2735 1692,
638 2700 724 2735 1813,
741 2699 828 2732 2816,
846 2706 934 2734 4295,
951 2700 1039 2735 8273,
1057 2696 1179 2735 [119937.
1223 2697 1319 2734 Quod
1338 2697 1412 2725 inde
1427 2697 1585 2725 Dominus
1598 2697 1725 2735 Justitia
1738 2696 1839 2726 faetus

350 2749 396 2772 est
424 2752 461 2771 ex
487 2744 528 2772 Se
553 2744 631 2777 solo,
658 2752 688 2772 n.
717 2745 803 2780 1813,
831 2750 1019 2779 2025-2027,
1046 2750 1135 2779 9715,
1162 2744 1252 2779 9809,
1282 2750 1388 2778 10019.
1431 2741 1529 2778 Quod
1553 2741 1684 2770 tentatio
1710 2741 1839 2770 Domini

350 2789 460 2816 ultima
472 2788 561 2816 fuerit
574 2789 605 2816 in
618 2788 831 2817 Gethsemane
843 2793 872 2815 et
884 2796 979 2824 super
990 2796 1092 2820 cruce,
1103 2791 1134 2815 et
1145 2791 1220 2815 tune
1233 2795 1361 2823 quoque
1374 2786 1514 2823 plenaria
1525 2786 1664 2821 νίόὶοῑὶα,
1675 2795 1732 2824 per
1742 2795 1838 2823 quam

350 2833 527 2869 subjugavit
550 2833 678 2866 inferna,
695 2837 727 2861 et
747 2833 839 2861 simul
854 2832 1039 2869 glorifieavit
1056 2832 1246 2860 Humanum
1268 2840 1371 2865 suum,
1387 2840 1417 2860 n.
1435 2832 1523 2867 2776,
1540 2833 1628 2868 2803,
1644 2833 1733 2868 2813,
1749 2833 1838 2868 2814,

353 2879 458 2913 10655,
477 2878 583 2914 10659,
600 2876 754 2907 [²]10828:
780 2877 859 2905 haec
882 2877 988 2905 omnia
1010 2886 1048 2905 ex
1070 2877 1209 2905 Arcanis
1234 2876 1430 2909 Caelestibus,
1446 2885 1464 2905 e
1485 2876 1601 2912 quibus
1621 2876 1713 2913 plura
1733 2876 1838 2906 adhuc

350 2922 484 2950 colleo‘ta
495 2922 660 2950 videantur
675 2923 706 2951 in
722 2922 879 2951 Doc‘trina
894 2922 1004 2951 Novae
1019 2922 1266 2958 Hierosolymae,
1279 2921 1333 2949 ubi
1350 2921 1399 2949 De
1416 2921 1532 2950 Libero
1549 2920 1706 2955 Hominis,
1721 2930 1752 2950 n.
1770 2922 1838 2958 148·

353 2977 426 3004 149:
454 2968 503 2997 De
518 2969 759 2997 Tentationibus
774 2969 805 2996 in
821 2977 944 3005 genere,
962 2977 991 2997 n.
1010 2968 1163 3005 196-200:
1190 2972 1220 2996 et
1243 2967 1293 2996 De
1307 2967 1547 2996 Tentationibus
1564 2966 1704 3002 Domini,
1720 2976 1751 2996 n.
1768 2975 1836 3002 201,

354 3012 438 3050 302.)
