2098 3476
423 349 528 401 198'4
776 382 777 385 η
826 357 1155 392 APOCALYPSIS
1186 360 1482 393 EXPLICATA.

483 471 502 488 “
515 469 703 501 Effundam
725 471 1052 503 excandescentiam
1070 482 1185 503 meam
1203 482 1309 513 super
1326 473 1385 504 Sin
1404 474 1511 504 robur
1527 473 1744 515 Aegypti,-et
1759 471 1895 507 exscin-

589 514 670 544 dam
696 514 955 545 multitudinem
982 515 1059 550 No:
1088 516 1179 546 dabo
1203 516 1321 556 ignem
1345 517 1381 549 in
1406 516 1599 557 Aegypto,⁸
1614 518 1798 557 .parturiet
1821 518 1894 558 Sin,

590 563 625 588 et
643 554 750 588 [¹]non
768 558 834 588 erit
850 558 894 588 ad
912 558 1240 598 perrumpendum”
1257 560 1351 599 (xxx.
1374 568 1422 598 15,
1443 561 1515 600 16):

414 657 491 696 per
520 643 865 697 “Aegyptum,''
893 644 1042 685 “Sin’'
1067 651 1112 686 et
1142 645 1252 686 “No
1265 645 1283 661 '’
1310 646 1617 699 significantur
1647 647 1893 691 scientifica

413 711 459 745 et
476 705 676 746 fallaciae
695 720 807 759 quae
831 707 1044 747 naturalis
1066 707 1270 756 hominis,
1290 722 1402 761 quae
1425 708 1610 749 obstant
1636 710 1739 762 quin
1757 709 1894 757 homo

413 779 491 818 per
517 781 620 807 vera
647 782 704 808 ex
730 768 884 809 Verbo
910 769 1198 820 reformetur;
1231 770 1350 822 quod
1377 770 1486 810 haec
1509 771 1659 811 scituri
1686 772 1788 820 sint,
1811 771 1892 818 sed

412 842 550 881 usque
588 843 677 869 non
718 831 940 882 recepturi
980 832 1086 879 vita,
1125 837 1170 871 et
1208 832 1270 871 sic
1313 845 1401 872 non
1438 832 1663 873 reformari
1703 833 1890 885 possint,

412 890 687 942 significatur
718 905 796 944 per
830 893 1155 944 “parturiendo
1187 894 1329 945 pariet
1362 892 1452 942 Sin,
1486 901 1531 934 et
1564 892 1688 935 [finon
1721 895 1803 936 erit
1834 894 1891 936 ad

411 953 829 1006 perrumpendum,’'
855 967 1016 1006 nempe
1043 955 1290 995 matricem.

504 1012 584 1066 [6.]
633 1013 861 1065 Quoniam
901 1027 981 1067 per
1025 1016 1290 1068 “parturire
1309 1015 1328 1030 ’'
1371 1015 1650 1068 significatur
1691 1016 1890 1070 recipere

409 1074 563 1113 auditu
595 1081 671 1114 aut
704 1073 822 1114 lectu
854 1089 960 1115 vera
985 1074 1139 1123 Verbi,
1172 1082 1218 1115 et
1250 1089 1328 1128 per
1362 1079 1553 1128 “parere
1566 1076 1584 1091 '¹
1615 1076 1891 1129 significatur

408 1133 668 1176 fructificare
700 1143 746 1176 et
777 1135 879 1177 actu
911 1137 1156 1189 producere
1187 1137 1276 1186 illa,
1305 1138 1424 1191 quod
1457 1144 1525 1178 est
1552 1138 1700 1178 vivere
1729 1151 1889 1180 secun-

408 1197 514 1237 dum
551 1198 640 1246 illa,
674 1205 719 1238 et
758 1200 819 1239 516
857 1200 1096 1247 reformari,
1135 1199 1236 1240 ideo
1273 1200 1383 1240 haec
1423 1200 1602 1253 quando
1639 1199 1750 1241 fiunt
1787 1213 1889 1242 cum

406 1261 616 1311 angustia
643 1267 688 1300 et
717 1260 982 1301 difficultate
1009 1268 1192 1314 propter
1213 1261 1322 1301 falsa
1348 1268 1393 1302 et
1420 1261 1536 1301 mala
1559 1275 1670 1315 quae
1697 1269 1888 1315 regnant

406 1322 450 1361 in
472 1321 674 1370 ecclesia,
699 1336 812 1375 quae
838 1323 1042 1363 inhibent
1068 1330 1113 1363 et
1136 1337 1249 1376 quae
1275 1330 1535 1376 pervertunt
1560 1338 1665 1364 vera
1690 1330 1736 1364 et
1767 1324 1888 1366 bona

407 1382 512 1435 ejus,
541 1391 646 1424 tunc
674 1385 834 1425 dicitur
860 1385 979 1438 quod
1009 1386 1380 1438 “prehendantur
1405 1385 1560 1426 dolore
1589 1386 1702 1426 sicut
1734 1391 1887 1438 partu-

405 1446 608 1486 rientis:’'
650 1446 734 1486 hoc
770 1447 871 1500 quia
904 1446 953 1487 fit
986 1448 1028 1487 in
1062 1447 1147 1487 fine
1180 1447 1409 1496 ecclesiae,
1445 1448 1546 1487 ideo
1579 1447 1622 1487 id
1655 1448 1698 1487 in
1732 1447 1888 1490 Verbo

406 1507 567 1548 dicitur
599 1508 653 1548 de
685 1508 770 1548 illis
803 1505 875 1562 qui
907 1523 960 1549 60
991 1515 1195 1561 tempore
1222 1510 1391 1558 vivunt,
1413 1510 1526 1549 sicut
1553 1509 1595 1548 in
1622 1509 1705 1549 1106
1739 1510 1915 1563 capite·

404 1569 744 1623 Apocalypseos,
779 1571 899 1624 quod
934 1571 1132 1611 “mulier
1166 1572 1209 1611 in
1251 1578 1378 1612 utero
1416 1571 1586 1611 habens
1623 1571 1885 1614 clamaverit

406 1633 669 1683 parturiens,
688 1640 732 1673 et
752 1634 948 1673 cruciata
969 1632 1153 1686 parere”
1174 1632 1305 1686 (vers.
1321 1633 1365 1686 2)
1385 1647 1394 1684 ;
1428 1647 1505 1685 per
1523 1633 1641 1686 quod
1664 1632 1886 1686 significa-

405 1702 476 1733 tur
498 1694 616 1747 quod
642 1709 748 1734 vera
773 1701 819 1736 et
845 1695 964 1735 bona
986 1695 1244 1747 spiritualia,
1272 1709 1385 1748 quae
1412 1709 1470 1735 ex
1494 1695 1662 1744 Verbo,
1687 1708 1777 1736 non
1803 1695 1886 1749 nisi

404 1769 505 1796 cum
537 1757 734 1796 maxima
765 1757 1032 1797 difficultate
1065 1764 1110 1798 et
1141 1770 1242 1798 cum
1273 1758 1483 1809 angustia
1514 1758 1648 1810 recipi
1682 1763 1883 1810 possent,

404 1818 689 1858 obstantibus
722 1819 849 1859 malis
880 1826 925 1859 et
957 1819 1076 1859 falsis
1107 1833 1219 1872 quae
1251 1825 1356 1859 tunc
1389 1820 1431 1858 in
1464 1819 1666 1867 ecclesia,
1695 1825 1742 1860 et
1768 1832 1882 1872 quae

403 1881 575 1920 animos
594 1880 796 1933 religioni
813 1879 1017 1921 addictos
1035 1887 1379 1933 occupaverunt.
1432 1880 1532 1920 Hoc
1552 1894 1727 1933 quoque
1745 1881 1882 1933 signi·

403 1941 561 1982 ficatur
582 1956 660 1994 per
684 1942 899 1983 “dolores
922 1943 1034 1982 sicut
1058 1942 1374 1995 parturientis”
1397 1942 1514 1995 apud
1538 1942 1796 1992 Jeremiam,
1854 1963 1857 1965 ·
1895 1960 1900 1963 ⁵

469 2032 487 2045 ‘¹
501 2030 634 2062 Vocem
666 2031 765 2071 quasi
793 2030 1010 2070 aegrotantis
1039 2030 1183 2068 audivi,⁸
1199 2030 1313 2070 .quasi
1341 2030 1615 2070 primogenitum
1644 2029 1882 2070 parturientis,

577 2084 700 2104 vocem
721 2074 812 2104 filiae
832 2074 962 2111 Zionis,
983 2074 1145 2113 suspirat,
1163 2074 1330 2113 expandit
1347 2083 1474 2104 manus
1491 2083 1583 2111 suas,
1601 2073 1674 2104 Vae
1693 2073 1766 2113 jam
1785 2073 1882 2112 mihi,

576 2118 657 2158 quia
673 2117 832 2148 desolata
848 2124 902 2148 est
917 2118 1037 2148 anima
1054 2126 1133 2147 mea
1148 2118 1192 2147 ab
1209 2116 1452 2148 occisoribus'’
1469 2117 1527 2156 (iv.
1548 2117 1621 2156 31):

403 2213 481 2252 per
509 2198 680 2239 “filiam
707 2198 887 2239 Zionis'’
913 2198 1178 2251 intelligitur
1205 2198 1395 2238 ecclesia
1420 2212 1532 2251 quae
1562 2198 1605 2238 in
1632 2198 1746 2238 veris
1772 2197 1881 2239 doc-

402 2262 544 2302 trinae
581 2275 639 2301 ex
677 2261 797 2301 bono
833 2261 994 2301 amoris
1030 2268 1128 2311 est;
1175 2260 1285 2300 haec
1325 2260 1485 2300 dicitur
1524 2261 1796 2312 “suspirare,
1834 2266 1901 2310 et,

402 2324 660 2376 expandere
687 2337 858 2372 manus,
887 2324 988 2376 quia
1019 2323 1246 2363 delassata
1277 2329 1346 2363 est
1378 2323 1526 2363 anima
1557 2322 1648 2374 ejus
1679 2322 1736 2363 ab
1762 2323 1879 2364 0661-

402 2388 572 2428 soribus
591 2386 624 2437 ;”
658 2385 946 2426 “occisores’'
973 2392 1075 2426 sunt
1107 2386 1180 2439 qui
1210 2386 1350 2425 vitam
1381 2385 1657 2437 spiritualem
1689 2384 1880 2425 hominis

401 2463 479 2502 per
504 2449 614 2489 falsa
639 2455 684 2490 et
711 2448 829 2488 mala
855 2448 1117 2488 destruunt:
1152 2454 1197 2488 et
1223 2449 1324 2500 quia
1355 2453 1538 2499 propter
1569 2447 1655 2487 hoc
1681 2459 1771 2486 non
1797 2446 1881 2486 nisi

401 2525 534 2565 quam
575 2525 675 2551 cum
716 2511 924 2563 angustia
963 2517 1008 2550 et
1049 2509 1314 2550 difficultate
1355 2509 1490 2561 recipi
1530 2522 1635 2549 vera
1674 2515 1719 2548 et
1759 2508 1880 2548 bona

400 2573 643 2627 spiritualia
674 2579 875 2625 possunt,
909 2573 1010 2613 ideo
1046 2572 1095 2612 fit
1132 2572 1379 2616 lamentum
1412 2573 1526 2612 sicut
1561 2571 1878 2623 “aegrotantis

400 2644 446 2677 et
469 2637 817 2689 primogenitum
836 2636 1121 2688 parturientis
1141 2635 1174 2685 ;”
1206 2648 1283 2687 per
1303 2637 1328 2655 “
1342 2634 1691 2686 primogenitum
1703 2632 1722 2648 ”
1738 2633 1877 2685 signi-

400 2699 556 2739 ficatur
596 2700 784 2750 primum
825 2698 1054 2746 ecclesiae,
1097 2711 1156 2737 ex
1197 2711 1284 2749 quo
1329 2697 1497 2749 reliqua
1541 2697 1655 2736 sicut
1697 2709 1756 2735 ex
1796 2708 1877 2736 suo

400 2761 614 2816 principio
640 2767 897 2814 sequuntur.
957 2760 1095 2812 Apud
1122 2760 1328 2807 eundem,

465 2850 704 2882 “Audivimus
723 2849 854 2880 famam
867 2848 885 2860 ’⁷
903 2848 1022 2888 populi
1046 2848 1222 2879 venientis
1241 2857 1260 2878 e
1281 2852 1374 2878 terra
1395 2846 1656 2886 septentrionis
1675 2845 1876 2877 “remissae
1912 2878 1923 2892 ⁶

572 2899 655 2924 sunt
671 2902 798 2923 manus
816 2899 969 2929 nostrae,
983 2892 1148 2931 angustia
1164 2891 1350 2930 prehendit
1367 2900 1443 2927 nos,
1457 2890 1559 2920 dolor
1575 2889 1663 2920 sicut
1680 2889 1876 2929 parturien-

570 2937 634 2968 tis:
667 2946 711 2967 ne
736 2936 827 2966 exite
852 2935 886 2966 in
911 2944 1044 2974 agrum,
1069 2941 1104 2965 et
1127 2935 1162 2965 in
1187 2934 1281 2964 viam
1306 2943 1350 2964 ne
1374 2934 1476 2970 abite,
1501 2933 1582 2973 quia
1607 2932 1744 2973 gladius
1768 2932 1874 2970 hosti,

571 2986 683 3011 terror
699 2979 966 3019 circumquaque
978 2978 996 2989 ''
1013 2978 1070 3018 (vi.
1089 2986 1139 3016 24,
1158 2977 1230 3017 25):
