2054 3464
447 394 555 425 2202
859 392 1190 426 APOCALYPSIS
1221 393 1519 427 EXPLICATA.

448 502 597 556 Quare
638 504 868 545 sciendum
906 511 990 553 est,
1027 504 1105 559 (1.)
1150 505 1283 559 Quod
1320 507 1553 560 unicuique
1585 505 1756 548 homini
1795 506 1930 550 binae

448 573 624 606 mentes
666 567 770 615 sint,
805 581 891 607 una
923 568 1140 609 naturalis
1181 575 1227 610 et
1259 569 1403 610 altera
1435 569 1707 622 spiritualis;
1747 575 1794 611 et
1826 570 1929 624 quia

448 641 574 668 mens
597 635 666 669 est
686 643 799 683 quae
817 629 913 670 vult
933 637 978 671 et
1002 632 1193 684 cogitat,
1214 638 1283 672 est
1302 646 1478 685 quoque
1501 633 1735 686 unicuique
1756 631 1926 674 homini

446 691 657 731 voluntas
690 698 735 732 et
767 693 990 745 cogitatio
1016 693 1246 743 naturalis,
1280 707 1331 735 ac
1364 694 1575 735 voluntas
1617 701 1663 735 et
1704 694 1928 747 cogitatio

446 753 715 805 spiritualis3
750 768 877 795 mens
909 755 1126 796 naturalis
1152 756 1248 797 vult
1281 762 1326 797 et
1360 758 1534 809 cogitat
1568 758 1683 797 sicut
1715 756 1853 798 homo
1883 757 1928 798 in

447 816 628 864 mundo,
653 823 699 856 at
728 830 855 858 mens
878 817 1119 870 spiritualis
1142 818 1238 859 vult
1262 825 1307 859 et
1334 820 1508 872 cogitat
1533 820 1648 860 sicut
1671 819 1862 872 angelus
1883 819 1928 860 in

447 877 599 918 caelo:
643 879 746 919 inde
778 881 978 933 sequitur
1008 880 1127 933 quod
1160 879 1284 930 fides,
1318 882 1420 934 quia
1456 888 1526 922 est
1563 882 1606 921 in
1638 881 1836 930 homine,
1869 882 1928 923 sit

446 941 583 980 etiam
618 941 833 982 naturalis
866 949 911 983 et
944 943 1001 983 sit
1034 943 1302 995 spiritualis;
1336 950 1381 984 et
1414 944 1534 997 quod
1565 943 1675 985 fides
1708 943 1927 985 naturalis

446 1004 502 1044 sit
519 1005 763 1044 secundum
779 1005 971 1045 hominis
983 1005 1267 1046 voluntatem
1282 1013 1328 1046 et
1341 1007 1667 1059 cogitationem
1683 1008 1726 1047 in
1742 1006 1926 1056 mundo,

445 1072 491 1106 et
515 1067 633 1119 quod
660 1066 769 1107 fides
796 1067 1037 1120 spiritualis
1063 1069 1121 1108 sit
1149 1069 1394 1108 secundum
1417 1068 1704 1110 voluntatem
1731 1075 1778 1110 et
1801 1069 1927 1122 cogi·

447 1130 669 1169 tationem
711 1129 802 1183 ejus
839 1131 883 1170 in
928 1130 1068 1171 caelo.
1131 1130 1306 1171 Dicitur
1344 1131 1556 1171 voluntas
1597 1138 1643 1172 et
1689 1132 1926 1185 cogitatio,

446 1192 547 1244 quia
574 1193 737 1240 omnia,
763 1206 821 1232 ex
844 1193 1001 1245 quibus
1020 1192 1161 1233 'homo
1187 1199 1256 1233 est
1284 1193 1434 1242 homo,
1464 1207 1511 1234 se
1537 1193 1732 1235 referunt
1759 1194 1816 1235 ad
1839 1194 1929 1235 duo

446 1253 548 1303 illa;
583 1268 641 1294 ex
668 1255 906 1296 voluntate
939 1256 1057 1296 enim
1084 1255 1204 1304 facit,
1230 1262 1275 1296 et
1303 1270 1360 1296 ex
1393 1257 1672 1309 cogitatione
1706 1256 1926 1311 loquitur:

446 1323 492 1357 et
519 1318 620 1369 quia
646 1317 783 1358 homo
809 1318 880 1358 vel
907 1332 965 1358 ex
993 1331 1040 1358 se
1067 1318 1138 1358 vel
1170 1332 1228 1358 ex
1257 1318 1355 1358 Deo
1382 1318 1487 1359 facit
1514 1325 1560 1359 et
1587 1318 1797 1372 loquitur,
1826 1319 1930 1360 ideo

446 1379 519 1419 vel
551 1394 609 1420 ex
643 1394 689 1420 se
721 1379 792 1420 vel
820 1394 878 1420 ex
912 1380 1010 1420 Deo
1042 1380 1138 1421 vult
1177 1386 1222 1421 et
1261 1382 1450 1433 cogitat.
1513 1381 1587 1421 Ex
1628 1381 1697 1422 his
1738 1382 1930 1435 primum

447 1441 586 1494 liquet
606 1442 724 1495 quod
748 1443 880 1483 detur
897 1441 1007 1483 fides
1030 1442 1247 1483 naturalis
1270 1449 1315 1483 et
1334 1442 1443 1483 fides
1467 1443 1723 1496 spiritualis,
1744 1450 1790 1485 et
1809 1443 1929 1498 quod

446 1503 555 1544 fides
588 1504 805 1545 naturalis
837 1505 1006 1558 absque
1039 1505 1257 1558 spirituali
1290 1506 1347 1546 sit
1379 1507 1582 1558 cogitare
1609 1506 1719 1547 talia
1745 1506 1929 1560 quaein

447 1566 601 1607 Verbo
625 1573 727 1607 sunt
761 1581 820 1607 ex
852 1581 913 1615 se,
942 1574 987 1608 et
1015 1568 1134 1620 quod
1161 1567 1270 1608 fides
1297 1568 1513 1608 naturalis
1540 1582 1598 1609 ex
1625 1568 1845 1622 spirituali
1869 1569 1928 1610 sit

447 1630 649 1682 cogitare
682 1629 791 1670 talia
823 1644 936 1682 quae
962 1631 1006 1670 in
1039 1629 1194 1671 Verbo
1225 1637 1329 1671 sunt
1371 1645 1429 1671 ex
1472 1630 1584 1679 Deo,
1619 1632 1804 1672 tametsi
1839 1631 1927 1672 hoc

447 1706 622 1745 quoque
645 1699 833 1745 apparet
853 1692 1022 1732 homini
1040 1694 1154 1733 sicut
1178 1707 1237 1733 ex
1264 1707 1324 1733 se.
1389 1692 1468 1746 (2.)
1513 1692 1738 1750 Quoniam
1759 1694 1929 1734 unicui-

446 1769 531 1808 que
558 1755 728 1795 homini
761 1762 863 1795 sunt
891 1755 1021 1796 binae
1047 1762 1238 1804 mentes,
1268 1756 1483 1796 naturalis
1515 1762 1562 1796 et
1594 1755 1852 1809 spiritualis,
1879 1762 1927 1797 et

446 1830 572 1857 mens
591 1817 807 1857 naturalis
825 1818 1022 1870 aperitur
1040 1824 1085 1858 et
1109 1818 1325 1858 formatur
1342 1832 1420 1871 per
1437 1817 1548 1858 talia
1570 1831 1682 1871 quae
1699 1819 1743 1858 in
1762 1818 1930 1860 mundo

445 1887 563 1928 sunt,
584 1887 630 1920 at
654 1893 780 1920 mens
804 1880 1044 1933 spiritualis
1067 1881 1264 1933 aperitur
1282 1887 1327 1921 et
1350 1881 1565 1921 formatur
1582 1894 1659 1934 per
1682 1880 1791 1922 talia
1813 1894 1929 1935 quae

445 1944 488 1982 in
515 1943 656 1989 caelo,
686 1949 731 1983 et
758 1944 860 1996 quia
892 1942 968 1983 illa
993 1957 1106 1996 quae
1133 1944 1176 1983 in
1209 1943 1336 1984 caelo
1362 1950 1465 1984 sunt
1493 1944 1642 1984 omnia
1669 1949 1773 1985 sunt
1799 1944 1927 1997 spiri-

445 2005 598 2053 tualia,
642 2006 743 2046 ideo
788 2019 1023 2046 necessum
1065 2013 1134 2046 est
1180 2012 1228 2046 ut
1275 2019 1401 2046 mens
1448 2006 1690 2059 spiritualis
1735 2007 1929 2049 hominis

446 2069 671 2121 aperiatur
712 2075 758 2109 et
798 2069 1014 2109 formetur
1051 2083 1129 2122 per
1170 2069 1246 2109 illa
1277 2083 1391 2122 quae
1435 2070 1478 2109 in
1511 2069 1666 2110 Verbo
1702 2075 1821 2118 sunt,
1854 2070 1928 2111 ubi

445 2132 595 2170 omnia
623 2138 726 2171 sunt
759 2131 1020 2184 spiritualia,
1049 2132 1150 2184 quia
1182 2131 1358 2171 Divina.
1422 2131 1472 2171 In
1505 2131 1660 2172 Verbo
1691 2137 1796 2172 sunt
1822 2145 1928 2173 vera

445 2207 558 2246 quae
585 2194 767 2233 scienda
798 2200 843 2234 et
876 2194 1135 2245 cogitanda,
1164 2199 1209 2233 et
1243 2200 1347 2234 sunt
1374 2193 1492 2233 bona
1518 2207 1631 2247 quae
1657 2193 1852 2234 volenda
1882 2200 1930 2235 et

447 2256 650 2296 facienda
669 2269 677 2305 ;
708 2269 785 2308 per
807 2255 917 2296 haec
943 2257 1094 2308 itaque
1118 2261 1163 2296 et
1187 2255 1263 2295 illa
1285 2256 1481 2308 aperitur
1498 2262 1544 2296 et
1566 2255 1783 2296 formatur
1800 2269 1927 2296 mens

446 2317 688 2371 spiritualis
729 2318 940 2358 hominis:
987 2332 1046 2358 ex
1087 2318 1245 2370 quibus
1287 2318 1486 2370 sequitur
1523 2318 1643 2371 quod
1683 2331 1810 2359 mens
1851 2317 1929 2360 illa

446 2381 527 2420 nisi
551 2394 629 2433 per
653 2393 758 2420 vera
784 2386 829 2420 et
857 2380 976 2419 bona
1002 2394 1060 2420 ex
1088 2379 1243 2420 Verbo
1274 2381 1471 2432 aperitur
1497 2386 1542 2420 et
1569 2380 1798 2428 formatur,
1826 2393 1927 2434 per-

445 2449 626 2483 maneat
650 2442 827 2492 clausa;
862 2449 907 2483 et
934 2443 1053 2495 quod
1085 2442 1169 2482 hac
1202 2442 1367 2490 clausa,
1395 2455 1522 2483 mens
1549 2442 1765 2483 naturalis
1792 2445 1929 2484 modo

446 2506 670 2558 aperiatur
700 2511 746 2545 et
773 2505 987 2545 formetur
1018 2518 1096 2557 per
1126 2504 1236 2545 talia
1267 2518 1380 2558 quae
1420 2505 1463 2544 in
1505 2504 1673 2545 mundo
1717 2510 1836 2554 sunt,
1869 2518 1928 2546 ex

447 2568 604 2620 quibus
636 2567 806 2607 homini
832 2567 1011 2620 quidem
1043 2573 1113 2607 est
1146 2566 1297 2606 lumen
1330 2566 1549 2615 naturale,
1578 2567 1671 2607 sed‘
1690 2566 1783 2607 tale
1809 2567 1928 2620 quod

445 2629 554 2668 nihil
586 2630 703 2681 sapit
735 2643 794 2668 ex
835 2628 974 2669 caelo.
1037 2629 1111 2669 Ex
1148 2629 1216 2669 his
1257 2629 1455 2669 secundo
1496 2628 1636 2682 liquet
1668 2624 1787 2682 quod
1819 2628 1929 2670 fides

447 2705 535 2731 non
559 2692 615 2731 sit
639 2691 749 2731 fides
764 2692 974 2744 quamdiu
994 2691 1138 2731 solum
1154 2704 1279 2731 mens
1299 2691 1515 2731 naturalis
1537 2698 1694 2744 aperta
1716 2697 1785 2732 est
1805 2705 1813 2742 ;
1846 2692 1927 2732 sed

444 2756 478 2794 si
498 2755 719 2807 cogitatio
738 2755 855 2807 quod
875 2756 937 2795 ita
953 2755 1010 2795 sit
1029 2755 1191 2795 dicitur
1205 2754 1328 2803 fides,
1346 2755 1465 2807 quod
1482 2756 1539 2795 sit
1562 2754 1672 2795 fides
1690 2754 1922 2802 historica,

445 2830 557 2869 quae
581 2830 670 2857 non
698 2816 817 2857 aliud
845 2824 914 2858 est
941 2830 1074 2870 quam
1107 2818 1309 2864 scientia,
1338 2831 1396 2857 ex
1423 2831 1509 2870 qua
1540 2817 1677 2857 homo
1709 2816 1926 2857 naturalis

447 2880 635 2931 cogitat.
700 2878 779 2932 (3.)
828 2880 892 2920 Ut
926 2893 1052 2920 mens
1084 2878 1326 2932 spiritualis
1359 2880 1584 2931 aperiatur
1615 2885 1660 2919 et
1693 2879 1922 2927 formetur,

445 2955 677 2982 necessum
697 2949 765 2982 est
785 2948 832 2982 ut
851 2940 889 2982 ei
909 2942 1261 2995 promptuarium
1281 2942 1353 2989 sit,
1374 2955 1431 2982 ex
1451 2955 1538 2994 quo
1557 2941 1764 2981 desumat
1783 2954 1792 2991 ;
1820 2953 1924 2981 nam

446 3005 527 3045 nisi
545 3006 583 3045 ei
602 3006 956 3058 promptuarium
977 3006 1050 3054 sit,
1069 3005 1207 3045 homo
1225 3005 1367 3045 inanis
1385 3011 1469 3053 est,
1490 3010 1535 3045 et
1555 3017 1644 3044 non
1667 3003 1799 3044 datur
1816 3016 1926 3056 ope-
