2054 3464
406 397 518 441 2150
817 395 1145 430 APOCALYPSIS
1176 396 1472 430 EXPLICATA.

403 527 507 556 supra.
523 527 554 548 n.
571 517 687 560 724:)
723 521 802 560 per
834 507 1211 560 “dereliquerunt
1239 507 1462 560 jehovam
1499 512 1545 547 et
1581 511 1888 560 provocarunt
1936 492 1938 494 v

405 567 619 609 Sanctum
663 568 881 617 Israeli5‚’'
921 567 1199 621 significatur
1239 569 1358 622 quod
1399 568 1635 621 rejecerint
1676 567 1888 609 Divinum

404 631 579 671 Bonum
618 637 663 672 et
700 631 911 671 Divinum
946 630 1144 681 Verum;
1184 644 1262 684 per
1297 630 1586 683 “jehovam‘’
1621 629 1891 683 intelligitur

404 693 623 733 Dominus
647 693 794 746 quoad
822 693 1034 734 Divinum
1062 693 1252 741 Bonum,
1278 699 1324 734 et
1352 707 1430 746 per
1457 690 1710 733 “Sanctum
1741 691 1886 733 Israe-

403 756 486 796 'lis“
510 756 731 796 Dominus
764 756 914 810 quoad
946 755 1158 796 Divinum
1177 755 1373 796 Verum:
1413 761 1458 796 et
1491 769 1569 808 per
1600 754 1719 808 quod
1739 753 1887 796 “aba-

403 819 668 859 lienaverint
696 832 743 859 se
769 818 1049 859 retrorsum'’
1071 817 1350 871 significatur
1373 818 1489 871 quod
1518 831 1576 857 ex
1599 816 1687 857 illis
1709 828 1888 870 prorsus
1943 819 1945 821 ’
2005 807 2015 854 ζ’
2031 809 2037 813 ”

402 882 688 930 recesserint,
722 887 768 922 et
810 882 867 922 ad
907 881 1123 922 infernale
1166 881 1333 921 malum
1372 887 1418 921 et
1459 879 1619 920 falsum
1651 878 1886 928 abiverint,

404 956 508 983 nam
535 944 607 997 qui
648 944 692 983 in
729 943 858 984 malis
896 949 953 984 et'
978 943 1100 984 falsis
1141 949 1245 984 sunt
1288 943 1331 983 in
1373 943 1540 983 mundo
1581 940 1799 996 spirituali
1838 950 1887 982 se

403 1010 526 1044 retro
553 1009 740 1044 vertunt
766 1017 792 1043 a
823 1003 1023 1044 Domino
1055 1014 1212 1052 (videatur
1227 1014 1258 1043 in
1273 1023 1369 1052 opere
1387 1015 1436 1043 De
1454 1014 1543 1043 Caelo
1557 1017 1587 1043 et
1600 1013 1782 1052 lnsemo,n.
1799 1011 1886 1051 123).

403 1064 543 1116 Apud
569 1064 779 1112 eundem,

468 1164 576 1196 “Non
606 1165 820 1196 adunaberis
848 1174 926 1195 cum
955 1165 998 1196 iis
1030 1165 1065 1196 in
1090 1165 1286 1204 sepulchro,
1312 1174 1393 1195 nam
1419 1170 1549 1195 terram
1573 1169 1669 1195 tuam
1693 1161 1888 1204 perdidisti.

575 1208 744 1248 populum
759 1214 857 1239 tuum
876 1208 1044 1246 occidisti,
1059 1218 1130 1239 non
1147 1208 1387 1239 nominabitur
1403 1207 1438 1238 in
1457 1213 1639 1238 aeternum
1653 1215 1776 1238 semen
1789 1204 1888 1238 mali·

575 1252 746 1282 tiosorum
758 1251 776 1263 ’'
793 1252 876 1291 (xiv.
895 1252 968 1291 20):

404 1348 515 1388 haec
557 1347 613 1388 de
653 1347 874 1395 Lucifero,
908 1361 987 1400 per
1027 1360 1160 1400 quem
1200 1346 1469 1399 intelligitur
1509 1345 1676 1398 Babel;
1723 1350 1770 1386 et
1809 1357 1888 1399 per

405 1415 598 1450 “semen
618 1409 985 1457 malitiosorum‚”
1004 1410 1123 1463 quod
1141 1423 1231 1450 non
1250 1410 1554 1449 nominabitur
1572 1409 1617 1449 in
1635 1414 1884 1456 aeternum,

402 1470 684 1523 significatur
718 1470 863 1510 dirum
897 1470 1060 1510 falsum
1096 1470 1202 1511 mali
1238 1470 1359 1523 quod
1395 1483 1454 1510 ex
1489 1469 1677 1510 inferno.
1735 1477 1888 1517 (Reliqua

400 1541 567 1569 videantur
581 1541 737 1578 explicata
751 1549 856 1578 supra,
873 1549 903 1570 n.
923 1531 1014 1582 589,
1030 1529 1174 1582 659[e]‚
1190 1529 1304 1582 697.)
1361 1529 1501 1582 Apud
1525 1529 1694 1578 Mosen,

469 1626 486 1639 “
497 1625 565 1666 Qui
583 1625 718 1656 dederit
734 1625 778 1656 de
795 1625 930 1656 semine
947 1634 1012 1656 suo
1027 1624 1204 1661 Molecho,
1217 1625 1403 1655 moriendo
1416 1624 1594 1662 morietur,
1606 1622 1887 1664 >populus'ten·ae

575 1668 782 1708 lapidabunt
794 1678 874 1699 eum
893 1668 1028 1708 lapide:
1057 1668 1148 1708 Ego.
1163 1669 1270 1700 ‚dabo
1283 1668 1391 1699 facies
1405 1677 1502 1699 meas
1515 1675 1639 1699 contra
1651 1667 1766 1698 virum
1783 1667 1886 1704 hunc,

576 1718 612 1742 et
628 1712 832 1743 exscindam
845 1721 925 1742 eum
940 1721 958 1743 e
973 1711 1088 1743 medio
1100 1711 1220 1752 populi
1234 1711 1297 1748 sui,
1309 1721 1351 1742 eo
1363 1711 1456 1751 quod
1469 1711 1512 1742 de
1525 1710 1661 1742 semine
1674 1719 1739 1742 suo
1751 1709 1887 1743 dederit

579 1754 755 1792 Molecho,
780 1761 818 1786 ut
846 1755 1018 1795 pollueret
1042 1753 1281 1786 sanctuarium
1306 1764 1434 1792 meum,
1459 1761 1494 1785 et
1521 1753 1726 1794 profanaret
1754 1762 1885 1787 nomeu

576 1780 776 1830 sandiitatis
794 1798 911 1830 meae’
915 1797 1060 1837 ¹(Levit.
1077 1808 1134 1830 xx.
1152 1806 1192 1837 3;
1216 1808 1289 1838 cap.
1309 1798 1404 1829 xviii.
1422 1797 1495 1836 21).

401 1907 480 1946 per
518 1894 665 1934 “dare
706 1894 762 1934 de
801 1894 974 1934 semine
1013 1907 1094 1934 suo
1133 1892 1380 1934 Molecho'’
1413 1892 1690 1946 significatur
1727 1895 1884 1934 v'e'rum

400 1956 543 1996 Verbi
579 1962 625 1996 et
660 1957 765 1996 inde
795 1956 1029 1997 doetrinae
1061 1956 1297 2004 ecclesiae,
1330 1969 1410 2009 per
1440 1955 1797 2009 applicationem
1827 1955 1884 1997 ad

400 2032 587 2071 spurcos
616 2032 795 2059 amores
826 2019 1043 2071 corporis,
1076 2019 1192 2059 sicut
1223 2019 1280 2058 ad
1311 2031 1462 2066 neces,
1495 2018 1614 2067 odia,
1644 2017 1883 2073 vindictas,

400 2081 624 2121 adulteria
640 2087 685 2120 et
704 2081 880 2129 similia,
895 2081 1145 2129 destruere,
1160 2081 1278 2121 unde
1297 2094 1378 2133 pro
1394 2080 1569 2120 Divinis
1585 2085 1885 2134 acceptantur

399 2143 512 2182 falsa
527 2143 762 2183 infernalia
779 2157 788 2193 ;
819 2143 931 2183 haec
949 2142 1063 2183 falsa
1084 2142 1398 2195 significantur
1415 2156 1494 2196 per
1514 2147 1708 2183 “semen
1725 2142 1883 2183 datum

365 2231 367 2233 ·
401 2204 668 2255 Molecho;”
699 2204 884 2245 Molech
919 2211 1018 2246 erat
1053 2205 1164 2245 deus
1194 2204 1384 2244 filiorum
1417 2205 1661 2245 Ammonis
1700 2205 1740 2258 (1
1772 2203 1882 2258 Reg.

399 2267 460 2306 xi.
483 2267 545 2319 7),
570 2273 616 2307 et
647 2268 822 2320 positus
852 2273 949 2307 erat
979 2267 1023 2307 in
1052 2267 1173 2307 valle
1206 2267 1465 2315 Hinnomis,
1489 2281 1604 2320 quae
1633 2266 1885 2308 vocabatur
1942 2278 1944 2280 “

402 2328 636 2381 Topheth,
663 2329 738 2368 ubi
763 2329 1030 2369 cremabant
1062 2328 1177 2369 filios
1208 2335 1254 2370 et
1284 2329 1396 2369 filias
1423 2329 1466 2381 (2
1495 2329 1604 2382 Reg.
1629 2329 1759 2369 xxiii.
1791 2329 1881 2382 10);

399 2405 479 2444 per
509 2391 632 2443 cujus
654 2392 844 2444 “ignem
860 2391 879 2407 ’'
902 2391 1272 2444 significabantur
1303 2405 1480 2432 amores
1511 2391 1576 2431 illi
1608 2391 1880 2445 supradiEti:

401 2459 447 2493 et
478 2454 581 2506 quia
611 2467 691 2506 per
718 2458 912 2494 “semen
948 2454 1106 2494 datum
1138 2453 1386 2494 Molech0’'
1412 2453 1691 2506 significatur
1718 2453 1882 2495 falsum

401 2516 493 2556 tale
522 2516 754 2564 infernale,
782 2523 827 2557 et
854 2516 1073 2569 lapidatio
1097 2516 1178 2556 fuit
1207 2530 1354 2569 poena
1386 2517 1545 2556 mortis
1576 2530 1657 2569 pro
1683 2516 1808 2557 laeso
1833 2522 1881 2558 et

402 2578 636 2618 destructo
661 2592 769 2618 vero
795 2578 937 2619 Verbi
967 2585 1013 2619 et
1037 2579 1142 2619 inde
1167 2578 1416 2626 doctrinae,
1443 2578 1607 2618 dicitur
1631 2578 1752 2631 quod
1776 2578 1881 2619 “vir

400 2642 473 2694 qui
495 2641 672 2681 dederit
695 2641 750 2680 de
773 2642 943 2681 semine
966 2655 1046 2681 suo
1072 2640 1301 2689 Molecho,
1326 2641 1562 2680 moriendo
1584 2641 1814 2690 morietur,
1833 2646 1880 2682 et

400 2703 594 2756 populus
630 2709 778 2743 terrae
815 2703 1084 2756 lapidabunt
1119 2716 1221 2743 eum
1258 2702 1407 2756 lapide
1429 2702 1464 2742 :''
1494 2713 1596 2751 (quod
1618 2714 1770 2751 lapidatio
1792 2712 1883 2743 fuerit

398 2785 503 2813 poena
521 2776 595 2804 laesi
616 2780 647 2804 et
665 2776 815 2805 destrudti
835 2776 908 2810 veri,
929 2777 1073 2805 videatur
1090 2785 1195 2813 supra.
1217 2785 1247 2805 n.
1267 2765 1348 2817 655
1363 2779 1385 2813 ;)
1420 2765 1540 2818 quod
1566 2765 1610 2805 ld
1635 2764 1796 2806 falsum
1822 2766 1880 2806 Sit

398 2827 725 2869 destructivum
756 2829 902 2868 omnis
937 2828 1044 2868 boni
1074 2828 1215 2868 Verbi
1250 2825 1304 2868 et'
1331 2828 1567 2876 ecciesiae,
1599 2827 1880 2880 significatur

399 2904 478 2943 per
498 2890 671 2930 “Dabo
698 2890 834 2931 facies
852 2903 983 2961 'mea-s
1013 2896 1176 2931 contra
1199 2890 1343 2930 virum
1373 2890 1505 2938 hunc,
1533 2896 1579 2930 et
1610 2890 1879 2930 exscindam

398 2966 421 2992 e
444 2953 594 2992 medio
616 2953 771 3006 populi
795 2953 876 3001 sui,
892 2953 994 3006 quia
1012 2952 1175 3006 polluit
1197 2951 1500 2993 sanctuarium
1522 2965 1687 3001 meum,
1705 2957 1752 2992 et
1774 2965 1879 3005 pro-

397 3014 566 3055 fanavit
585 3028 751 3055 nomen
770 3014 1028 3056 sanctitatis
1051 3028 1206 3067 meae;
1212 3014 1353 3068 '’‘per
1362 3013 1720 3055 ‘sanctuarium'’
1737 3014 1876 3067 signi-
