2008 3458
323 383 433 422 2282
735 387 1066 421 APOCALYPSIS
1098 386 1397 419 EXPLICATA.

385 500 558 532 “Habete
575 501 679 532 fidem
707 500 793 538 Dei;
818 510 939 531 amen.
954 500 1048 532 ,dico
1066 500 1180 538 vobis,
1201 499 1294 540 quod
1314 499 1512 540 quicunque
1536 498 1664 530 dixerit
1687 497 1804 531 monti

493 545 582 581 huic,
603 544 770 582 Tollere„
786 544 933 583 ..projice
959 550 992 574 te
1017 544 1051 574 in
1077 553 1183 580 mare,
1202 553 1266 574 nec
1285 543 1499 574 dubitaverit
1523 542 1627 573 corde
1644 551 1719 580 suo,
1741 541 1806 574 sed

493 588 678 618 crediderit
698 587 790 628 quod
811 597 899 627 quae
920 587 1001 617 dicit
1022 586 1141 618 futura
1159 586 1240 623 sint,
1261 586 1319 617 fiet
1339 586 1388 617 illi
1409 586 1500 626 quod
1521 585 1667 617 dixerit:
1700 594 1806 626 prop-

492 638 587 661 terea
603 631 681 661 dico
698 630 809 667 vobis,
828 630 948 660 omnia
967 639 1196 670 quaecunque
1210 635 1394 669 precantes
1412 629 1542 669 petitiS‚
1560 628 1691 660 credite
1711 627 1807 670 quod

493 674 667 713 accepturi
685 674 774 710 sitis,
791 679 872 704 tunc
890 673 948 703 fiet
963 673 1065 703 vobis
1078 672 1100 684 '⁷
1113 672 1175 712 (xi.
1191 672 1329 711 22-24):

320 756 437 809 apud
462 755 754 804 Matthaeum,

386 830 518 871 “Jesus
543 829 659 861 dixit‘’
683 829 998 870 discipuliS...“Si
1033 829 1228 861 habueritis
1253 829 1368 866 fidem,
1393 835 1428 860 et
1453 838 1524 860 non
1550 827 1806 866 dubitaveritis,

493 883 564 904 non
583 879 719 904 tantum
738 873 770 904 id
786 873 878 913 quod
896 873 931 903 in
949 873 1014 904 ficu
1032 871 1164 904 factum
1183 879 1236 904 est
1252 873 1388 904 facietis
1407 883 1412 904 :
1440 872 1502 903 sed
1519 872 1626 903 etiam
1644 873 1673 903 si
1691 871 1806 903 monti

492 916 572 947 huic
586 916 754 952 dixeritis,
769 916 918 954 Tollere,
928 941 935 947 .
950 916 1097 956 ,projice
1111 922 1144 947 te
1159 917 1193 947 in
1208 914 1333 957 mare[‚
1346 913 1420 956 fiet]
1439 925 1445 952 ;
1463 916 1572 946 immo
1584 915 1706 946 omnia
1718 923 1808 956 quae

492 960 679 999 petieritis..
694 984 701 991 .
716 959 942 991 ,credentes''
960 960 996 990 in
1014 959 1083 997 Me,
1102 959 1306 999 “accipietis
1319 959 1336 970 ’'
1354 959 1438 999 (xxi.
1457 966 1507 996 21,
1526 960 1599 998 22):

320 1042 438 1095 apud
463 1041 641 1091 Lucam,

386 1118 404 1132 ‘¹
415 1117 449 1148 Si
466 1118 625 1149 habeatis
639 1117 743 1149 fidem
757 1117 846 1148 sicut
859 1126 1010 1157 granum
1023 1116 1168 1157 sinapis,
1183 1122 1217 1147 et
1234 1116 1392 1147 dixeritis
1410 1125 1598 1156 sycomoro
1614 1115 1705 1154 huic,
1718 1114 1806 1147 Era·

492 1161 609 1192 dicare
629 1167 663 1192 et
680 1161 839 1201 plantare
857 1161 891 1192 in
910 1161 1010 1198 mari,
1027 1161 1146 1200 utique
1163 1160 1306 1191 obediet
1319 1159 1420 1190 vobis
1431 1159 1449 1171 ”
1467 1159 1562 1199 (xvii.
1579 1159 1622 1198 6).

322 1247 455 1301 Quod
481 1248 592 1289 haec
620 1248 750 1289 aliter
775 1248 1073 1301 intelligenda
1095 1249 1185 1288 sint
1212 1260 1348 1301 quam
1379 1247 1626 1288 secundum
1648 1247 1802 1297 verba,

320 1317 530 1351 constare
557 1317 710 1364 potest
737 1325 795 1352 ex
822 1325 890 1359 eo,
919 1311 1037 1364 quod
1065 1309 1234 1350 dietum
1261 1311 1318 1350 sit
1345 1310 1402 1350 ad
1434 1310 1691 1363 discipulos,
1721 1309 1805 1352 “Si

320 1372 455 1413 fidem
492 1373 713 1414 haberent
751 1374 866 1414 sicut
908 1385 1099 1426 granum
1143 1373 1324 1425 sinapis,
1364 1373 1483 1426 quod
1523 1379 1726 1414 montem
1759 1379 1806 1415 et

320 1447 604 1487 sycomorum
638 1436 892 1488 potuis-sent
936 1435 1042 1475 loco
1080 1448 1165 1475 suo
1195 1434 1390 1475 evellere
1427 1441 1473 1475 et
1507 1435 1722 1488 projicere
1762 1435 1807 1476 in

321 1497 482 1543 mare‚''
506 1504 604 1538 tum*
625 1498 744 1551 quod
765 1498 954 1538 “omnia
980 1511 1094 1551 quae
1118 1503 1327 1550 peterent
1350 1499 1579 1551 accepturi
1601 1503 1754 1539 essent
1773 1497 1807 1548 ;'’

322 1574 422 1600 cum
447 1566 600 1600 tamen
624 1573 714 1600 non
740 1574 799 1600 ex
827 1560 992 1600 Divino
1020 1560 1174 1600 ordine
1200 1566 1269 1600 est
1297 1567 1344 1600 ut
1367 1561 1553 1613 quisque
1578 1561 1803 1613 acciperet

322 1623 441 1676 quod
468 1623 599 1675 petit,
627 1623 663 1662 si
693 1622 831 1662 modo
862 1621 997 1662 fidem
1028 1622 1246 1672 haberet;
1277 1629 1373 1663 tum
1405 1623 1523 1675 quod
1555 1622 1803 1663 evellerent

320 1691 524 1726 montem
556 1691 602 1725 et
629 1684 834 1725 arborem
867 1699 927 1725 ex
959 1699 1039 1725 suo
1071 1684 1186 1733 loco,
1217 1691 1262 1726 et
1290 1684 1560 1738 projicerent
1587 1686 1631 1726 in
1656 1697 1804 1726 mare:

320 1749 400 1789 sed
432 1762 510 1802 per
538 1747 743 1788 “fidem'’
775 1748 845 1788 hic
883 1747 1155 1800 intelligitur
1188 1747 1298 1788 fides
1335 1762 1361 1788 a
1402 1748 1630 1798 Domino;
1671 1761 1807 1802 quare

323 1813 460 1852 etiam
487 1817 675 1852 vocatur
704 1810 854 1851 “fides
887 1811 1023 1861 Dei?
1054 1817 1099 1851 et
1132 1811 1205 1864 qui
1237 1812 1279 1851 in
1311 1811 1402 1851 fide
1430 1825 1455 1851 a
1489 1811 1686 1852 Domino
1717 1817 1803 1859 est,

321 1874 430 1914 nihil
457 1874 576 1914 aliud
603 1874 718 1926 petit
745 1887 877 1926 quam
905 1873 1023 1926 quod
1047 1886 1188 1926 regno
1215 1873 1397 1914 Domini
1424 1880 1469 1914 et
1493 1873 1575 1914 sibi
1601 1874 1658 1914 ad
1684 1873 1804 1914 salu-

321 1943 414 1976 tem
447 1937 689 1986 conducit;
722 1935 892 1989 reliqua
930 1949 1020 1976 non
1051 1936 1176 1986 vult;
1218 1936 1327 1976 dicit
1368 1937 1486 1976 enim
1529 1936 1678 1984 corde,
1718 1935 1808 1977 Cur

321 2000 519 2052 petenda
556 2013 668 2052 quae
710 2012 800 2039 non
840 1998 947 2039 talis
983 2012 1085 2039 usus
1123 1998 1258 2039 sunt?
1331 1998 1484 2051 Quare
1523 2011 1612 2039 non
1652 2003 1806 2052 potest

321 2061 514 2114 aliquam
542 2061 674 2101 fidem
699 2061 783 2101 Dei
807 2074 884 2101 seu
906 2060 1040 2101 fidem
1064 2074 1089 2101 a
1112 2060 1312 2101 Domino
1341 2060 1511 2101 habere
1535 2061 1578 2100 in
1607 2060 1807 2114 petendo

321 2136 455 2176 quam
478 2123 596 2176 quod
620 2137 645 2163 a
669 2123 865 2163 Domino
888 2124 926 2164 ei
945 2130 1101 2176 petere
1118 2123 1261 2164 datur.
1325 2123 1471 2163 Immo
1495 2123 1669 2175 angelis
1693 2121 1806 2163 caeli

320 2185 597 2238 impossibile
621 2192 689 2226 est
717 2185 835 2225 aliud
862 2185 993 2233 velle,
1021 2186 1085 2226 ita
1117 2185 1236 2225 aliud
1263 2192 1449 2238 petere;
1482 2185 1518 2225 si
1550 2177 1697 2232 aliud(
1715 2197 1806 2224 non

321 2254 510 2300 possunt
537 2248 670 2288 fidem
697 2248 863 2288 habere
889 2248 1008 2301 quod
1041 2249 1271 2300 accepturi
1306 2254 1423 2288 sunt.
1487 2247 1620 2300 Quod
1647 2247 1805 2288 Domi-

322 2324 404 2350 nus
430 2311 759 2363 comparaverit
787 2310 927 2350 talem
960 2310 1093 2350 fidem
1120 2310 1262 2350 valori
1295 2316 1341 2350 et
1368 2310 1605 2362 potentiae
1629 2309 1803 2362 projici-

321 2373 424 2413 endi
451 2379 653 2413 montem
681 2379 757 2412 aut
785 2385 1071 2424 sycomorum
1098 2373 1141 2412 in
1168 2385 1303 2419 mare,
1333 2378 1428 2412 erat
1455 2373 1557 2425 quia
1584 2372 1804 2413 Dominus

321 2436 392 2476 hic
426 2442 474 2475 ut
506 2435 611 2475 alibi
643 2435 820 2475 locutus
853 2441 922 2475 est
955 2448 1036 2487 per
1064 2435 1517 2487 correspondentias;
1560 2448 1695 2488 quare
1726 2434 1804 2475 illa

290 2523 295 2530 ·
322 2498 458 2538 verba
481 2498 619 2537 etiam
643 2496 934 2550 spiritualiter
954 2496 1252 2549 intelligenda
1270 2503 1373 2537 sunt
1392 2510 1400 2536 :
1434 2511 1511 2550 per
1531 2500 1556 2517 “
1570 2497 1806 2538 montem''

321 2562 438 2600 enim
462 2559 736 2612 significatur
758 2573 882 2599 amor
905 2560 969 2599 sui
992 2566 1037 2599 et
1061 2560 1227 2607 mundi,
1252 2560 1315 2600 ita
1338 2573 1462 2600 arnor
1485 2559 1618 2611 mali;
1651 2565 1697 2600 et
1724 2573 1804 2613 per

323 2627 646 2675 “sycomorum
659 2622 678 2636 ”
701 2621 979 2674 significatur
1001 2621 1110 2662 fides
1129 2621 1244 2661 illius
1268 2623 1446 2669 amoris,
1468 2635 1581 2675 quae
1603 2627 1673 2662 est
1695 2621 1806 2662 fides

320 2685 417 2725 salsi
444 2699 502 2725 ex
526 2684 673 2735 malo3
706 2691 751 2725 et
779 2698 855 2737 per
877 2688 901 2704 “
918 2697 1041 2724 mare
1053 2684 1071 2698 ”
1089 2683 1366 2736 significatur
1388 2685 1605 2724 infernum
1626 2697 1635 2734 3
1669 2697 1806 2737 quare

321 2762 399 2801 per
420 2752 663 2788 “montem
690 2746 883 2787 evellere
908 2753 952 2787 et
972 2746 1185 2800 projicere
1212 2747 1254 2786 in
1283 2760 1404 2787 mare
1428 2761 1505 2800 per
1527 2746 1662 2787 fidem
1681 2745 1804 2795 Dei‚’'

321 2810 599 2863 significatur
631 2822 806 2850 amores
843 2809 959 2857 illos,
994 2810 1066 2862 qui
1098 2809 1142 2849 in
1174 2823 1221 2849 se
1253 2809 1463 2850 diabolici
1494 2815 1612 2858 sunt,
1646 2808 1805 2861 ejicere

320 2874 364 2912 in
387 2873 618 2921 infernum,
639 2871 842 2912 similiter
859 2871 992 2912 fidem
1015 2871 1112 2911 falsi
1130 2885 1188 2912 ex
1212 2871 1364 2922 malo-;
1394 2871 1478 2911 hoc
1502 2870 1550 2911 fit
1573 2884 1651 2924 per
1669 2870 1803 2911 fidem
1822 2898 1827 2902 -

320 2949 346 2974 a
374 2935 582 2974 Domino.
647 2933 779 2986 Quod
807 2935 1088 2987 comparatio
1113 2934 1277 2974 valoris
1310 2939 1355 2974 et
1384 2933 1616 2986 potentiae
1648 2932 1751 2973 fidei
1778 2946 1804 2973 a

322 2997 518 3037 Domino
549 2996 666 3038 faeta
698 2998 755 3038 sit
783 3010 882 3038 cum
916 2997 1146 3038 evulsione
1179 3003 1223 3037 et
1251 2995 1524 3049 projefflo-ne
1555 2996 1723 3036 montis
1755 3001 1802 3036 et
