2098 3476
619 361 726 394 CAP.
749 361 852 402 xn„
874 360 1013 394 VERS.
1034 360 1184 404 4.—N.
1207 351 1368 406 721[c].
1635 352 1738 406 1985

244 479 327 529 pin·
349 472 603 527 “populum
625 473 884 515 venientem
912 487 936 514 e
962 479 1082 515 terra
1102 472 1457 526 septentrionis''
1480 471 1741 526 intelligun-

206 543 213 550 ’
246 542 321 581 tur
344 536 408 579 illi
433 537 508 592 qui
533 537 577 578 in
603 536 724 578 falsis
750 536 858 578 mali
883 543 1002 586 sunt,
1030 542 1078 578 et
1104 535 1332 579 abstracte
1359 535 1471 577 salsa
1496 536 1603 577 mali
1628 549 1742 590 quae

104 591 117 622 '⁴⁴
191 600 193 602 ’
242 599 292 643 in
325 599 519 645 ecclesia
554 606 663 641 tunc
700 605 905 640 vastata:
951 599 1072 654 quod
1111 606 1219 641 tunc
1250 613 1357 641 vera
1393 598 1481 640 fide
1512 605 1558 640 et
1590 611 1742 639 amore

244 663 494 717 aegerrime
515 663 800 716 recipiantur,
825 662 1113 703 obstantibus
1134 661 1255 703 falsis
1278 661 1397 711 mali,
1421 667 1468 702 et
1491 661 1612 715 quod
1637 661 1741 702 inde

229 725 469 770 eruciatus
503 730 550 767 et
587 725 718 766 dolor
753 725 890 766 animi
926 731 981 782 et·
1011 725 1172 774 cordis,
1205 724 1483 778 significatur
1514 737 1592 778 per
1622 723 1742 777 quod

204 841 205 844 Ἴ
245 788 496 846 P‘remissae
542 788 632 830 sint
676 801 849 838 manus,
892 789 1104 842 angustia
1148 788 1415 842 prehendat,
1458 787 1588 829 dolor
1627 787 1742 828 sicut

241 850 589 906 parturientis:”
619 851 741 905 quod
767 857 874 892 tunc
908 865 999 892 non
1031 850 1309 892 consulenda
1340 851 1430 892 sint
1455 864 1569 904 quae
1595 849 1741 891 eccle-

241 914 334 973 siae
373 920 420 956 et
445 928 575 969 1quae
616 912 848 955 doctrinae
889 913 982 967 ejus
1023 921 1143 963 sunt,
1182 914 1240 955 ad
1277 913 1606 955 consulendum
1643 913 1739 962 sibi,

175 1019 177 1021 ,
242 975 521 1032 significatur
544 991 624 1031 per
647 977 756 1019 “Ne
782 978 908 1019 exite
934 978 978 1018 in
1005 991 1178 1032 agrum,
1203 983 1249 1019 et
1275 977 1319 1018 in
1342 978 1460 1018 viam
1487 991 1543 1018 ne
1569 976 1689 1017 abite
1707 976 1743 1027 ;‘’

243 1039 422 1093 “ager''
457 1046 528 1082 est
568 1040 774 1090 ecclesia,
814 1047 861 1082 et
901 1040 1040 1081 “via'’
1077 1047 1148 1082 est
1191 1038 1421 1082 doctrina:
1466 1053 1601 1081 causa
1640 1040 1742 1094 quia
1778 1085 1780 1089 v

240 1100 403 1145 falsum
427 1102 485 1144 ab
510 1103 682 1144 i'nfe'rno
707 1103 895 1153 invadit,
923 1117 981 1145 ex
1008 1117 1098 1158 quo
1129 1102 1389 1144 falsificatur
1414 1109 1460 1144 et
1487 1103 1740 1155 exstingui-

241 1169 315 1210 tur
353 1178 523 1215 verum,
565 1165 844 1220 significatur
879 1180 959 1220 per
997 1166 1117 1220 quod
1161 1165 1381 1220 “gladius
1421 1165 1557 1214 hosti,
1599 1171 1743 1206 terror

241 1227 588 1283 circumquaque
608 1229 642 1280 ;”
689 1229 935 1282 “gladius”
975 1235 1046 1271 est
1089 1229 1251 1270 salsum
1292 1229 1530 1270 destruens
1570 1241 1739 1276 verum,

243 1289 427 1333 “hostis
439 1290 459 1307 '’
475 1298 545 1333 est
567 1292 801 1342 infernum,
821 1299 868 1334 et
888 1296 1071 1334 “terror
1083 1291 1103 1308 ”
1125 1298 1196 1333 est
1218 1305 1339 1333 mors
1361 1290 1615 1346 spiritualis.
1665 1290 1740 1331 Ex

239 1351 311 1397 his
328 1359 539 1396 constare
561 1361 716 1409 potest
740 1355 847 1410 quid
868 1355 1138 1409 intelligitur
1159 1368 1238 1409 per
1260 1355 1443 1396 Domini
1464 1354 1602 1396 verba
1622 1354 1741 1407 apud

239 1414 536 1469 Matthaeum,

284 1509 288 1513 Δ
306 1512 439 1546 “Tunc
455 1514 515 1556 qui
535 1523 644 1555 super
661 1515 770 1546 domo
790 1520 857 1554 est,
874 1525 920 1547 ne
939 1514 1135 1547 descendat
1153 1515 1199 1547 ad
1218 1514 1416 1547 tollendum
1436 1514 1519 1556 quid
1539 1524 1558 1546 e
1578 1514 1702 1546 domo.
1717 1538 1740 1552 .,

415 1563 451 1590 et
467 1558 527 1599 qui
543 1558 579 1589 in
596 1568 684 1599 agro
701 1569 747 1590 ne
764 1565 963 1590 revertatur
980 1566 1092 1591 retro.
1150 1570 1177 1591 ‚z
1202 1569 1270 1590 vae
1289 1559 1325 1590 in
1346 1564 1447 1590 utero
1464 1558 1688 1599 gestantibus
1705 1563 1741 1589 et

414 1599 630 1634 laetantibus
648 1602 684 1634 in
697 1603 823 1634 diebus
837 1603 908 1634 illis
923 1612 930 1641 ;
939 1627 1034 1635 .....
1043 1603 1110 1635 erit
1123 1609 1207 1634 tunc
1219 1601 1364 1634 afflictio
1378 1612 1521 1643 magna,
1535 1602 1649 1643 qualis
1667 1611 1740 1633 non

415 1645 483 1678 fuit
497 1646 544 1678 ab
560 1646 663 1678 initio
681 1647 804 1678 mundi
820 1656 934 1688 usque
951 1646 1077 1678 nunc''
1096 1646 1204 1687 (xxiv.
1225 1654 1340 1687 17—19,
1359 1646 1433 1687 21):

239 1740 355 1784 haec
377 1754 556 1796 quoque
578 1739 699 1783 dicta
723 1747 829 1783 sunt
854 1741 912 1783 de
937 1747 1062 1795 statu
1084 1741 1304 1783 ecclesiae
1326 1742 1444 1783 circa
1469 1740 1602 1782 finem
1630 1740 1736 1794 ejus,

239 1803 423 1860 quando
447 1803 559 1846 falsa
581 1804 686 1846 mali
711 1811 759 1846 et
785 1804 905 1846 mala
926 1805 1025 1846 falsi
1051 1811 1260 1859 regnant,
1284 1810 1331 1846 et
1353 1818 1459 1845 vera
1480 1803 1621 1845 Verbi
1648 1817 1738 1845 non

237 1866 514 1920 recipiuntur
544 1868 628 1916 nisi
665 1866 901 1909 falsificata
937 1874 983 1909 et
1020 1867 1303 1919 adulterata;
1345 1867 1431 1909 hoc
1472 1867 1740 1921 intelligitur

238 1941 320 1984 per
353 1928 493 1971 “Vae
531 1930 575 1971 in
615 1936 744 1971 utero
779 1930 1066 1984 gestantibus
1103 1937 1150 1972 et
1187 1929 1461 1972 lactantibus
1501 1931 1546 1972 in
1582 1931 1739 1973 diebus

238 1988 371 2042 illis,”
395 1995 444 2032 et
467 2004 650 2046 quoque
681 2005 761 2046 per
789 1991 1121 2034 “afflictionem
1152 1991 1410 2046 magnam.''
1468 2002 1547 2042 (Sed
1565 2004 1646 2033 haec
1665 2013 1738 2033 cum

237 2053 370 2092 reliquis
386 2054 471 2085 iuius
489 2055 600 2094 eapitis
619 2055 788 2086 videantur
805 2056 838 2085 in
857 2056 1000 2086 Arcanis
1021 2057 1208 2086 Caelestibus
1226 2057 1338 2086 ordine
1357 2056 1538 2096 explicata.)
1596 2046 1737 2100 Apud

238 2104 502 2156 Jeremiam,

297 2193 560 2244 “‘Interrogate
584 2209 620 2235 et
643 2203 770 2242 videte,
792 2213 878 2235 num
898 2203 1041 2244 pariens
1062 2213 1161 2243 mas;
1186 2214 1295 2245 quare
1315 2204 1420 2236 video
1440 2214 1586 2236 omnem
1608 2204 1736 2243 virum,

413 2256 542 2279 manus
567 2246 645 2288 ejus
665 2257 773 2288 super
792 2247 922 2279 lumbis
947 2247 1035 2288 ejus,
1056 2248 1146 2279 sicut
1169 2248 1353 2288 parientis,
1373 2254 1409 2280 et
1432 2258 1629 2280 conversae
1653 2255 1738 2280 sunt

414 2299 542 2375 olpien’e?
562 2291 672 2366 facigs
683 2291 732 2376 7311
757 2291 954 2332 pallorem?
977 2292 1059 2334 quia
1077 2301 1236 2332 magnus⁴
1249 2292 1326 2324 dies
1346 2291 1416 2331 ille,
1434 2299 1472 2324 ut
1489 2302 1563 2324 non
1581 2293 1627 2324 sit
1646 2293 1737 2325 sicut

414 2344 426 2367 ι
533 2344 615 2367 xxx.
654 2360 663 2374 ‚
727 2346 734 2368 :

238 2423 326 2471 hoc
358 2442 536 2484 quoque
577 2429 634 2471 de
674 2429 836 2472 ultimo
875 2436 1000 2472 statu
1039 2430 1272 2480 ecclesiae,
1306 2431 1488 2485 quando
1529 2431 1736 2473 ultimum

235 2490 475 2550 judicium:
511 2496 744 2547 “magnus
767 2493 862 2534 dies
873 2493 892 2510 ''
914 2500 983 2535 est
1009 2494 1234 2536 adventus
1257 2495 1453 2545 Domini,
1478 2502 1524 2537 et
1547 2502 1654 2537 tunc
1681 2496 1738 2537 ab

240 2554 348 2610 Ipso
382 2554 624 2609 judicium;
668 2570 747 2610 per
786 2557 1103 2611 “interrogare
1144 2564 1191 2599 et
1226 2558 1378 2599 videre
1419 2572 1525 2599 num
1562 2560 1737 2612 pariens

239 2617 377 2673 mas,”
408 2618 686 2672 significatur
725 2633 832 2661 num
871 2633 1027 2661 verum
1068 2620 1210 2662 Verbi
1250 2621 1420 2675 absque
1459 2621 1581 2663 bono
1617 2623 1736 2664 vitae

239 2681 408 2736 aliquid
432 2682 652 2724 ecclesiae
674 2683 923 2739 producere
947 2685 1103 2738 possit,
1127 2685 1339 2739 quoniam
1361 2697 1496 2726 omne
1518 2685 1736 2727 ecclesiae

239 2744 502 2800 producitur
518 2759 578 2787 ex
597 2745 808 2800 conjugio
825 2746 931 2788 boni
949 2753 996 2788 et
1014 2748 1106 2788 veri
1122 2762 1132 2799 3
1168 2750 1194 2768 “
1206 2761 1302 2789 mas
1314 2747 1332 2763 '’
1350 2747 1572 2801 significat
1590 2749 1735 2790 eccle-

239 2806 332 2849 siae
368 2821 537 2858 verum,
580 2815 627 2850 et
667 2809 852 2850 “uxor'’
888 2810 1108 2851 ecclesiae
1148 2810 1343 2852 bonum:
1389 2814 1562 2865 “quare
1602 2812 1735 2853 video

239 2883 423 2913 omnem
453 2872 610 2921 virum,
643 2884 804 2913 manus
840 2872 932 2926 ejus
969 2887 1101 2927 super
1138 2873 1300 2915 lumbis
1337 2873 1429 2927 ejus
1466 2875 1580 2915 sicut
1618 2875 1733 2927 pari-

238 2933 358 2974 entis
372 2933 411 2974 ?’'
446 2933 672 2988 significat
711 2948 789 2976 cur
827 2941 1013 2989 putatur
1051 2936 1167 2978 sicut
1206 2950 1361 2978 verum
1401 2937 1571 2991 absque
1611 2937 1733 2978 bono

239 2995 459 3049 producat
499 2997 607 3039 talia
644 3011 757 3052 quae
798 2998 1186 3052 ecclesiae,sunt;
1233 3000 1441 3041 “lumbi”
1475 2998 1732 3054 significant
