2054 3464
589 383 695 416 CAP.
720 383 821 424 xn„
846 383 986 417 VERs.
1014 385 1158 429 5.—N.
1182 376 1349 431 724[b].
1613 391 1717 434 1993

219 491 436 553 p'opulum
476 497 534 538 ad
574 499 884 551 receptionem
927 499 1124 549 Domini,
1158 506 1254 541 erat
1296 514 1374 554 per
1415 501 1717 554 baptismum;

178 592 179 596 ,
220 556 473 614 baptismus
499 561 619 602 enirn
646 563 1021 614 repraesentabat
1049 571 1095 604 et
1129 562 1414 616 significabat
1446 565 1718 617 purificatio-

218 629 322 665 n'em
340 630 369 664 a
383 623 513 665 malis
530 630 578 665 et
595 623 729 673 falsis,
751 631 796 665 et
815 639 993 679 quoque
1011 627 1404 680 regenerationem
1423 640 1501 680 per
1515 627 1719 669 Verbum

217 701 244 729 a
269 686 498 746 Domino-3
530 701 646 741 quae
669 690 1030 740 repraesentatio
1053 690 1134 729 nisi
1159 691 1469 742 praecesserit,
1496 691 1718 732 Dominus

216 758 309 792 non
333 750 558 804 potuisset
581 751 624 791 in
646 750 818 804 Judaea
843 758 890 792 et
917 752 960 792 in
990 751 1310 806 Hierosolyma
1333 752 1390 794 Se
1414 754 1716 803 manifestare,

191 813 394 862 docere,
431 819 479 854 et
515 814 798 862 commorari,
832 814 935 868 quia
977 815 1199 856 Dominus
1237 815 1318 857 suit
1357 816 1480 857 Deus
1521 817 1634 858 caeli
1670 825 1718 859 et

216 875 341 918 Deus
372 883 519 918 terrae
550 877 634 917 sub
662 877 804 918 forma
837 877 1064 926 Humana,
1093 879 1166 932 qui
1200 892 1290 920 non
1324 893 1412 920 una
1443 881 1591 933 potuit
1618 895 1718 922 esse

215 946 318 980 cum
355 937 497 994 gente
533 953 648 994 quae
685 940 730 980 in
769 941 903 981 meris
941 941 1062 981 falsis
1101 941 1250 995 quoad
1287 940 1554 991 doctrinam,
1589 949 1635 984 et
1672 944 1717 984 in

215 1003 349 1044 meris
374 1002 504 1044 malis
525 1003 675 1057 quoad
701 1004 843 1044 vitam
868 1004 948 1045 suit
969 1019 977 1055 ;
1011 1018 1147 1058 quare
1175 1006 1257 1046 nisi
1280 1007 1717 1059 repraesentativum

214 1065 538 1120 purificationis
564 1081 589 1108 a
619 1067 742 1108 falsis
772 1074 819 1108 et
851 1067 981 1116 malis
1014 1081 1092 1121 per
1124 1069 1351 1121 baptisma
1379 1071 1718 1123 'praeparaverit

213 1129 338 1171 illam
356 1136 543 1184 gentem
562 1130 619 1171 ad
642 1131 952 1183 receptionem
977 1131 1173 1181 Domini,
1193 1145 1306 1184 gens
1325 1131 1401 1173 illa
1419 1146 1444 1172 a
1462 1134 1718 1185 praesentia

214 1189 359 1246 Ipsius
385 1192 536 1234 Divini
563 1193 730 1234 morbis
753 1194 899 1234 omnis
931 1195 1110 1248 generis
1134 1195 1364 1247 periisset3
1398 1195 1484 1236 hoc
1512 1209 1621 1249 ergo
1646 1203 1717 1238 est

213 1255 335 1310 quod
379 1255 659 1310 significatur
700 1270 779 1310 per
817 1261 912 1298 “ne
952 1259 1131 1299 veniam
1172 1265 1218 1299 et
1259 1259 1508 1311 percutiam
1549 1265 1717 1301 terram

211 1319 545 1362 anathemate.”
595 1319 729 1373 Quod
752 1322 815 1362 ita
837 1321 909 1370 sit,
930 1322 973 1362 in
997 1322 1167 1362 mundo
1190 1321 1408 1374 spirituali
1430 1322 1713 1364 notissimum

211 1388 312 1434 θείη
340 1382 406 1424 -ibi
427 1384 546 1424 enirn
569 1383 631 1424 illi
654 1384 727 1437 qui
753 1385 797 1424 in
820 1383 941 1424 salsis
964 1391 1010 1425 et
1037 1384 1166 1425 malis
1189 1391 1308 1441 sunt,
1328 1384 1385 1425 ad
1412 1387 1716 1438 praesentiam

212 1445 398 1487 Domini
429 1446 523 1488 dire
556 1447 813 1488 cruciantur
844 1453 890 1488 et
923 1448 1220 1500 spiritualiter
1251 1448 1515 1488 moriuntur.
1579 1447 1714 1501 Quod

74 1555 83 1569 ι
150 1547 151 1550 ,
211 1500 438 1563 baptisma
459 1509 680 1564 Johannis
702 1510 828 1550 illum
851 1508 1060 1551 effectum
1084 1511 1307 1564 potuisset
1330 1510 1592 1563 producere,
1618 1518 1715 1552 erat

211 1573 315 1627 quia
337 1571 547 1614 Ecclesia
561 1573 748 1627 Judaica
765 1573 846 1614 fuit
865 1573 1057 1615 ecclesia
1075 1574 1477 1626 repraesentativa,
1499 1580 1544 1615 et
1568 1575 1714 1619 omnis

211 1634 470 1690 conjunctio
515 1636 628 1678 caeli
674 1650 775 1678 cum
820 1637 908 1678 illis
952 1637 1032 1678 fuit
1080 1650 1158 1690 per
1198 1638 1616 1690 repraesentativa;
1664 1645 1713 1679 ut

209 1713 391 1755 quoque
422 1705 635 1741 constare
667 1706 822 1753 potest
854 1714 913 1741 ex
947 1700 1249 1741 lavationibus
1280 1700 1340 1741 ibi
1372 1700 1625 1751 mandatis;
1665 1708 1713 1742 ut

210 1762 332 1818 quod
364 1776 524 1804 omnes
554 1763 775 1804 immundi
807 1761 911 1804 facti
943 1763 1149 1804 lavarent
1182 1777 1230 1804 se
1261 1770 1308 1805 et
1334 1770 1501 1813 vestes,
1530 1770 1576 1805 et
1609 1764 1713 1805 inde

210 1827 494 1883 pro-mundis
514 1826 658 1868 habiti
679 1833 811 1877 sunt;
845 1827 1050 1868 similiter
1072 1827 1192 1881 quod
1216 1827 1478 1868 sacerdotes
1505 1834 1551 1868 et
1579 1827 1712 1868 Levi-

209 1897 286 1933 tae
311 1890 519 1932 lavarent
545 1904 607 1939 se,
632 1897 878 1944 antequam
901 1891 1124 1931 intrarent
1148 1890 1415 1932 Tentorium
1443 1898 1710 1941 conventus,

208 1956 257 1996 e‘t
282 1957 391 1996 tun'c
414 1953 673 2007 Templum,
699 1967 751 1995 ac
778 1954 1074 2008 fungerentur
1096 1953 1253 1995 officiis
1279 1952 1474 2005 san&is;
1509 1955 1714 1996 similiter

203 2018 330 2073 quod
369 2017 576 2059 Naaman
614 2017 859 2058 mundatus
896 2018 954 2059 sit
1001 2031 1027 2058 a
1068 2017 1192 2070 lepra
1233 2031 1312 2070 per
1349 2017 1626 2059 lavationem
1666 2020 1711 2059 in

206 2081 430 2136 Jordane;
463 2082 561 2134 ipsa
587 2080 756 2122 lavatio
782 2087 828 2122 et
846 2081 1106 2134 ,baptizatio
1129 2094 1218 2122 non
1241 2081 1423 2134 quidem
1447 2081 1711 2134 purificabat

184 2141 311 2187 'illos
346 2158 374 2186 a
409 2144 532 2186 falsis
568 2150 615 2186 et
653 2144 797 2193 malis,
832 2144 911 2185 sed
944 2144 1082 2185 modo
1113 2144 1486 2200 repraesentabat
1523 2151 1569 2186 et
1607 2146 1710 2186 inde

207 2206 492 2262 significabat
525 2205 884 2260 purificationem
922 2208 980 2248 ab
1017 2207 1116 2257 illis,
1150 2207 1272 2262 quod
1309 2214 1464 2248 tamen
1502 2208 1545 2248 in
1583 2208 1711 2249 caelo

51 2268 54 2271 ’
94 2258 109 2289 ss
172 2302 176 2304 -
207 2277 449 2325 acceptum
471 2277 568 2312 erat
601 2271 715 2311 sicut
748 2271 830 2324 ipsi
862 2269 1084 2324 purificati
1116 2277 1292 2311 essent:
1328 2271 1392 2311 ita
1423 2270 1598 2311 caelum
1630 2271 1710 2312 fuit

207 2333 498 2389 conjunetum
517 2347 619 2375 cum
638 2334 807 2387 populo
825 2334 942 2374 illius
960 2334 1180 2375 ecclesiae
1199 2347 1277 2387 per
1295 2333 1522 2387 baptisma
1538 2334 1708 2387 Johan-

47 2380 81 2398 ³
145 2419 148 2422 ·
207 2398 303 2458 nis;
345 2404 393 2439 et
433 2397 616 2452 quando
656 2398 832 2438 caelum
873 2398 937 2438 ita
972 2397 1052 2439 suit
1094 2395 1382 2450 conjunctum
1420 2397 1521 2447 illis,
1561 2399 1709 2450 potuit

208 2461 444 2511 Dominus,
472 2461 548 2515 qui
578 2467 676 2502 erat
709 2461 832 2501 Deus
864 2460 991 2511 caeli,
1025 2461 1084 2501 ibi
1117 2459 1174 2502 Se
1207 2460 1508 2510 manifestare,
1543 2461 1707 2502 docere

207 2531 254 2567 et
279 2525 563 2566 commorari.

281 2631 387 2674 Quod
405 2631 452 2664 ad
471 2630 674 2675 Johannem
693 2631 874 2663 “exiverit
896 2631 1153 2672 Hierosolyma
1172 2637 1208 2663 et
1226 2631 1396 2663 universa
1414 2631 1560 2673 Judaea,
1579 2637 1614 2663 et
1630 2631 1710 2662 uni-

381 2685 488 2708 versa
503 2675 661 2707 confinia
676 2675 854 2717 Jordanis,
873 2681 908 2707 et
928 2676 1096 2716 baptizati
1117 2676 1189 2707 sint
1208 2676 1253 2707 ab
1273 2675 1335 2706 illo
1356 2676 1391 2706 in
1413 2675 1581 2716 Jordane,
1599 2674 1710 2706 confi-

381 2725 499 2752 tentes
531 2726 676 2760 peccata
706 2718 804 2758 sua,’'
832 2725 997 2751 constare
1026 2726 1143 2760 potest
1171 2720 1265 2760 apud
1292 2719 1514 2750 Matthaeum
1542 2720 1630 2759 (cap.
1660 2719 1706 2751 iii.

281 2806 327 2840 Et
342 2763 584 2849 quffgd6)d'ixerit
603 2807 684 2845 iuis,
702 2807 721 2821 ‘¹
733 2805 929 2847 Progenies
950 2807 1163 2847 viperarum,
1182 2807 1347 2848 quisnam
1368 2806 1585 2838 monstravit
1603 2806 1707 2838 vobis

381 2851 540 2892 effugere
557 2861 579 2882 a
594 2851 712 2883 futura
729 2850 823 2883 ira?'’
841 2851 938 2892 (Luc.
958 2851 1003 2882 iii.
1025 2851 1069 2891 7.)

209 2961 344 3016 Quod
369 2961 626 3016 conjunctio
652 2962 765 3004 caeli
791 2976 893 3004 cum
917 2962 1100 3016 Judaeis
1126 2969 1172 3004 et
1200 2975 1301 3003 cum
1329 2962 1546 3002 Israelitis
1572 2961 1704 3003 fuerit

208 3039 288 3080 per
308 3027 707 3080 repraesentativa,
731 3026 938 3067 videatur
959 3026 1003 3067 in
1025 3025 1243 3066 Doc‘lrina
1266 3024 1422 3067 Novae
1444 3024 1705 3078 Hierosoly-
