2098 3476
380 352 484 405 1916
784 358 1128 396 APOCALYPSIS
1146 363 1444 396 EXPLICATA.

373 481 499 515 erant
531 481 576 516 et
614 488 875 527 persuasura
906 483 954 518 ut
986 477 1220 519 crederent
1253 478 1372 532 quod
1410 478 1562 519 Moses
1593 478 1752 519 missus
1783 478 1853 526 sit,

374 543 422 577 ut
454 537 665 579 educeret
697 552 774 579 eos
805 553 863 579 ex
901 539 1145 592 Aegypto;
1190 554 1324 594 quare
1357 547 1425 581 ter
1456 541 1616 581 dicitur
1643 544 1730 581 “ut
1761 542 1855 582 cre-

374 599 523 648 dant,''
540 606 585 641 et
608 614 782 654 quoque
804 605 890 642 “ut
913 602 1096 642 audiant
1118 603 1306 643 vocem”
1324 602 1427 655 ejus.
1488 602 1626 655 Apud
1649 603 1854 651 eundem,

441 694 569 726 “Dixit
590 695 752 736 Jehovah
770 696 814 727 ad
835 695 974 735 Mosen,
993 697 1186 738 Quousque
1207 697 1358 738 populus
1381 695 1485 739 [hic].
1500 723 1507 730 .
1522 723 1528 730 .
1543 708 1632 730 .non
1654 699 1798 730 credent
1821 698 1855 728 in

545 738 614 776 Me,
629 746 772 779 propter
792 740 913 770 omnia
932 740 1035 780 signa
1054 751 1142 781 quae
1162 741 1229 772 feci
1253 742 1288 772 in
1309 742 1426 772 medio
1446 743 1591 774 eorum?
1637 741 1772 773 Omnes
1790 741 1856 772 viri

545 783 604 821 qui
629 782 792 813 viderunt
811 783 961 822 gloriam
980 793 1107 821 meam,
1125 790 1160 814 et
1184 784 1288 824 signa
1311 794 1400 824 quae
1424 785 1490 815 feci
1515 785 1550 816 in
1569 785 1671 825 Aegy
1699 791 1735 816 to
1760 791 1795 816 et
1820 785 1855 816 in

542 825 710 861 deserto„
726 851 732 857 .
747 850 754 857 .
769 836 858 857 ‚non
876 826 1074 858 videbunt''
1092 833 1220 858 terram
1238 826 1363 867 (Num.
1384 828 1452 859 xiv.
1474 836 1522 866 11,
1541 826 1609 869 22[‚
1628 836 1668 866 23
1689 830 1700 867 )
1715 838 1722 860 :

371 918 575 959 similiter
600 920 669 960 hic
698 920 909 960 miracula
934 928 1153 962 vocantur
1178 922 1382 975 “signa,''
1408 923 1510 976 quia
1536 923 1695 963 dicitur
1723 926 1854 964 “cre-

371 981 475 1022 dere
494 981 527 1032 ;’'
543 996 660 1031 nam,
678 990 725 1023 ut
744 981 911 1023 dictum
928 991 1010 1031 est,
1027 984 1238 1025 miracula
1252 985 1460 1026 dicuntur
1474 986 1601 1038 signa
1619 991 1856 1038 propterea

371 1051 417 1084 ut
442 1046 740 1096 persuadeant
763 1052 809 1086 et
832 1046 1046 1087 inducant
1070 1046 1228 1097 fidem;
1261 1054 1306 1088 et
1329 1049 1431 1100 quia
1448 1049 1576 1100 signa
1597 1048 1715 1100 apud
1737 1047 1852 1096 illos,

370 1108 442 1160 qui
461 1107 698 1148 noluerunt
721 1108 885 1148 intrare
907 1109 950 1148 in
973 1115 1138 1149 terram
1157 1109 1414 1150 Canaanem
1432 1116 1615 1162 propter
1632 1111 1852 1158 timorem,

370 1183 458 1210 non
477 1170 750 1210 induxerunt
769 1170 915 1219 fidem,
935 1171 1036 1211 ideo
1060 1171 1115 1211 de
1138 1171 1223 1211 illis
1245 1172 1418 1221 dicitur,
1438 1172 1556 1225 quod
1578 1175 1704 1212 “non
1722 1172 1854 1212 visuri

370 1232 570 1272 terram.⁷‘
634 1231 822 1285 (Similia
848 1246 925 1285 per
953 1237 977 1253 ‘⁶
994 1234 1151 1286 signa'’
1177 1234 1497 1287 significantur,
1525 1234 1667 1275 Exod.
1694 1235 1748 1274 iv.
1777 1244 1852 1287 17;

370 1301 414 1335 et
441 1308 536 1347 cap.
564 1309 609 1335 X.
643 1306 675 1343 1,
700 1294 758 1348 2.)
818 1295 956 1348 Apud
982 1295 1313 1349 Evangelz'stas‚

435 1392 576 1423 Scribae
594 1398 628 1424 et
647 1393 827 1424 Pharisaei
846 1393 1020 1431 dicebant,
1038 1394 1057 1407 ⁸⁴
1073 1393 1254 1433 Magister.
1270 1393 1432 1425 volumus
1449 1403 1471 1424 a
1488 1393 1539 1424 Te
1557 1393 1697 1433 signum
1713 1394 1854 1430 videre:

543 1442 578 1467 et
603 1436 684 1476 Ipse
710 1437 932 1476 respondens
957 1437 1059 1468 dixit.
1074 1461 1097 1474 .,
1123 1436 1314 1467 Generatio
1339 1447 1448 1476 prava
1472 1443 1507 1468 et
1530 1437 1688 1468 adultera
1711 1437 1852 1477 signum

544 1480 688 1519 quaerit,
707 1480 769 1510 sed
786 1479 928 1519 signum
947 1489 1019 1510 non
1037 1480 1177 1511 dabitur
1196 1480 1245 1510 illi
1266 1480 1334 1511 nisi
1350 1480 1492 1520 signum
1509 1479 1623 1521 Jonae
1640 1480 1852 1520 prophetae:

543 1523 840 1562 quemadmodum
871 1522 936 1553 fuit
961 1522 1072 1564 Jonas
1100 1523 1135 1553 in
1163 1529 1286 1554 ventre
1303 1523 1370 1554 ceti
1397 1524 1508 1554 tribus
1532 1524 1656 1554 diebus
1682 1529 1718 1554 et
1742 1524 1854 1554 tribus

546 1564 720 1604 noctibus,
738 1566 788 1596 sic
805 1566 870 1596 erit
889 1566 997 1597 Filius
1014 1566 1169 1597 hominis
1190 1567 1224 1596 in
1244 1564 1385 1597 [¹]corde
1405 1572 1519 1597 terrae
1539 1567 1650 1597 tribus
1672 1566 1796 1598 diebus
1819 1574 1854 1598 et

546 1609 657 1640 tribus
678 1607 871 1640 noctibus
889 1609 1030 1648 (Matth.
1048 1610 1106 1640 xii.
1126 1610 1253 1648 38-4o;
1276 1610 1357 1640 Luc.
1375 1610 1420 1640 xi.
1436 1611 1484 1646 16,
1498 1618 1548 1649 29.
1561 1610 1633 1649 3o):

373 1707 492 1760 quod
520 1721 597 1760 per
622 1708 835 1761 “signum
849 1708 867 1722 ’⁹
893 1708 1171 1761 intelligatur
1197 1708 1456 1749 testificatio
1481 1715 1530 1749 ut
1553 1708 1852 1761 persuadean-

372 1778 443 1811 tur
475 1778 520 1811 et
547 1771 733 1811 credant
759 1771 878 1824 quod
906 1771 1125 1811 Dominus
1152 1778 1270 1811 esset
1298 1771 1486 1812 Messias
1515 1778 1561 1812 et
1589 1771 1726 1812 Filius
1752 1772 1850 1820 Dei,

368 1834 440 1886 qui
466 1840 692 1881 venturuS,
718 1840 872 1885 patet;
907 1847 1009 1873 nam
1037 1833 1249 1874 miracula
1274 1847 1386 1886 quae
1410 1834 1628 1874 Dominus
1654 1835 1697 1874 in
1723 1835 1851 1887 copia

367 1897 547 1944 fecerat,
564 1903 609 1937 et
625 1910 736 1949 quae
752 1897 973 1945 viderunt,
991 1910 1080 1937 non
1099 1897 1183 1936 illis
1202 1903 1329 1937 erant
1344 1897 1472 1949 signa
1489 1911 1498 1946 ;
1525 1910 1583 1938 ex
1599 1910 1732 1938 causa
1748 1897 1851 1950 quia

371 1958 584 1999 miracula
618 1972 707 1999 non
743 1966 846 1999 sunt
881 1959 1022 2011 signa,
1052 1965 1099 1999 ut
1134 1972 1266 2010 supra
1291 1957 1459 1999 dictum
1493 1965 1575 2007 est,
1604 1960 1686 2000 nisi
1719 1972 1851 2012 quam

368 2022 485 2073 apud
503 2022 671 2062 bonos:
706 2021 825 2075 quod
847 2021 1018 2074 “jonas
1037 2022 1165 2062 fuerit
1188 2023 1230 2061 in
1249 2028 1406 2062 ventre
1429 2023 1516 2062 ceti
1538 2022 1679 2062 tribus
1695 2021 1851 2062 diebus

368 2090 413 2123 et
440 2084 580 2124 tribus
606 2083 850 2133 noctibus,”
877 2090 922 2124 et
954 2084 997 2124 id
1028 2091 1305 2137 assumptum
1332 2085 1387 2124 sit
1415 2097 1494 2136 pro
1523 2083 1728 2137 “signo‚''
1754 2082 1850 2125 ‘erat

370 2148 471 2199 quia
500 2147 543 2187 id
575 2146 857 2199 significabat
874 2146 1065 2186 ‘Domini
1091 2146 1367 2198 sepulturam
1393 2153 1438 2186 et
1465 2144 1848 2194 resurrectionem,

368 2212 431 2251 ita
454 2210 825 2263 glorificationem
846 2210 1042 2249 Humani
1066 2209 1208 2262 Ipsius
1231 2209 1286 2249 ad
1311 2209 1518 2261 plenum;
1545 2213 1673 2250 “tres
1690 2209 1784 2250 dies
1805 2215 1851 2249 et

369 2279 459 2313 tres
483 2271 668 2313 no&es'’
690 2274 826 2313 etiam
850 2271 1103 2325 significant
1128 2272 1184 2312 ad
1212 2272 1405 2325 plenum.
1467 2271 1604 2324 Apud
1626 2271 1850 2312 Matthae-

368 2350 453 2383 um,

435 2428 452 2439 “
466 2425 646 2456 Pharisaei
663 2431 697 2456 et
715 2425 908 2456 Sadducaei
927 2431 1105 2455 tentantes
1121 2430 1290 2464 rogarunt
1302 2423 1319 2435 ’'
1331 2424 1454 2465 Jesum
1474 2425 1539 2455 “ut
1555 2424 1696 2464 signum
1711 2434 1730 2455 e
1747 2424 1851 2461 caelis

543 2469 745 2499 ostenderet
766 2469 835 2499 illis
852 2478 859 2504 ;
890 2468 971 2508 Ipse
991 2468 1212 2508 respondens
1232 2468 1335 2499 dixit.
1351 2493 1373 2505 .,
1395 2467 1484 2498 Cum
1505 2477 1655 2507 vespera
1674 2465 1768 2498 facta
1786 2473 1851 2504 est,

542 2513 666 2550 dicitis,
682 2512 871 2549 Serenitas,
882 2512 1016 2542 caelum
1029 2512 1123 2542 enim
1138 2512 1254 2542 rubet.
1268 2535 1275 2542 .
1291 2535 1298 2542 .
1317 2520 1324 2548 ;
1344 2518 1379 2542 et
1389 2520 1504 2548 mane,
1519 2510 1636 2542 Hodie
1648 2516 1851 2550 tempestas,

543 2556 644 2586 rubet
663 2556 756 2586 enim
778 2555 877 2586 triste
897 2555 1053 2586 existens
1073 2555 1227 2586 caelum:
1253 2554 1468 2594 hypocritae,
1489 2554 1614 2585 faciem
1633 2554 1721 2585 caeli
1738 2554 1851 2585 nostis

542 2599 746 2638 dijudicare,
771 2599 874 2638 signa
899 2605 1017 2629 autem
1043 2605 1242 2638 temporum
1268 2607 1340 2628 non
1366 2598 1534 2637 potestis:
1564 2597 1661 2628 natio
1685 2606 1794 2637 prava
1817 2604 1852 2629 et

541 2643 700 2673 adultera
720 2642 862 2681 signum
883 2642 1036 2682 requirit,
1055 2642 1117 2672 sed
1137 2642 1277 2681 signum
1300 2650 1372 2671 non
1391 2640 1533 2671 dabitur
1552 2640 1601 2671 illi
1620 2640 1689 2671 nisi
1709 2641 1850 2680 signum

541 2686 654 2727 Jonae
672 2686 865 2725 prophetae
876 2684 893 2696 '’
911 2685 992 2725 (xvi.
1014 2687 1105 2723 1-4):

368 2805 445 2843 per
466 2790 718 2843 “signum‚”
736 2790 855 2843 quod
878 2790 1102 2842 petierunt
1126 2803 1147 2829 e
1172 2788 1312 2837 caelo,
1331 2789 1467 2828 etiam
1488 2787 1558 2828 hic
1581 2787 1848 2840 intelligitur

367 2852 627 2893 testificatio
667 2860 715 2893 ut
757 2852 1107 2906 persuadeantur
1147 2858 1192 2891 et
1238 2851 1424 2891 credant
1464 2850 1584 2903 quod
1626 2850 1846 2890 Dominus

371 2922 490 2955 esset
510 2915 646 2955 Filius
666 2915 763 2964 Dei,
785 2915 967 2956 tametsi
990 2913 1202 2954 miracula
1223 2911 1339 2953 saeta
1357 2918 1460 2952 sunt
1478 2926 1590 2965 quae
1609 2925 1698 2952 non
1720 2911 1848 2952 dixe-

370 2984 471 3018 runt
499 2978 651 3030 signa;
693 2977 813 3030 quod
846 2977 1065 3018 Dominus
1091 2976 1256 3016 dixerit
1283 2982 1396 3026 tunc¹
1417 2975 1472 3015 de
1498 2987 1685 3028 vespera
1715 2980 1761 3015 et
1793 2974 1848 3015 de
