2054 3464
415 403 439 432 2
449 401 524 444 152
827 401 1158 436 APOCALYPSIS
1189 404 1488 438 EXPLICATA.

413 511 530 552 sicut
552 511 768 552 voluntas
789 517 836 553 et
858 512 1133 563 intellectus,
1157 528 1261 556 nam
1284 516 1460 557 affectio
1483 522 1553 558 est
1575 517 1828 560 voluntatis
1851 523 1900 561 et

412 574 638 626 cogitatio
669 580 738 615 est
769 575 1056 628 intelleetu53
1083 586 1422 632 consequenter
1447 593 1583 620 unum
1614 587 1759 633 agunt
1783 582 1899 625 sicut

414 636 581 676 bonum
604 643 651 677 et
673 650 843 678 verum.
902 639 1014 679 Inde
1036 646 1166 692 patet
1187 642 1307 694 quod
1325 642 1476 682 vivere
1498 643 1747 684 secundum
1764 656 1904 696 praed
1975 669 1978 671 v

412 704 549 750 cepta
580 699 764 740 Domini
795 714 854 740 ex
885 700 1057 750 Verbo,
1089 716 1168 743 seu
1195 703 1478 744 “observare
1518 705 1740 746 mandata
1770 706 1898 755 Dei,”

411 760 637 813 significet
662 763 815 803 vivere
840 764 982 804 vitam
1007 763 1110 805 fidei
1135 779 1250 818 quae
1276 773 1346 807 est
1372 766 1585 807 charitas.

489 832 616 877 770.
655 819 734 865 “Et
771 825 1007 867 habentibus
1053 827 1319 868 testimonium
1363 829 1466 869 desa
1514 829 1896 884 Christi.¹¹—Quod

410 886 635 938 significet
652 894 694 927 et
713 895 956 940 agnoscunt
969 889 1190 931 Divinum
1207 891 1254 931 in
1269 891 1477 931 Humano
1492 892 1689 941 Domini,
1706 899 1892 935 constat

410 961 470 987 ex
495 949 829 1000 significatione
854 952 1144 992 “testimonii
1172 952 1279 1005 Jesu
1311 952 1520 1002 Christi,'’
1542 955 1663 1007 quod
1693 954 1752 995 sit
1783 967 1893 996 con-

408 1010 543 1051 fessio
574 1018 620 1052 et
651 1013 826 1065 agnitio
857 1013 1010 1054 Divini
1041 1014 1225 1055 Domini
1256 1015 1300 1055 in
1332 1015 1550 1056 Humano
1582 1016 1728 1069 Ipsius
1760 1027 1815 1066 (de
1833 1036 1899 1065 qua

407 1089 513 1118 supra,
529 1091 560 1110 n.
579 1082 671 1124 392.
687 1071 740 1124 63
749 1081 782 1124 5,
797 1073 892 1125 649,
909 1082 1020 1125 749).

909 1245 1045 1269 VERSUS
1064 1239 1102 1269 18
1122 1236 1180 1280 [B.
1197 1239 1244 1271 A.
1264 1239 1334 1271 xiii.
1355 1230 1400 1281 1]ss

486 1340 605 1385 771.
652 1332 739 1372 “Ez‘
773 1332 874 1373 steti
905 1345 1031 1385 supra
1069 1346 1238 1373 arenam
1271 1334 1632 1388 maris.¹'——Quod
1667 1335 1838 1390 signific

406 1394 777 1434 continuationem
800 1401 948 1435 status
977 1394 1158 1436 illorum
1183 1396 1263 1449 quz'
1282 1403 1369 1448 per
1394 1400 1419 1417 “
1435 1397 1666 1443 draconem
1677 1397 1697 1413 '’
1721 1398 1894 1452 sigmu-

407 1462 583 1504 cantur,
600 1462 784 1496 constat
803 1470 861 1497 ex
880 1456 1212 1509 significatione
1233 1461 1392 1499 “stare
1415 1473 1548 1512 super
1565 1473 1703 1501 arena
1719 1460 1895 1510 maris‚''

406 1519 527 1571 quod
553 1521 610 1559 sit
636 1519 783 1560 adhuc
805 1520 959 1560 videre
981 1520 1138 1573 quales
1163 1521 1229 1561 illi
1251 1528 1356 1562 sunt
1378 1523 1451 1575 qui
1476 1536 1555 1575 per
1575 1523 1861 1567 “draconem
1874 1523 1896 1539 '⁹

406 1581 727 1634 intelliguntur
745 1596 754 1632 ;
786 1595 891 1622 nam
909 1583 1111 1635 sequitur
1128 1584 1249 1636 quod
1267 1585 1470 1624 “viderit
1488 1598 1547 1625 ex
1565 1586 1677 1626 mari
1697 1585 1894 1627 bestiam

407 1643 750 1692 ascendentem,
778 1644 847 1684 cui
879 1644 1005 1685 dedit
1031 1645 1168 1686 draco
1194 1646 1411 1687 virtutem
1442 1660 1569 1687 suam
1601 1653 1647 1688 et
1677 1647 1893 1690 thronum

406 1719 534 1745 suum
561 1712 607 1746 et
632 1712 916 1758 potestatem
943 1720 1069 1746 suam
1087 1707 1122 1757 ;”
1144 1713 1191 1748 et
1216 1715 1393 1761 postea,
1417 1709 1538 1762 quod
1563 1709 1763 1750 “viderit
1788 1709 1893 1750 bes-

407 1768 516 1807 tiam
548 1781 571 1808 e
602 1773 724 1808 terra
750 1769 1093 1818 ascendentem,
1120 1783 1236 1823 quae
1268 1770 1424 1810 locuta
1454 1777 1524 1812 est
1555 1772 1671 1812 sicut
1702 1770 1897 1822 draco;‘’

405 1836 588 1882 praeter
618 1831 747 1883 plura
782 1845 897 1884 quae
937 1838 1188 1884 sequuntur
1205 1845 1220 1872 :f
1255 1838 1301 1873 et
1341 1833 1445 1886 quia
1480 1847 1559 1886 per
1589 1833 1691 1874 illas
1721 1833 1894 1890 bestias

406 1894 700 1934 continuatur
730 1893 976 1947 descriptio
1016 1899 1166 1934 status
1202 1908 1357 1935 eorum
1398 1896 1472 1948 qui
1510 1895 1734 1937 dracones
1768 1902 1891 1946 sunt,

405 1969 543 2008 quare
561 1956 604 1995 id
622 1962 692 1996 est
710 1956 831 2009 quod
853 1956 970 2010 [per]
994 1960 1156 1997 “stare
1174 1971 1307 2010 super
1325 1971 1462 1998 arena
1480 1958 1614 1998 maris
1626 1957 1646 1973 ”
1663 1958 1892 2012 significa-

408 2024 492 2057 tur.
553 2018 796 2058 Praeterea
831 2033 910 2071 per
943 2023 1168 2060 “arenam
1204 2020 1339 2059 maris
1355 2019 1374 2034 ”
1405 2019 1686 2072 significatur
1720 2021 1892 2072 sterile,

406 2081 538 2133 quale
565 2086 635 2121 est
660 2081 778 2133 apud
809 2080 928 2130 illos,
956 2082 1029 2134 qui
1055 2082 1237 2134 quidem
1263 2082 1318 2122 de
1344 2081 1445 2130 fide,
1472 2082 1552 2122 sed
1582 2082 1691 2122 nihil
1717 2083 1773 2124 de
1798 2083 1894 2125 vita

406 2142 522 2190 fidei,
542 2157 656 2195 quae
679 2150 749 2184 est
771 2143 985 2192 charitas,
1009 2145 1246 2196 cogitant3
1278 2144 1352 2184 ubi
1374 2145 1493 2184 enim
1515 2144 1633 2185 tales
1654 2145 1699 2185 in
1721 2146 1893 2187 mundo

406 2205 630 2258 spirituali
655 2205 882 2254 habitant,
909 2206 969 2246 ibi
1000 2219 1091 2246 non
1121 2213 1311 2259 apparet
1342 2207 1463 2246 aliud
1493 2220 1629 2260 quam
1653 2208 1893 2261 congeries

407 2268 624 2320 lapidum,
657 2274 703 2308 et
743 2282 921 2321 quoque
961 2281 1112 2316 arena,
1150 2281 1201 2308 ac
1241 2282 1343 2309 raro
1383 2268 1567 2322 aliquod
1607 2282 1799 2321 gramen
1838 2282 1891 2311 ac

405 2331 680 2382 virgultum;
721 2331 825 2370 inde
865 2344 1044 2383 quoque
1084 2335 1169 2379 est,
1197 2331 1318 2383 quod
1358 2344 1437 2383 per
1465 2335 1688 2371 “arenam
1725 2331 1892 2372 maris’'

405 2399 554 2433 status
579 2392 773 2441 illorum,
801 2393 875 2445 qui
906 2406 985 2445 per
1009 2392 1328 2433 “draconem''
1353 2392 1691 2448 intelliguntur,
1717 2393 1890 2447 signifi-

406 2461 546 2495 cetur.
