2008 3458
626 399 732 432 CAP.
757 399 871 441 XIV„
896 400 1034 433 VERs.
1064 401 1232 433 11.—N.
1257 393 1350 446 890.
1623 403 1734 445 2423

237 511 522 565 evestigatur
547 526 636 566 quo
662 526 710 554 se
737 514 1044 566 cogitationes
1070 514 1248 555 illorum
1281 514 1530 563 effundunt,
1556 521 1601 556 et
1629 515 1734 556 inde

236 575 531 628 cognoscitur
555 588 657 616 cum
684 577 843 629 quibus
866 578 1164 618 societatibus
1191 576 1420 630 conjuncti
1447 584 1567 627 sunt,
1591 591 1642 619 ac
1670 579 1735 620 ita

235 637 394 690 quales
418 644 538 687 sunt,
566 644 613 679 et
636 639 756 692 quod
781 639 886 696 mali
913 653 1015 680 cum
1039 641 1335 686 societatibus
1361 641 1532 689 inferni,
1559 648 1604 682 et
1628 642 1735 683 boni

235 712 337 740 cum
370 700 666 742 societatibus
698 702 825 742 caeli.
897 702 1010 744 Inde
1047 717 1225 757 quoque
1267 704 1375 744 mihi
1416 705 1577 757 patuit,
1612 705 1734 758 quod

235 763 350 805 sicut
383 763 540 805 oculus
572 763 705 818 quale
728 766 793 805 sui
820 766 940 806 visus
973 767 1138 820 accipit
1172 781 1230 808 ex
1264 765 1451 820 objeffls
1484 769 1527 808 in
1561 768 1733 809 mundo

235 827 431 868 naturali
475 827 724 868 secundum
767 828 1174 870 determinationes
1219 830 1326 883 ejus,
1366 831 1430 871 ita
1471 829 1732 872 intellectus

233 890 367 944 quale
389 904 497 932 suae
519 891 816 944 cogitationis
843 906 903 933 ex
929 893 1059 942 veris,
1080 907 1195 947 quae
1222 901 1327 935 sunt
1354 894 1446 947 ejus
1474 893 1664 948 objecta,
1689 896 1734 936 in

208 991 210 995 ,
234 953 405 995 mundo
427 954 661 1007 spirituali,
682 956 821 996 etiam
841 956 1088 997 secundum
1108 957 1514 998 determinationes
1533 957 1625 1010 ejus
1645 972 1652 1007 ;
1687 965 1734 999 et

233 1017 296 1058 sic
315 1018 436 1071 quod
453 1017 591 1058 homo
609 1031 665 1059 ne
689 1019 922 1060 minimum
941 1021 1117 1073 cogitet
1137 1035 1195 1061 ex
1215 1034 1277 1069 se,
1294 1021 1374 1061 sed
1389 1021 1460 1062 vel
1480 1036 1539 1062 ex
1560 1022 1733 1063 inferno

233 1079 306 1122 vel
332 1094 392 1122 ex
419 1081 561 1130 caelo,
587 1088 633 1122 et
666 1082 787 1135 quod
815 1083 991 1136 cogitet
1025 1083 1274 1124 secundum
1302 1084 1732 1126 determinationem

232 1142 520 1186 affefflonum
536 1159 649 1199 quae
665 1152 770 1186 sunt
785 1147 951 1186 amoris
962 1146 1055 1199 ejus
1074 1161 1082 1197 ;
1108 1147 1151 1187 in
1166 1147 1547 1189 determinatione
1563 1149 1732 1189 residet

233 1206 422 1249 liberum
449 1207 555 1261 ejus.
621 1209 749 1250 Haec
778 1207 899 1250 dicta
926 1216 1047 1258 sunt,
1073 1216 1121 1251 ut
1149 1211 1317 1251 sciatur
1339 1212 1569 1264 quomodo
1596 1211 1731 1252 intel-

233 1269 466 1324 ligendum
500 1279 570 1313 est
605 1273 726 1326 quod
759 1273 951 1314 densum
984 1273 1145 1314 salsum
1180 1274 1383 1327 obstipet
1412 1274 1514 1315 illos
1549 1282 1594 1316 et
1630 1289 1732 1328 pro-

231 1333 341 1376 fluat
364 1349 423 1377 ex
446 1335 560 1387 illis3
593 1335 755 1377 falsum
778 1337 899 1390 quod
918 1337 976 1377 ab
998 1337 1194 1385 infernis,
1215 1338 1287 1378 ubi
1310 1337 1374 1378 illi
1398 1344 1517 1386 sunt,
1538 1339 1730 1392 profluit,

232 1398 471 1440 manifeste
497 1400 692 1440 sentitur
717 1400 775 1441 ab
800 1400 1010 1441 omnibus
1037 1401 1110 1454 qui
1138 1414 1228 1441 non
1255 1402 1299 1441 in
1331 1401 1454 1442 falsis
1481 1409 1600 1450 sunt,
1626 1403 1731 1443 dum

232 1474 366 1515 super
390 1462 563 1504 inferna
598 1464 894 1516 gradiuntur3
937 1463 1050 1504 falsa
1081 1463 1159 1504 illa
1195 1465 1466 1518 quandoque
1499 1466 1555 1505 ad
1588 1466 1732 1506 visum

231 1532 454 1580 apparent
481 1527 597 1568 sicut
623 1527 729 1568 fumi
761 1541 821 1569 ex
853 1528 1073 1568 incendiis
1100 1534 1178 1568 aut
1206 1542 1265 1568 ex
1292 1528 1561 1577 fornacibus,
1590 1542 1731 1582 quan-

231 1589 381 1644 doque
407 1591 523 1631 sicut
549 1591 636 1632 atri
662 1591 816 1640 nimbi,
845 1591 1118 1645 quandoque
1151 1592 1267 1632 sicut
1300 1592 1455 1645 nigrae
1487 1599 1533 1633 et
1566 1592 1732 1633 fetidae

230 1667 388 1708 aquae,
417 1655 688 1709 quandoque
721 1655 835 1696 sicut
874 1656 981 1696 tetri
1013 1656 1208 1706 odores;
1251 1656 1330 1696 sed
1363 1670 1501 1709 usque
1544 1656 1730 1703 inferna,

231 1725 288 1759 ne·
319 1718 506 1759 nimium
537 1717 698 1759 feriant
732 1730 877 1767 nareS,
906 1731 957 1760 ac
991 1726 1190 1760 noceant
1223 1720 1508 1760 interioribus
1542 1719 1731 1760 aliorum

230 1781 481 1835 spirituum,
521 1780 707 1823 obte&a
743 1788 849 1823 sunt
891 1783 1022 1823 terris
1059 1783 1184 1831 atris,
1221 1789 1267 1824 et
1310 1783 1383 1823 ubi
1417 1784 1732 1836 persuasiones

230 1843 329 1886 falsi
354 1851 565 1898 regnant,
591 1846 746 1898 petris,
771 1851 817 1886 et
844 1846 888 1886 in
915 1859 1083 1899 genere
1106 1846 1261 1899 glarea
1287 1859 1338 1887 ac
1363 1852 1483 1887 terra
1510 1846 1663 1893 sterili,
1685 1854 1732 1888 et

229 1908 292 1949 sic
318 1907 500 1959 clausa;
533 1909 613 1950 sed
641 1923 780 1963 usque
807 1910 1023 1950 continue
1049 1910 1329 1963 transpirant
1356 1909 1468 1950 salsa
1495 1924 1553 1950 ex
1586 1910 1729 1951 malis.

230 1971 306 2013 Ex
338 1970 407 2013 his
439 1985 556 2013 nunc
585 1978 714 2026 patet
747 1972 866 2013 unde
898 1979 969 2014 est
1001 1973 1122 2026 quod
1155 1986 1234 2027 per
1263 1972 1477 2014 “fumos''
1504 1974 1548 2013 in
1576 1973 1732 2014 Verbo

229 2035 542 2090 significentur
568 2035 681 2076 falsa
703 2050 762 2077 ex
786 2035 933 2077 malis.

309 2100 452 2155 890.
481 2100 560 2141 “Et
577 2113 655 2141 non
669 2100 872 2141 habebunt
884 2100 1067 2155 requiem
1083 2101 1149 2141 diu
1162 2105 1207 2142 et
1216 2101 1574 2154 noctu.''—Quod
1589 2102 1730 2154 signi-

228 2161 332 2204 ficet
354 2163 680 2215 infestationem
701 2162 949 2203 continuam
975 2177 1004 2204 a
1029 2163 1163 2204 malis
1185 2170 1227 2204 et
1250 2164 1351 2204 inde
1362 2163 1523 2215 falsis,
1548 2171 1732 2204 constat

160 2260 163 2263 .
228 2239 288 2267 ex
311 2225 640 2280 significatione
661 2229 791 2267 “non
814 2226 980 2267 habere
1002 2227 1243 2280 requiem,”
1266 2227 1385 2280 quod
1410 2227 1466 2267 sit
1485 2227 1683 2267 infestari
1707 2241 1732 2267 a

228 2287 360 2329 malis
377 2294 424 2329 et
450 2288 555 2328 inde
573 2287 697 2328 falsis
721 2299 775 2336 (de
790 2307 855 2336 qua
869 2299 1055 2340 sequitur);
1088 2294 1135 2329 et
1161 2302 1220 2329 ex
1253 2288 1591 2341 significatione
1617 2288 1729 2328 “diu

227 2358 275 2394 et
291 2350 468 2401 no&U,‘’
486 2353 606 2406 quod
630 2353 687 2394 sit
705 2353 918 2394 continue
937 2367 945 2404 ;
974 2366 1052 2406 per
1071 2357 1095 2373 ‘⁴
1109 2353 1228 2394 diem
1242 2353 1260 2368 ’'
1276 2353 1396 2394 enim
1416 2359 1462 2393 et
1480 2356 1504 2372 ‘⁴
1519 2350 1731 2393 noc'tem'’

227 2429 319 2457 non
341 2415 611 2469 intelligitur
633 2417 729 2457 dies
756 2423 802 2457 et
826 2429 935 2466 nox,
960 2417 1039 2458 sed
1063 2416 1344 2470 significatur
1366 2423 1513 2457 status
1536 2415 1728 2463 illorum,

227 2480 298 2522 hic
325 2479 474 2534 quoad
500 2480 864 2530 infestationem;
899 2493 1003 2520 nam
1029 2480 1073 2520 in
1101 2479 1271 2520 mundo
1297 2479 1515 2532 spirituali
1543 2492 1632 2519 non
1660 2485 1730 2519 est

227 2543 359 2584 alicui
395 2543 497 2584 idea
528 2545 760 2597 temporis,
795 2544 875 2584 sed
908 2543 1009 2584 idea
1046 2550 1208 2591 status,
1243 2549 1290 2583 ut
1327 2556 1460 2595 supra
1492 2542 1732 2595 aliquoties

227 2605 398 2648 dietum
435 2614 482 2648 et
523 2613 757 2648 ostensum
795 2614 892 2658 est;
935 2607 1073 2647 etiam
1112 2619 1191 2659 per
1230 2606 1387 2646 “diem
1402 2605 1419 2620 '’
1453 2604 1731 2657 significatur

227 2677 376 2711 status
406 2669 506 2711 falsi
536 2670 728 2720 illorum,
762 2677 809 2712 et
847 2684 925 2723 per
954 2668 1206 2710 “noctem”
1238 2676 1385 2710 status
1418 2668 1549 2718 mali;
1594 2668 1731 2708 homo

227 2734 347 2775 enim
373 2739 443 2775 est
469 2733 618 2788 quoad
650 2735 979 2787 cogitationem
1012 2734 1055 2773 in
1083 2733 1196 2781 luce,
1225 2733 1287 2773 ita
1313 2733 1355 2772 in
1389 2732 1474 2779 die,
1503 2738 1549 2771 et
1581 2731 1730 2784 quoad

227 2795 512 2838 affeftionem
539 2798 583 2838 in
607 2797 799 2838 obscuro
821 2811 899 2838 seu
926 2798 969 2837 in
993 2794 1140 2845 nocte,
1165 2809 1216 2836 ac
1244 2795 1355 2836 salsa
1377 2802 1472 2836 turn
1495 2808 1601 2835 vera
1624 2801 1730 2835 sunt

227 2860 534 2914 cogitationis,
558 2874 610 2901 ac
637 2860 743 2901 mali
770 2867 867 2900 tum
895 2859 1016 2900 bona
1039 2866 1143 2906 sunt
1169 2857 1430 2899 affectionis.
1493 2857 1604 2898 Inde
1631 2864 1729 2906 erat

226 2936 360 2976 super
374 2923 593 2964 Tentorio
607 2924 748 2964 nubes
763 2923 971 2971 interdiu,
989 2929 1034 2963 et
1050 2922 1167 2975 ignis
1182 2920 1345 2971 noetu3
1373 2921 1544 2961 “nubes
1556 2920 1574 2935 ’¹
1589 2921 1728 2973 signi-

226 2984 392 3028 ficabat
414 2999 569 3028 verum
592 2987 711 3040 apud
734 2986 848 3027 filios
872 2985 1066 3034 Israelis,
1091 2991 1138 3026 et
1163 2985 1316 3038 “ignis
1329 2984 1348 3000 ''
1371 2984 1539 3024 bonum
1562 2984 1729 3024 amoris

225 3049 346 3104 apud
387 3049 500 3092 illos.
562 3049 696 3104 Quod
734 3049 1073 3090 infestationem
1114 3061 1140 3089 a
1181 3047 1310 3088 malis
1351 3053 1397 3089 et
1438 3046 1573 3096 falsis,
1613 3060 1728 3101 quae
