2008 3458
404 385 455 427 23
462 375 513 427 38
815 383 1147 417 APOCALYPSIS
1178 385 1475 418 EXPLICATA.

402 496 658 536 tensionem
676 495 869 536 illarum.
909 506 987 544 (Sed
997 507 1037 536 de
1049 506 1097 536 his
1106 507 1272 536 videantur
1280 508 1372 545 plura
1386 507 1418 536 in
1431 516 1526 545 opere
1540 507 1590 537 De
1608 508 1698 538 Caelo
1709 510 1739 537 et
1749 507 1885 547 Infemo.

401 556 508 592 Quod,
523 565 648 593 nempe,
664 565 774 585 omnes
789 556 902 594 Angeli
918 556 979 585 sint
993 556 1144 594 imagines
1160 557 1257 592 Caeli,
1273 562 1304 586 et
1318 557 1362 586 sic
1376 557 1465 594 quasi
1482 557 1570 587 Caeli
1584 557 1617 586 in
1630 557 1762 587 minima
1775 557 1886 592 forma,

400 609 430 630 n.
447 603 563 638 41-58:
587 601 684 638 Quod
699 601 880 630 universum
896 601 1030 630 Caelum
1043 601 1156 630 referat
1170 610 1270 631 unum
1287 602 1474 635 Hominem,
1490 606 1521 630 et
1535 602 1623 639 quod
1638 602 1713 631 inde
1726 601 1842 640 Angeli
1854 606 1887 631 et

399 647 532 684 Spiritus
545 648 607 677 sint
622 648 756 677 Formae
770 648 939 682 humanae.
951 657 982 677 n.
995 655 1132 685 59-102:
1155 648 1253 686 Quod
1267 649 1369 678 omnis
1384 649 1532 686 cogitatio
1546 657 1585 678 ex
1594 648 1763 678 affezstione
1775 657 1887 686 proce-

399 694 477 722 dens
505 695 546 722 ab
567 694 698 731 Angelis
719 694 935 723 extensionem
961 695 1078 723 habeat
1098 687 1131 723 iri
1153 694 1241 724 Caeli
1266 695 1439 724 Societates
1459 695 1635 724 secundum
1656 694 1886 732 quale'amorss

400 752 430 775 et
445 748 618 785 sapientiae
638 749 774 782 illorum,
795 758 825 778 n.
847 749 1011 787 200—212.)
1071 738 1151 791 (3.)
1190 738 1418 791 Quoniam
1449 752 1575 779 amor
1604 738 1710 779 facit
1739 739 1883 781 Vitam

401 800 608 848 hominis,
637 808 683 842 et
717 801 853 842 homo
886 802 1132 843 se'cundum
1164 803 1305 843 vitam
1338 815 1463 842 suam
1496 808 1806 856 comparatam
1838 803 1882 844 in

401 863 570 904 mundo
594 862 790 905 vieturus
817 871 887 905 est
914 865 956 906 in
982 871 1232 912 aeternum,
1260 865 1331 905 vel
1357 866 1400 905 in
1427 865 1555 905 caelo
1580 864 1652 906 vel
1677 865 1721 906 in
1747 864 1880 906 infer-

400 938 472 972 no,
493 927 691 967 maxime
709 927 898 968 interest
922 928 1033 968 scire
1051 927 1279 981 quomodo
1297 934 1584 980 comparatur
1600 940 1651 968 ac
1670 927 1883 970 imbuitur

398 1001 523 1029 amor
549 989 773 1038 caelestis,
803 996 850 1030 ut
877 991 970 1030 vita
1001 989 1093 1043 ejus
1128 990 1295 1043 absque
1328 989 1414 1030 fine
1441 990 1575 1030 beata
1601 996 1647 1031 et
1673 989 1780 1031 felix
1806 991 1898 1032 sit.'

401 1049 480 1104 (4.)
515 1050 627 1092 Sunt
651 1052 781 1093 binae
807 1052 1046 1093 facultates
1072 1053 1305 1106 primariae
1328 1053 1448 1092 vitae
1471 1052 1678 1102 hominis,
1702 1065 1879 1107 nempe,

399 1113 611 1154 voluntas
631 1121 676 1155 et
695 1113 965 1155 intelleems.
995 1115 1222 1155 Voluntas
1241 1121 1310 1156 est
1329 1114 1665 1167 receptaculum
1683 1115 1880 1157 omnium

398 1175 518 1224 boni,
552 1190 602 1217 ac
627 1175 884 1218 intellefms
911 1183 980 1218 est
1007 1177 1343 1230 receptaculum
1371 1177 1568 1217 omnium
1595 1177 1687 1218 veri
1717 1191 1776 1218 ex
1802 1177 1881 1220 illo

398 1237 532 1279 bono.
596 1239 748 1280 Homo
771 1253 860 1280 non
884 1246 1037 1293 potest
1060 1240 1142 1280 nisi
1163 1252 1296 1293 quam
1319 1252 1397 1292 per
1418 1239 1545 1280 binas
1567 1238 1666 1280 illas
1691 1239 1880 1282 faculta—

399 1306 468 1340 tes
495 1302 615 1342 vitae
641 1302 882 1351 reformari,
911 1309 956 1343 et
990 1303 1072 1342 nisi
1102 1315 1235 1355 quarn
1267 1315 1346 1355 per
1371 1301 1680 1355 impletionem
1705 1301 1880 1344 illarum

399 1376 458 1402 ex
485 1364 613 1404 bonis
640 1372 686 1406 et
713 1366 841 1406 veris.
904 1365 1184 1405 Reformatio
1210 1364 1258 1405 fit
1285 1365 1370 1405 hoc
1399 1365 1578 1405 ordine:
1614 1364 1766 1406 Homo
1791 1365 1879 1419 pri-

399 1439 519 1466 mum
542 1428 746 1481 implebit
771 1429 1032 1469 memoriam
1060 1441 1118 1467 ex
1145 1427 1344 1467 scientiis
1367 1433 1412 1468 et
1436 1427 1767 1480 cognitionibus
1788 1428 1880 1469 veri

397 1494 443 1528 et
466 1489 584 1538 boni,
605 1504 683 1543 per
701 1505 811 1544 quas
835 1491 916 1531 sibi
938 1490 1218 1543 comparabit
1242 1489 1391 1530 lumen
1409 1490 1621 1541 rationis;
1653 1503 1704 1530 ac
1727 1490 1879 1544 impri-

396 1553 479 1591 mis
498 1553 641 1594 discet
660 1554 780 1607 quod
804 1554 925 1595 Deus
944 1567 1055 1593 unus
1078 1554 1150 1601 sit,
1164 1553 1283 1606 quod
1303 1552 1522 1593 Dominus
1540 1553 1597 1593 sit
1621 1552 1743 1594 Deus
1764 1553 1879 1594 caeli

397 1620 442 1654 et
475 1621 634 1664 terrae,
663 1616 782 1670 quod
815 1616 990 1657 caelum
1022 1629 1072 1656 ac
1111 1615 1328 1656 infernum
1367 1616 1470 1664 sint,
1498 1615 1617 1668 quod
1649 1616 1743 1656 vita
1773 1622 1878 1669 post

398 1683 590 1718 mortem
618 1679 688 1727 sit,
717 1685 763 1720 et
786 1679 905 1732 quod
928 1678 1129 1719 Verbum
1153 1676 1356 1718 sanetum
1380 1678 1449 1718 sit.
1514 1676 1592 1731 (5.)
1636 1677 1762 1719 Tunc
1786 1677 1876 1719 dis-

398 1745 470 1779 cet
489 1753 601 1793 quae
620 1741 738 1782 mala
761 1748 864 1782 sunt
882 1746 1086 1795 peccata,
1107 1741 1297 1794 primum
1320 1754 1379 1780 ex
1397 1740 1632 1793 decalogo,
1652 1746 1698 1781 et
1715 1746 1877 1794 postea

399 1815 458 1841 ex
491 1802 645 1844 Verbo
683 1804 838 1853 ubivis,
872 1811 918 1845 et
956 1803 1178 1856 cogitabit
1215 1802 1334 1856 quod
1367 1808 1556 1856 peccata
1592 1803 1682 1844 sint
1718 1809 1878 1844 contra

396 1864 556 1913 Deum,
586 1872 631 1906 et
664 1866 783 1919 quod
815 1866 892 1907 illa
922 1866 1023 1906 ideo
1056 1865 1291 1906 detineant
1323 1878 1372 1905 ac
1406 1870 1615 1918 separent
1646 1864 1877 1906 hominem

394 1941 420 1967 a
443 1927 584 1977 caelo,
609 1942 660 1969 ac
684 1929 992 1970 condemnent
1016 1927 1140 1968 illum
1168 1934 1213 1967 et
1240 1926 1498 1979 adjudicent
1525 1926 1708 1967 inferno.
1765 1926 1877 1969 Inde

395 1996 465 2031 est
497 1991 616 2043 quod
654 1992 843 2044 primum
880 1991 1212 2032 reformationis
1253 1991 1310 2030 sit
1342 2003 1367 2030 a
1409 1990 1609 2043 peccatis
1645 1989 1875 2039 desistere,

394 2052 471 2093 illa
493 2053 643 2106 fugere
670 2061 716 2095 et
743 2055 930 2095 tandem
957 2054 1178 2104 aversari3
1212 2059 1260 2094 ut
1292 2059 1444 2093 autem
1477 2052 1667 2093 desistat
1692 2052 1749 2092 ab
1774 2051 1874 2102 illis,

394 2115 534 2168 fugiat
567 2116 644 2157 illa
670 2123 715 2158 et
742 2123 975 2157 aversetur
1001 2116 1091 2164 illa,
1116 2115 1387 2168 supplicabit
1415 2115 1658 2155 Dominum
1683 2114 1738 2155 de
1764 2127 1875 2168 ope;

396 2179 474 2219 sed
497 2179 637 2231 fugiet
665 2186 710 2220 et
733 2180 1011 2220 aversabitur
1036 2178 1112 2218 illa
1137 2179 1240 2231 quia
1266 2184 1370 2218 sunt
1393 2183 1552 2218 contra
1574 2176 1789 2226 Verbum,
1813 2177 1877 2218 ita

396 2247 556 2281 contra
579 2242 837 2290 Dominum,
863 2248 908 2282 et
931 2241 1033 2281 inde
1057 2247 1216 2282 contra
1237 2240 1426 2288 caelum,
1447 2245 1493 2280 et
1515 2240 1616 2292 quia
1637 2240 1680 2280 in
1703 2253 1750 2280 se
1772 2245 1877 2280 sunt

396 2303 641 2344 infernalia.
720 2303 799 2358 (6.)
844 2303 1077 2356 Quantum
1109 2303 1246 2343 homo
1279 2303 1392 2355 fugit
1424 2309 1470 2343 et
1503 2307 1733 2342 aversatur
1759 2301 1876 2342 mala
1914 2354 1917 2356 q

394 2367 496 2420 quia
527 2373 717 2420 peccata
748 2373 867 2415 sunt,
901 2373 947 2407 et
981 2367 1155 2419 cogitat
1187 2366 1242 2406 de
1274 2365 1418 2413 caelo,
1453 2365 1508 2405 de
1541 2378 1622 2404 sua
1653 2363 1799 2405 salute
1829 2370 1877 2404 et

393 2431 488 2471 vita
513 2437 711 2476 aeterna,
741 2436 921 2470 tantum
953 2429 1197 2481 adoptatur
1224 2442 1250 2468 a
1281 2428 1479 2468 Domino
1510 2433 1556 2468 et
1590 2426 1877 2479 conjungitur

394 2493 535 2541 caelo,
565 2506 615 2533 ac
643 2499 822 2533 tantum
849 2492 1043 2532 donatur
1068 2489 1303 2531 affe&ione
1330 2489 1563 2543 spirituali,
1593 2503 1705 2543 quae
1731 2495 1801 2530 est
1826 2494 1876 2530 ut
1923 2495 1931 2503 ⁸

395 2571 485 2598 non
512 2556 648 2597 modo
674 2555 783 2596 velit
816 2556 927 2596 scire
954 2568 1072 2602 vera,
1101 2554 1182 2594 sed
1213 2554 1351 2594 etiam
1380 2552 1635 2605 intelligere
1660 2551 1750 2609 illa,
1778 2558 1875 2592 tum

393 2620 510 2660 velle
537 2625 582 2660 et
604 2619 748 2659 facere
774 2617 863 2658 illa.
927 2615 1005 2670 (7.)
1054 2617 1125 2657 Ita
1147 2616 1285 2656 homo
1311 2628 1336 2654 a
1362 2615 1560 2655 Domino
1582 2614 1873 2664 reformatum

394 2690 440 2723 et
474 2688 692 2735 quantum
730 2687 836 2721 tunc
875 2681 960 2720 scit
998 2685 1044 2719 et
1080 2678 1297 2731 intelligit
1329 2691 1446 2725 vera,
1480 2690 1531 2717 ac
1564 2676 1660 2717 vult
1693 2683 1738 2717 et
1769 2676 1875 2717 facit

393 2745 484 2794 illa,
513 2751 690 2785 tantum
717 2743 766 2784 fit
793 2756 948 2790 novus,
977 2742 1050 2795 qui
1075 2747 1145 2782 est
1168 2741 1306 2781 homo
1328 2745 1634 2792 regeneratus,
1659 2745 1705 2779 et
1728 2739 1799 2792 qui
1825 2737 1875 2779 fit

392 2807 580 2860 angelus
607 2806 733 2855 caeli,
762 2806 831 2846 cui
862 2811 931 2846 est
963 2817 1089 2844 amor
1114 2810 1159 2844 et
1186 2804 1281 2844 vita
1312 2802 1535 2843 caelestis.
1602 2800 1680 2854 (8.)
1729 2800 1874 2841 Amor

393 2877 440 2911 et
469 2869 599 2923 [vita]
634 2869 726 2921 ejus
758 2874 862 2908 sunt
894 2880 1072 2920 prorsus
1104 2867 1218 2906 sicut
1251 2879 1385 2918 opera
1411 2864 1659 2904 voluntatis
1691 2862 1797 2915 ejus,
1827 2868 1873 2904 et

392 2945 528 2984 opera
553 2931 803 2972 voluntatis
829 2936 932 2970 sunt
959 2930 1073 2969 sicut
1096 2942 1201 2969 vera
1226 2932 1339 2981 quae
1362 2926 1588 2979 applicata
1609 2926 1729 2966 vitae
1751 2930 1871 2965 sunt.

393 2993 689 3047 Cognitiones
711 2994 802 3034 veri
828 2999 873 3034 et
900 2993 1019 3041 boni,
1047 3005 1155 3045 quas
1182 2990 1318 3031 homo
1345 2990 1401 3030 ab
1427 2988 1616 3029 infantia
1642 2988 1723 3028 sibi
1748 2999 1871 3028 com·
1906 3026 1908 3029 .
