<?xml version="1.0" encoding="UTF-8"?>
<!DOCTYPE html PUBLIC "-//W3C//DTD XHTML 1.0 Transitional//EN"
    "http://www.w3.org/TR/xhtml1/DTD/xhtml1-transitional.dtd">
<html xmlns="http://www.w3.org/1999/xhtml" xml:lang="en" lang="en">
 <head>
  <title>
</title>
<meta http-equiv="Content-Type" content="text/html;charset=utf-8" />
  <meta name='ocr-system' content='tesseract 3.04.00' />
  <meta name='ocr-capabilities' content='ocr_page ocr_carea ocr_par ocr_line ocrx_word'/>
</head>
<body>
  <div class='ocr_page' id='page_1' title='image "apocalypsisexpli04sweduoft_0098.png"; bbox 0 0 2054 3464; ppageno 0'>
   <div class='ocr_carea' id='block_1_1' title="bbox 1810 0 2054 323">
    <p class='ocr_par' dir='ltr' id='par_1_1' title="bbox 1810 0 2054 323">
     <span class='ocr_line' id='line_1_1' title="bbox 1810 0 2054 323; baseline 0 3141"><span class='ocrx_word' id='word_1_1' title='bbox 1810 0 2054 323; x_wconf 95' lang='lat' dir='ltr'> </span> 
     </span>
    </p>
   </div>
   <div class='ocr_carea' id='block_1_2' title="bbox 364 371 1430 412">
    <p class='ocr_par' dir='ltr' id='par_1_2' title="bbox 364 371 1430 412">
     <span class='ocr_line' id='line_1_2' title="bbox 364 371 1430 412; baseline 0.003 -11"><span class='ocrx_word' id='word_1_2' title='bbox 364 371 475 402; x_wconf 92' lang='lat'><em>2000</em></span> <span class='ocrx_word' id='word_1_3' title='bbox 773 371 1102 412; x_wconf 83' lang='lat' dir='ltr'>APOCALYPSIS</span> <span class='ocrx_word' id='word_1_4' title='bbox 1135 372 1430 404; x_wconf 84' lang='lat' dir='ltr'>EXPLICATA.</span> 
     </span>
    </p>
   </div>
   <div class='ocr_carea' id='block_1_3' title="bbox 362 479 1854 843">
    <p class='ocr_par' dir='ltr' id='par_1_3' title="bbox 362 479 1854 662">
     <span class='ocr_line' id='line_1_3' title="bbox 363 479 1854 538; baseline 0.003 -16"><span class='ocrx_word' id='word_1_5' title='bbox 363 482 430 522; x_wconf 91' lang='lat' dir='ltr'>nis</span> <span class='ocrx_word' id='word_1_6' title='bbox 446 482 465 497; x_wconf 92' lang='lat'>”</span> <span class='ocrx_word' id='word_1_7' title='bbox 506 496 637 536; x_wconf 86' lang='lat' dir='ltr'>super</span> <span class='ocrx_word' id='word_1_8' title='bbox 677 497 807 536; x_wconf 91' lang='lat' dir='ltr'>quem</span> <span class='ocrx_word' id='word_1_9' title='bbox 850 484 1184 526; x_wconf 84' lang='lat' dir='ltr'>confortaverat</span> <span class='ocrx_word' id='word_1_10' title='bbox 1226 483 1331 534; x_wconf 84' lang='lat' dir='ltr'>Sibi,</span> <span class='ocrx_word' id='word_1_11' title='bbox 1374 479 1854 538; x_wconf 79' lang='lat' dir='ltr'>significatur&#39;verum&#39;</span> 
     </span>
     <span class='ocr_line' id='line_1_4' title="bbox 363 544 1842 600; baseline 0.003 -16"><span class='ocrx_word' id='word_1_12' title='bbox 363 544 502 585; x_wconf 86' lang='lat' dir='ltr'>Verbi</span> <span class='ocrx_word' id='word_1_13' title='bbox 534 546 578 585; x_wconf 90' lang='lat' dir='ltr'>in</span> <span class='ocrx_word' id='word_1_14' title='bbox 605 559 737 585; x_wconf 88' lang='lat' dir='ltr'>sensu</span> <span class='ocrx_word' id='word_1_15' title='bbox 764 546 970 594; x_wconf 86' lang='lat' dir='ltr'>naturali,</span> <span class='ocrx_word' id='word_1_16' title='bbox 999 547 1072 600; x_wconf 90' lang='lat' dir='ltr'>qui</span> <span class='ocrx_word' id='word_1_17' title='bbox 1104 553 1173 587; x_wconf 91' lang='lat' dir='ltr'>est</span> <span class='ocrx_word' id='word_1_18' title='bbox 1206 561 1362 588; x_wconf 90' lang='lat' dir='ltr'>sensus</span> <span class='ocrx_word' id='word_1_19' title='bbox 1394 547 1588 595; x_wconf 85' lang='lat' dir='ltr'>litterae,</span> <span class='ocrx_word' id='word_1_20' title='bbox 1616 553 1662 588; x_wconf 90' lang='lat' dir='ltr'>et</span> <span class='ocrx_word' id='word_1_21' title='bbox 1688 558 1842 588; x_wconf 88' lang='lat' dir='ltr'>verum</span> 
     </span>
     <span class='ocr_line' id='line_1_5' title="bbox 362 605 1843 662; baseline 0.001 -16"><span class='ocrx_word' id='word_1_22' title='bbox 362 606 502 647; x_wconf 86' lang='lat' dir='ltr'>Verbi</span> <span class='ocrx_word' id='word_1_23' title='bbox 529 608 570 647; x_wconf 90' lang='lat' dir='ltr'>in</span> <span class='ocrx_word' id='word_1_24' title='bbox 599 621 731 648; x_wconf 87' lang='lat' dir='ltr'>sensu</span> <span class='ocrx_word' id='word_1_25' title='bbox 758 608 991 661; x_wconf 82' lang='lat' dir='ltr'>spirituali,</span> <span class='ocrx_word' id='word_1_26' title='bbox 1021 610 1093 662; x_wconf 92' lang='lat' dir='ltr'>qui</span> <span class='ocrx_word' id='word_1_27' title='bbox 1125 615 1194 650; x_wconf 90' lang='lat' dir='ltr'>est</span> <span class='ocrx_word' id='word_1_28' title='bbox 1221 623 1378 650; x_wconf 86' lang='lat' dir='ltr'>sensus</span> <span class='ocrx_word' id='word_1_29' title='bbox 1410 611 1623 650; x_wconf 84' lang='lat' dir='ltr'>internus.</span> <span class='ocrx_word' id='word_1_30' title='bbox 1704 605 1843 662; x_wconf 85' lang='lat' dir='ltr'><strong>Apud</strong></span> 
     </span>
    </p>

    <p class='ocr_par' dir='ltr' id='par_1_4' title="bbox 362 669 1844 843">
     <span class='ocr_line' id='line_1_6' title="bbox 362 669 641 718; baseline 0.004 -9"><span class='ocrx_word' id='word_1_31' title='bbox 362 669 641 718; x_wconf 70' lang='lat' dir='ltr'>Ezechielem,</span> 
     </span>
     <span class='ocr_line' id='line_1_7' title="bbox 427 758 1844 801; baseline 0.001 -12"><span class='ocrx_word' id='word_1_32' title='bbox 427 758 547 789; x_wconf 86' lang='lat' dir='ltr'>“Ecce</span> <span class='ocrx_word' id='word_1_33' title='bbox 575 759 823 798; x_wconf 85' lang='lat' dir='ltr'>profanaturus</span> <span class='ocrx_word' id='word_1_34' title='bbox 852 769 929 791; x_wconf 88' lang='lat' dir='ltr'>sum</span> <span class='ocrx_word' id='word_1_35' title='bbox 959 759 1198 792; x_wconf 60' lang='lat' dir='ltr'>sanauarium</span> <span class='ocrx_word' id='word_1_36' title='bbox 1225 771 1353 799; x_wconf 88' lang='lat' dir='ltr'>meum,</span> <span class='ocrx_word' id='word_1_37' title='bbox 1380 761 1679 801; x_wconf 86' lang='lat' dir='ltr'>magnificentiam</span> <span class='ocrx_word' id='word_1_38' title='bbox 1706 759 1844 792; x_wconf 84' lang='lat' dir='ltr'>roboris</span> 
     </span>
     <span class='ocr_line' id='line_1_8' title="bbox 535 800 1842 843; baseline 0.002 -11"><span class='ocrx_word' id='word_1_39' title='bbox 535 800 649 839; x_wconf 79' lang='lat' dir='ltr'>[¹]mei,</span> <span class='ocrx_word' id='word_1_40' title='bbox 675 803 886 834; x_wconf 88' lang='lat' dir='ltr'>desiderium</span> <span class='ocrx_word' id='word_1_41' title='bbox 911 805 1092 835; x_wconf 84' lang='lat' dir='ltr'>oculorum</span> <span class='ocrx_word' id='word_1_42' title='bbox 1119 811 1328 842; x_wconf 87' lang='lat' dir='ltr'>vestrorum,</span> <span class='ocrx_word' id='word_1_43' title='bbox 1353 811 1388 836; x_wconf 93' lang='lat' dir='ltr'>et</span> <span class='ocrx_word' id='word_1_44' title='bbox 1417 804 1674 843; x_wconf 88' lang='lat' dir='ltr'>indulgentiam</span> <span class='ocrx_word' id='word_1_45' title='bbox 1700 803 1842 835; x_wconf 82' lang='lat' dir='ltr'>animae</span> 
     </span>
    </p>
   </div>
   <div class='ocr_carea' id='block_1_4' title="bbox 534 846 1855 929">
    <p class='ocr_par' dir='ltr' id='par_1_5' title="bbox 534 846 1855 929">
     <span class='ocr_line' id='line_1_9' title="bbox 534 846 1855 888; baseline 0.002 -13"><span class='ocrx_word' id='word_1_46' title='bbox 534 852 694 879; x_wconf 84' lang='lat' dir='ltr'>vestrae:</span> <span class='ocrx_word' id='word_1_47' title='bbox 727 856 767 876; x_wconf 88' lang='lat' dir='ltr'>ac</span> <span class='ocrx_word' id='word_1_48' title='bbox 796 846 856 877; x_wconf 87' lang='lat' dir='ltr'>filii</span> <span class='ocrx_word' id='word_1_49' title='bbox 885 847 993 878; x_wconf 90' lang='lat' dir='ltr'>vestri</span> <span class='ocrx_word' id='word_1_50' title='bbox 1022 853 1057 878; x_wconf 91' lang='lat' dir='ltr'>et</span> <span class='ocrx_word' id='word_1_51' title='bbox 1085 847 1177 879; x_wconf 88' lang='lat' dir='ltr'>filiae</span> <span class='ocrx_word' id='word_1_52' title='bbox 1205 854 1354 885; x_wconf 84' lang='lat' dir='ltr'>vestrae,</span> <span class='ocrx_word' id='word_1_53' title='bbox 1382 857 1470 888; x_wconf 90' lang='lat' dir='ltr'>quos</span> <span class='ocrx_word' id='word_1_54' title='bbox 1499 847 1699 888; x_wconf 86' lang='lat' dir='ltr'>reliquistis,</span> <span class='ocrx_word' id='word_1_55' title='bbox 1723 847 1855 887; x_wconf 66' lang='lat' dir='ltr'>gladio,</span> 
     </span>
     <span class='ocr_line' id='line_1_10' title="bbox 534 888 973 929; baseline 0.007 -10"><span class='ocrx_word' id='word_1_56' title='bbox 534 888 688 920; x_wconf 83' lang='lat' dir='ltr'>cadent⁷’</span> <span class='ocrx_word' id='word_1_57' title='bbox 705 890 811 928; x_wconf 90' lang='lat' dir='ltr'>(xxiv.</span> <span class='ocrx_word' id='word_1_58' title='bbox 831 898 880 927; x_wconf 90' lang='lat'>21,</span> <span class='ocrx_word' id='word_1_59' title='bbox 900 891 973 929; x_wconf 82' lang='lat'><strong>25):</strong></span> 
     </span>
    </p>
   </div>
   <div class='ocr_carea' id='block_1_5' title="bbox 359 976 1858 1653">
    <p class='ocr_par' dir='ltr' id='par_1_6' title="bbox 359 976 1858 1653">
     <span class='ocr_line' id='line_1_11' title="bbox 359 976 1844 1032; baseline 0.002 -16"><span class='ocrx_word' id='word_1_60' title='bbox 359 976 423 1016; x_wconf 90' lang='lat' dir='ltr'>ita</span> <span class='ocrx_word' id='word_1_61' title='bbox 463 976 728 1017; x_wconf 83' lang='lat' dir='ltr'>describitur</span> <span class='ocrx_word' id='word_1_62' title='bbox 767 977 1023 1018; x_wconf 83' lang='lat' dir='ltr'>devastatio</span> <span class='ocrx_word' id='word_1_63' title='bbox 1064 979 1208 1018; x_wconf 89' lang='lat' dir='ltr'>omnis</span> <span class='ocrx_word' id='word_1_64' title='bbox 1249 979 1340 1019; x_wconf 84' lang='lat' dir='ltr'>veri</span> <span class='ocrx_word' id='word_1_65' title='bbox 1382 978 1501 1032; x_wconf 92' lang='lat' dir='ltr'>quod</span> <span class='ocrx_word' id='word_1_66' title='bbox 1547 978 1633 1018; x_wconf 88' lang='lat' dir='ltr'>illis</span> <span class='ocrx_word' id='word_1_67' title='bbox 1673 977 1746 1032; x_wconf 90' lang='lat' dir='ltr'>qui</span> <span class='ocrx_word' id='word_1_68' title='bbox 1785 977 1844 1020; x_wconf 86' lang='lat' dir='ltr'>ab</span> 
     </span>
     <span class='ocr_line' id='line_1_12' title="bbox 360 1038 1844 1094; baseline 0.002 -16"><span class='ocrx_word' id='word_1_69' title='bbox 360 1038 578 1089; x_wconf 90' lang='lat' dir='ltr'>ecclesia;</span> <span class='ocrx_word' id='word_1_70' title='bbox 619 1053 696 1091; x_wconf 92' lang='lat' dir='ltr'>per</span> <span class='ocrx_word' id='word_1_71' title='bbox 725 1038 1061 1081; x_wconf 64' lang='lat' dir='ltr'>“sanctuarium</span> <span class='ocrx_word' id='word_1_72' title='bbox 1074 1041 1093 1055; x_wconf 90' lang='lat'>&#39;’</span> <span class='ocrx_word' id='word_1_73' title='bbox 1119 1041 1237 1093; x_wconf 91' lang='lat' dir='ltr'>quod</span> <span class='ocrx_word' id='word_1_74' title='bbox 1270 1041 1536 1094; x_wconf 84' lang='lat' dir='ltr'>profanabit,</span> <span class='ocrx_word' id='word_1_75' title='bbox 1566 1040 1844 1093; x_wconf 85' lang='lat' dir='ltr'>significatur</span> 
     </span>
     <span class='ocr_line' id='line_1_13' title="bbox 361 1099 1841 1156; baseline 0.002 -16"><span class='ocrx_word' id='word_1_76' title='bbox 361 1099 562 1141; x_wconf 90' lang='lat' dir='ltr'>Verbum</span> <span class='ocrx_word' id='word_1_77' title='bbox 586 1115 644 1141; x_wconf 85' lang='lat' dir='ltr'>ex</span> <span class='ocrx_word' id='word_1_78' title='bbox 668 1115 755 1154; x_wconf 91' lang='lat' dir='ltr'>quo</span> <span class='ocrx_word' id='word_1_79' title='bbox 778 1102 983 1150; x_wconf 90' lang='lat' dir='ltr'>ecclesia,</span> <span class='ocrx_word' id='word_1_80' title='bbox 1005 1102 1089 1143; x_wconf 93' lang='lat' dir='ltr'>hoc</span> <span class='ocrx_word' id='word_1_81' title='bbox 1114 1104 1232 1143; x_wconf 90' lang='lat' dir='ltr'>enim</span> <span class='ocrx_word' id='word_1_82' title='bbox 1256 1109 1325 1143; x_wconf 91' lang='lat' dir='ltr'>est</span> <span class='ocrx_word' id='word_1_83' title='bbox 1348 1104 1491 1156; x_wconf 89' lang='lat' dir='ltr'>ipsum</span> <span class='ocrx_word' id='word_1_84' title='bbox 1515 1101 1841 1151; x_wconf 71' lang='lat' dir='ltr'>San&amp;uarium‚</span> 
     </span>
     <span class='ocr_line' id='line_1_14' title="bbox 360 1163 1843 1218; baseline 0.002 -16"><span class='ocrx_word' id='word_1_85' title='bbox 360 1163 461 1215; x_wconf 90' lang='lat' dir='ltr'>quia</span> <span class='ocrx_word' id='word_1_86' title='bbox 493 1169 562 1204; x_wconf 88' lang='lat' dir='ltr'>est</span> <span class='ocrx_word' id='word_1_87' title='bbox 596 1163 807 1204; x_wconf 89' lang='lat' dir='ltr'>Divinum</span> <span class='ocrx_word' id='word_1_88' title='bbox 841 1164 1037 1215; x_wconf 82' lang='lat' dir='ltr'>Verum3</span> <span class='ocrx_word' id='word_1_89' title='bbox 1070 1179 1130 1206; x_wconf 85' lang='lat' dir='ltr'>ex</span> <span class='ocrx_word' id='word_1_90' title='bbox 1163 1166 1369 1218; x_wconf 90' lang='lat' dir='ltr'>potentia</span> <span class='ocrx_word' id='word_1_91' title='bbox 1407 1164 1499 1217; x_wconf 91' lang='lat' dir='ltr'>ejus</span> <span class='ocrx_word' id='word_1_92' title='bbox 1532 1172 1692 1205; x_wconf 87' lang='lat' dir='ltr'>contra</span> <span class='ocrx_word' id='word_1_93' title='bbox 1729 1164 1843 1205; x_wconf 85' lang='lat' dir='ltr'>falsa</span> 
     </span>
     <span class='ocr_line' id='line_1_15' title="bbox 361 1225 1841 1280; baseline 0.001 -15"><span class='ocrx_word' id='word_1_94' title='bbox 361 1231 407 1266; x_wconf 88' lang='lat' dir='ltr'>et</span> <span class='ocrx_word' id='word_1_95' title='bbox 434 1225 552 1265; x_wconf 86' lang='lat' dir='ltr'>mala</span> <span class='ocrx_word' id='word_1_96' title='bbox 578 1240 690 1279; x_wconf 89' lang='lat' dir='ltr'>quae</span> <span class='ocrx_word' id='word_1_97' title='bbox 717 1227 773 1266; x_wconf 90' lang='lat' dir='ltr'>ab</span> <span class='ocrx_word' id='word_1_98' title='bbox 805 1227 990 1275; x_wconf 86' lang='lat' dir='ltr'>inferno,</span> <span class='ocrx_word' id='word_1_99' title='bbox 1018 1234 1207 1268; x_wconf 87' lang='lat' dir='ltr'>vocatur</span> <span class='ocrx_word' id='word_1_100' title='bbox 1232 1228 1274 1267; x_wconf 92' lang='lat' dir='ltr'>id</span> <span class='ocrx_word' id='word_1_101' title='bbox 1305 1227 1680 1280; x_wconf 89' lang='lat' dir='ltr'>“magnificentia</span> <span class='ocrx_word' id='word_1_102' title='bbox 1708 1226 1841 1267; x_wconf 87' lang='lat' dir='ltr'>robo-</span> 
     </span>
     <span class='ocr_line' id='line_1_16' title="bbox 360 1288 1858 1343; baseline 0.002 -16"><span class='ocrx_word' id='word_1_103' title='bbox 360 1288 447 1328; x_wconf 91' lang='lat' dir='ltr'>ris&#39;&#39;</span> <span class='ocrx_word' id='word_1_104' title='bbox 463 1288 688 1340; x_wconf 89' lang='lat' dir='ltr'>Jehovae;</span> <span class='ocrx_word' id='word_1_105' title='bbox 722 1303 780 1330; x_wconf 83' lang='lat' dir='ltr'>ex</span> <span class='ocrx_word' id='word_1_106' title='bbox 803 1289 1108 1343; x_wconf 85' lang='lat' dir='ltr'>intelligentia</span> <span class='ocrx_word' id='word_1_107' title='bbox 1130 1297 1175 1330; x_wconf 93' lang='lat' dir='ltr'>et</span> <span class='ocrx_word' id='word_1_108' title='bbox 1194 1291 1287 1330; x_wconf 89' lang='lat' dir='ltr'>vita</span> <span class='ocrx_word' id='word_1_109' title='bbox 1310 1289 1497 1330; x_wconf 91' lang='lat' dir='ltr'>caelesti</span> <span class='ocrx_word' id='word_1_110' title='bbox 1520 1290 1637 1338; x_wconf 88' lang='lat' dir='ltr'>inde,</span> <span class='ocrx_word' id='word_1_111' title='bbox 1653 1295 1858 1330; x_wconf 82' lang='lat' dir='ltr'>vocatur-</span> 
     </span>
     <span class='ocr_line' id='line_1_17' title="bbox 364 1351 1843 1404; baseline 0.001 -14"><span class='ocrx_word' id='word_1_112' title='bbox 364 1351 667 1391; x_wconf 85' lang='lat' dir='ltr'>“desiderium</span> <span class='ocrx_word' id='word_1_113' title='bbox 704 1351 934 1392; x_wconf 89' lang='lat' dir='ltr'>oculorum</span> <span class='ocrx_word' id='word_1_114' title='bbox 966 1358 1234 1400; x_wconf 88' lang='lat' dir='ltr'>vestrorum,</span> <span class='ocrx_word' id='word_1_115' title='bbox 1269 1358 1314 1392; x_wconf 92' lang='lat' dir='ltr'>et</span> <span class='ocrx_word' id='word_1_116' title='bbox 1353 1351 1636 1404; x_wconf 87' lang='lat' dir='ltr'>indulgentia</span> <span class='ocrx_word' id='word_1_117' title='bbox 1666 1351 1843 1392; x_wconf 84' lang='lat' dir='ltr'>animae</span> 
     </span>
     <span class='ocr_line' id='line_1_18' title="bbox 360 1413 1844 1468; baseline 0.001 -16"><span class='ocrx_word' id='word_1_118' title='bbox 360 1420 536 1453; x_wconf 87' lang='lat' dir='ltr'>vestrae</span> <span class='ocrx_word' id='word_1_119' title='bbox 554 1413 588 1453; x_wconf 90' lang='lat'>:”</span> <span class='ocrx_word' id='word_1_120' title='bbox 614 1415 733 1467; x_wconf 90' lang='lat' dir='ltr'>quod</span> <span class='ocrx_word' id='word_1_121' title='bbox 758 1415 907 1454; x_wconf 89' lang='lat' dir='ltr'>omnia</span> <span class='ocrx_word' id='word_1_122' title='bbox 925 1429 1031 1455; x_wconf 85' lang='lat' dir='ltr'>vera</span> <span class='ocrx_word' id='word_1_123' title='bbox 1054 1428 1155 1455; x_wconf 90' lang='lat' dir='ltr'>cum</span> <span class='ocrx_word' id='word_1_124' title='bbox 1175 1413 1410 1455; x_wconf 61' lang='lat' dir='ltr'>affectione</span> <span class='ocrx_word' id='word_1_125' title='bbox 1433 1414 1610 1454; x_wconf 90' lang='lat' dir='ltr'>illorum</span> <span class='ocrx_word' id='word_1_126' title='bbox 1634 1427 1712 1468; x_wconf 89' lang='lat' dir='ltr'>per</span> <span class='ocrx_word' id='word_1_127' title='bbox 1731 1413 1844 1454; x_wconf 86' lang='lat' dir='ltr'>salsa</span> 
     </span>
     <span class='ocr_line' id='line_1_19' title="bbox 360 1475 1844 1530; baseline 0.001 -15"><span class='ocrx_word' id='word_1_128' title='bbox 360 1476 554 1527; x_wconf 89' lang='lat' dir='ltr'>peritura</span> <span class='ocrx_word' id='word_1_129' title='bbox 591 1477 695 1524; x_wconf 81' lang='lat' dir='ltr'>sint,</span> <span class='ocrx_word' id='word_1_130' title='bbox 730 1476 1005 1529; x_wconf 87' lang='lat' dir='ltr'>significatur</span> <span class='ocrx_word' id='word_1_131' title='bbox 1042 1491 1120 1529; x_wconf 90' lang='lat' dir='ltr'>per</span> <span class='ocrx_word' id='word_1_132' title='bbox 1156 1477 1275 1530; x_wconf 90' lang='lat' dir='ltr'>quod</span> <span class='ocrx_word' id='word_1_133' title='bbox 1318 1476 1431 1516; x_wconf 87' lang='lat' dir='ltr'>“filii</span> <span class='ocrx_word' id='word_1_134' title='bbox 1468 1477 1606 1517; x_wconf 91' lang='lat' dir='ltr'>vestri</span> <span class='ocrx_word' id='word_1_135' title='bbox 1644 1483 1689 1517; x_wconf 90' lang='lat' dir='ltr'>et</span> <span class='ocrx_word' id='word_1_136' title='bbox 1727 1475 1844 1516; x_wconf 86' lang='lat' dir='ltr'>filiae</span> 
     </span>
     <span class='ocr_line' id='line_1_20' title="bbox 362 1537 1843 1591; baseline 0.001 -14"><span class='ocrx_word' id='word_1_137' title='bbox 362 1544 538 1578; x_wconf 90' lang='lat' dir='ltr'>vestrae</span> <span class='ocrx_word' id='word_1_138' title='bbox 553 1538 705 1591; x_wconf 88' lang='lat' dir='ltr'>gladio</span> <span class='ocrx_word' id='word_1_139' title='bbox 724 1539 889 1580; x_wconf 89' lang='lat' dir='ltr'>cadent</span> <span class='ocrx_word' id='word_1_140' title='bbox 909 1539 942 1589; x_wconf 91' lang='lat'>;”</span> <span class='ocrx_word' id='word_1_141' title='bbox 968 1543 992 1559; x_wconf 81' lang='lat'>‘⁴</span> <span class='ocrx_word' id='word_1_142' title='bbox 1006 1539 1082 1579; x_wconf 87' lang='lat' dir='ltr'>filii</span> <span class='ocrx_word' id='word_1_143' title='bbox 1095 1539 1113 1554; x_wconf 90' lang='lat'>’‘</span> <span class='ocrx_word' id='word_1_144' title='bbox 1128 1546 1231 1580; x_wconf 90' lang='lat' dir='ltr'>sunt</span> <span class='ocrx_word' id='word_1_145' title='bbox 1246 1553 1364 1586; x_wconf 87' lang='lat' dir='ltr'>vera,</span> <span class='ocrx_word' id='word_1_146' title='bbox 1382 1543 1407 1559; x_wconf 87' lang='lat'><strong>“</strong></span> <span class='ocrx_word' id='word_1_147' title='bbox 1421 1538 1568 1580; x_wconf 85' lang='lat' dir='ltr'>filiae”</span> <span class='ocrx_word' id='word_1_148' title='bbox 1582 1537 1843 1580; x_wconf 71' lang='lat' dir='ltr'>affefflones</span> 
     </span>
     <span class='ocr_line' id='line_1_21' title="bbox 360 1601 1448 1653; baseline 0.001 -13"><span class='ocrx_word' id='word_1_149' title='bbox 360 1601 464 1646; x_wconf 87' lang='lat' dir='ltr'>veri,</span> <span class='ocrx_word' id='word_1_150' title='bbox 489 1607 534 1641; x_wconf 89' lang='lat' dir='ltr'>et</span> <span class='ocrx_word' id='word_1_151' title='bbox 560 1601 774 1653; x_wconf 89' lang='lat' dir='ltr'>“gladius</span> <span class='ocrx_word' id='word_1_152' title='bbox 787 1601 805 1616; x_wconf 88' lang='lat'>’&#39;</span> <span class='ocrx_word' id='word_1_153' title='bbox 831 1601 990 1642; x_wconf 88' lang='lat' dir='ltr'>falsum</span> <span class='ocrx_word' id='word_1_154' title='bbox 1017 1602 1255 1642; x_wconf 85' lang='lat' dir='ltr'>destruens</span> <span class='ocrx_word' id='word_1_155' title='bbox 1281 1614 1448 1643; x_wconf 89' lang='lat' dir='ltr'>verum.</span> 
     </span>
    </p>
   </div>
   <div class='ocr_carea' id='block_1_6' title="bbox 442 1667 895 1721">
    <p class='ocr_par' dir='ltr' id='par_1_7' title="bbox 442 1667 895 1721">
     <span class='ocr_line' id='line_1_22' title="bbox 442 1667 895 1721; baseline -0.002 -11"><span class='ocrx_word' id='word_1_156' title='bbox 442 1667 521 1721; x_wconf 81' lang='lat' dir='ltr'>[e.]</span> <span class='ocrx_word' id='word_1_157' title='bbox 565 1669 705 1721; x_wconf 89' lang='lat' dir='ltr'>Apud</span> <span class='ocrx_word' id='word_1_158' title='bbox 725 1669 895 1717; x_wconf 70' lang='lat' dir='ltr'>flffosen,</span> 
     </span>
    </p>
   </div>
   <div class='ocr_carea' id='block_1_7' title="bbox 426 1755 1844 1883">
    <p class='ocr_par' dir='ltr' id='par_1_8' title="bbox 426 1755 1844 1883">
     <span class='ocr_line' id='line_1_23' title="bbox 426 1755 1844 1796; baseline 0.001 -10"><span class='ocrx_word' id='word_1_159' title='bbox 426 1755 543 1786; x_wconf 83' lang='lat' dir='ltr'>“Cum</span> <span class='ocrx_word' id='word_1_160' title='bbox 576 1757 807 1787; x_wconf 83' lang='lat' dir='ltr'>hereditatem</span> <span class='ocrx_word' id='word_1_161' title='bbox 843 1756 942 1788; x_wconf 90' lang='lat' dir='ltr'>daret</span> <span class='ocrx_word' id='word_1_162' title='bbox 974 1756 1179 1788; x_wconf 85' lang='lat' dir='ltr'>Altissimus</span> <span class='ocrx_word' id='word_1_163' title='bbox 1217 1757 1393 1796; x_wconf 85' lang='lat' dir='ltr'>gentibus,</span> <span class='ocrx_word' id='word_1_164' title='bbox 1425 1765 1503 1787; x_wconf 91' lang='lat' dir='ltr'>cum</span> <span class='ocrx_word' id='word_1_165' title='bbox 1539 1761 1719 1796; x_wconf 86' lang='lat' dir='ltr'>separaret</span> <span class='ocrx_word' id='word_1_166' title='bbox 1753 1756 1844 1788; x_wconf 80' lang='lat' dir='ltr'>filios</span> 
     </span>
     <span class='ocr_line' id='line_1_24' title="bbox 532 1799 1843 1840; baseline 0.002 -11"><span class='ocrx_word' id='word_1_167' title='bbox 532 1800 697 1836; x_wconf 84' lang='lat' dir='ltr'>hominis,</span> <span class='ocrx_word' id='word_1_168' title='bbox 719 1800 902 1830; x_wconf 88' lang='lat' dir='ltr'>constituit</span> <span class='ocrx_word' id='word_1_169' title='bbox 926 1800 1097 1831; x_wconf 90' lang='lat' dir='ltr'>terminos</span> <span class='ocrx_word' id='word_1_170' title='bbox 1122 1800 1334 1840; x_wconf 91' lang='lat' dir='ltr'>populorum</span> <span class='ocrx_word' id='word_1_171' title='bbox 1358 1799 1458 1840; x_wconf 84' lang='lat' dir='ltr'>juxta</span> <span class='ocrx_word' id='word_1_172' title='bbox 1478 1809 1664 1834; x_wconf 83' lang='lat' dir='ltr'>numerum</span> <span class='ocrx_word' id='word_1_173' title='bbox 1690 1799 1843 1831; x_wconf 88' lang='lat' dir='ltr'>filiorum</span> 
     </span>
     <span class='ocr_line' id='line_1_25' title="bbox 534 1842 1050 1883; baseline 0.002 -10"><span class='ocrx_word' id='word_1_174' title='bbox 534 1842 674 1873; x_wconf 88' lang='lat' dir='ltr'>Israelis</span> <span class='ocrx_word' id='word_1_175' title='bbox 689 1843 705 1854; x_wconf 73' lang='lat'>&#39;³</span> <span class='ocrx_word' id='word_1_176' title='bbox 723 1843 857 1882; x_wconf 82' lang='lat' dir='ltr'>(Deutr.</span> <span class='ocrx_word' id='word_1_177' title='bbox 876 1844 980 1874; x_wconf 85' lang='lat' dir='ltr'>xxxii.</span> <span class='ocrx_word' id='word_1_178' title='bbox 1000 1843 1050 1883; x_wconf 90' lang='lat'>8):</span> 
     </span>
    </p>
   </div>
   <div class='ocr_carea' id='block_1_8' title="bbox 358 1929 1859 2617">
    <p class='ocr_par' dir='ltr' id='par_1_9' title="bbox 358 1929 1859 2617">
     <span class='ocr_line' id='line_1_26' title="bbox 359 1929 1859 1983; baseline 0.001 -13"><span class='ocrx_word' id='word_1_179' title='bbox 359 1930 470 1970; x_wconf 89' lang='lat' dir='ltr'>haec</span> <span class='ocrx_word' id='word_1_180' title='bbox 494 1930 550 1970; x_wconf 93' lang='lat' dir='ltr'>de</span> <span class='ocrx_word' id='word_1_181' title='bbox 572 1929 786 1983; x_wconf 88' lang='lat' dir='ltr'>Antiquis</span> <span class='ocrx_word' id='word_1_182' title='bbox 809 1930 1039 1980; x_wconf 87' lang='lat' dir='ltr'>Ecclesiis,</span> <span class='ocrx_word' id='word_1_183' title='bbox 1061 1944 1174 1983; x_wconf 89' lang='lat' dir='ltr'>quae</span> <span class='ocrx_word' id='word_1_184' title='bbox 1198 1937 1306 1971; x_wconf 89' lang='lat' dir='ltr'>ante</span> <span class='ocrx_word' id='word_1_185' title='bbox 1330 1930 1627 1971; x_wconf 87' lang='lat' dir='ltr'>Israeliticam</span> <span class='ocrx_word' id='word_1_186' title='bbox 1650 1930 1859 1980; x_wconf 83' lang='lat' dir='ltr'>fuerunt,-</span> 
     </span>
     <span class='ocr_line' id='line_1_27' title="bbox 359 1991 1843 2046; baseline 0.001 -14"><span class='ocrx_word' id='word_1_187' title='bbox 359 1999 405 2033; x_wconf 91' lang='lat' dir='ltr'>et</span> <span class='ocrx_word' id='word_1_188' title='bbox 446 1992 501 2032; x_wconf 93' lang='lat' dir='ltr'>de</span> <span class='ocrx_word' id='word_1_189' title='bbox 542 2006 692 2033; x_wconf 90' lang='lat' dir='ltr'>earum</span> <span class='ocrx_word' id='word_1_190' title='bbox 733 1993 1062 2033; x_wconf 89' lang='lat' dir='ltr'>instauratione</span> <span class='ocrx_word' id='word_1_191' title='bbox 1102 2007 1127 2033; x_wconf 91' lang='lat' dir='ltr'>a</span> <span class='ocrx_word' id='word_1_192' title='bbox 1169 1993 1379 2041; x_wconf 90' lang='lat' dir='ltr'>Domino,</span> <span class='ocrx_word' id='word_1_193' title='bbox 1422 1991 1540 2033; x_wconf 64' lang='lat' dir='ltr'>dicta</span> <span class='ocrx_word' id='word_1_194' title='bbox 1580 1999 1685 2034; x_wconf 90' lang='lat' dir='ltr'>sunt</span> <span class='ocrx_word' id='word_1_195' title='bbox 1709 2007 1718 2043; x_wconf 81' lang='lat'><em>3</em></span> <span class='ocrx_word' id='word_1_196' title='bbox 1764 2007 1843 2046; x_wconf 91' lang='lat' dir='ltr'>per</span> 
     </span>
     <span class='ocr_line' id='line_1_28' title="bbox 362 2055 1844 2109; baseline 0.001 -15"><span class='ocrx_word' id='word_1_197' title='bbox 362 2055 592 2107; x_wconf 85' lang='lat' dir='ltr'>“gentes&#39;’</span> <span class='ocrx_word' id='word_1_198' title='bbox 618 2055 933 2107; x_wconf 87' lang='lat' dir='ltr'>intelliguntur</span> <span class='ocrx_word' id='word_1_199' title='bbox 958 2056 1031 2108; x_wconf 91' lang='lat' dir='ltr'>qui</span> <span class='ocrx_word' id='word_1_200' title='bbox 1062 2055 1105 2095; x_wconf 92' lang='lat' dir='ltr'>in</span> <span class='ocrx_word' id='word_1_201' title='bbox 1132 2055 1254 2095; x_wconf 91' lang='lat' dir='ltr'>bono</span> <span class='ocrx_word' id='word_1_202' title='bbox 1280 2055 1443 2095; x_wconf 88' lang='lat' dir='ltr'>amoris</span> <span class='ocrx_word' id='word_1_203' title='bbox 1469 2055 1659 2104; x_wconf 87' lang='lat' dir='ltr'>fuerunt,</span> <span class='ocrx_word' id='word_1_204' title='bbox 1687 2061 1733 2096; x_wconf 90' lang='lat' dir='ltr'>et</span> <span class='ocrx_word' id='word_1_205' title='bbox 1765 2069 1844 2109; x_wconf 89' lang='lat' dir='ltr'>per</span> 
     </span>
     <span class='ocr_line' id='line_1_29' title="bbox 362 2115 1843 2171; baseline 0.001 -15"><span class='ocrx_word' id='word_1_206' title='bbox 362 2116 512 2157; x_wconf 87' lang='lat' dir='ltr'>“filios</span> <span class='ocrx_word' id='word_1_207' title='bbox 540 2117 764 2157; x_wconf 89' lang='lat' dir='ltr'>hominis&#39;&#39;</span> <span class='ocrx_word' id='word_1_208' title='bbox 786 2118 858 2170; x_wconf 91' lang='lat' dir='ltr'>qui</span> <span class='ocrx_word' id='word_1_209' title='bbox 884 2118 927 2157; x_wconf 92' lang='lat' dir='ltr'>in</span> <span class='ocrx_word' id='word_1_210' title='bbox 954 2118 1069 2157; x_wconf 88' lang='lat' dir='ltr'>veris</span> <span class='ocrx_word' id='word_1_211' title='bbox 1096 2115 1327 2157; x_wconf 64' lang='lat' dir='ltr'>doetrinae</span> <span class='ocrx_word' id='word_1_212' title='bbox 1354 2131 1413 2157; x_wconf 88' lang='lat' dir='ltr'>ex</span> <span class='ocrx_word' id='word_1_213' title='bbox 1440 2116 1520 2157; x_wconf 90' lang='lat' dir='ltr'>illo</span> <span class='ocrx_word' id='word_1_214' title='bbox 1542 2117 1688 2168; x_wconf 88' lang='lat' dir='ltr'>bono;</span> <span class='ocrx_word' id='word_1_215' title='bbox 1721 2118 1843 2171; x_wconf 93' lang='lat' dir='ltr'>quod</span> 
     </span>
     <span class='ocr_line' id='line_1_30' title="bbox 359 2178 1843 2232; baseline 0.002 -14"><span class='ocrx_word' id='word_1_216' title='bbox 359 2178 444 2219; x_wconf 91' lang='lat' dir='ltr'>illis</span> <span class='ocrx_word' id='word_1_217' title='bbox 463 2180 612 2219; x_wconf 88' lang='lat' dir='ltr'>omnia</span> <span class='ocrx_word' id='word_1_218' title='bbox 630 2193 734 2220; x_wconf 88' lang='lat' dir='ltr'>vera</span> <span class='ocrx_word' id='word_1_219' title='bbox 757 2185 802 2219; x_wconf 91' lang='lat' dir='ltr'>et</span> <span class='ocrx_word' id='word_1_220' title='bbox 822 2180 941 2219; x_wconf 92' lang='lat' dir='ltr'>bona</span> <span class='ocrx_word' id='word_1_221' title='bbox 962 2179 1138 2226; x_wconf 89' lang='lat' dir='ltr'>fuerint,</span> <span class='ocrx_word' id='word_1_222' title='bbox 1159 2178 1440 2231; x_wconf 85' lang='lat' dir='ltr'>significatur</span> <span class='ocrx_word' id='word_1_223' title='bbox 1460 2193 1537 2232; x_wconf 89' lang='lat' dir='ltr'>per</span> <span class='ocrx_word' id='word_1_224' title='bbox 1556 2178 1843 2221; x_wconf 87' lang='lat' dir='ltr'>“Constituit</span> 
     </span>
     <span class='ocr_line' id='line_1_31' title="bbox 360 2240 1844 2294; baseline 0.001 -13"><span class='ocrx_word' id='word_1_225' title='bbox 360 2242 576 2282; x_wconf 88' lang='lat' dir='ltr'>terminos</span> <span class='ocrx_word' id='word_1_226' title='bbox 617 2241 883 2294; x_wconf 90' lang='lat' dir='ltr'>populorum</span> <span class='ocrx_word' id='word_1_227' title='bbox 924 2241 1058 2293; x_wconf 84' lang='lat' dir='ltr'>juxta</span> <span class='ocrx_word' id='word_1_228' title='bbox 1099 2255 1333 2281; x_wconf 89' lang='lat' dir='ltr'>numerum</span> <span class='ocrx_word' id='word_1_229' title='bbox 1373 2240 1564 2281; x_wconf 89' lang='lat' dir='ltr'>filiorum</span> <span class='ocrx_word' id='word_1_230' title='bbox 1611 2241 1790 2283; x_wconf 88' lang='lat' dir='ltr'>Israelis</span> <span class='ocrx_word' id='word_1_231' title='bbox 1809 2241 1844 2294; x_wconf 88' lang='lat'>;’&#39;</span> 
     </span>
     <span class='ocr_line' id='line_1_32' title="bbox 359 2304 1844 2357; baseline 0.001 -13"><span class='ocrx_word' id='word_1_232' title='bbox 359 2305 478 2357; x_wconf 91' lang='lat' dir='ltr'>quod</span> <span class='ocrx_word' id='word_1_233' title='bbox 522 2305 800 2344; x_wconf 90' lang='lat' dir='ltr'>“duodecim</span> <span class='ocrx_word' id='word_1_234' title='bbox 847 2304 921 2344; x_wconf 90' lang='lat' dir='ltr'>filii</span> <span class='ocrx_word' id='word_1_235' title='bbox 968 2304 1184 2352; x_wconf 79' lang='lat' dir='ltr'>Israelis,‘’</span> <span class='ocrx_word' id='word_1_236' title='bbox 1223 2318 1300 2344; x_wconf 92' lang='lat' dir='ltr'>seu</span> <span class='ocrx_word' id='word_1_237' title='bbox 1345 2304 1619 2344; x_wconf 91' lang='lat' dir='ltr'>“duodecim</span> <span class='ocrx_word' id='word_1_238' title='bbox 1663 2304 1844 2354; x_wconf 87' lang='lat' dir='ltr'>tribus,”</span> 
     </span>
     <span class='ocr_line' id='line_1_33' title="bbox 359 2366 1842 2420; baseline 0.001 -13"><span class='ocrx_word' id='word_1_239' title='bbox 359 2368 798 2420; x_wconf 87' lang='lat' dir='ltr'>repraesentaverint</span> <span class='ocrx_word' id='word_1_240' title='bbox 831 2373 877 2407; x_wconf 94' lang='lat' dir='ltr'>et</span> <span class='ocrx_word' id='word_1_241' title='bbox 909 2367 1013 2407; x_wconf 92' lang='lat' dir='ltr'>inde</span> <span class='ocrx_word' id='word_1_242' title='bbox 1047 2366 1398 2419; x_wconf 87' lang='lat' dir='ltr'>significaverint</span> <span class='ocrx_word' id='word_1_243' title='bbox 1429 2366 1668 2407; x_wconf 89' lang='lat' dir='ltr'>ecclesiam</span> <span class='ocrx_word' id='word_1_244' title='bbox 1694 2367 1842 2420; x_wconf 89' lang='lat' dir='ltr'>quoad</span> 
     </span>
     <span class='ocr_line' id='line_1_34' title="bbox 360 2427 1842 2481; baseline 0 -13"><span class='ocrx_word' id='word_1_245' title='bbox 360 2428 511 2468; x_wconf 90' lang='lat' dir='ltr'>omnia</span> <span class='ocrx_word' id='word_1_246' title='bbox 531 2441 638 2468; x_wconf 84' lang='lat' dir='ltr'>vera</span> <span class='ocrx_word' id='word_1_247' title='bbox 659 2434 705 2467; x_wconf 88' lang='lat' dir='ltr'>et</span> <span class='ocrx_word' id='word_1_248' title='bbox 727 2428 861 2475; x_wconf 88' lang='lat' dir='ltr'>bona,</span> <span class='ocrx_word' id='word_1_249' title='bbox 886 2427 1095 2468; x_wconf 88' lang='lat' dir='ltr'>videatur</span> <span class='ocrx_word' id='word_1_250' title='bbox 1117 2441 1251 2480; x_wconf 90' lang='lat' dir='ltr'>supra</span> <span class='ocrx_word' id='word_1_251' title='bbox 1274 2438 1318 2476; x_wconf 88' lang='lat' dir='ltr'>(n.</span> <span class='ocrx_word' id='word_1_252' title='bbox 1339 2438 1402 2479; x_wconf 85' lang='lat'>39,</span> <span class='ocrx_word' id='word_1_253' title='bbox 1418 2437 1514 2478; x_wconf 87' lang='lat'>430,</span> <span class='ocrx_word' id='word_1_254' title='bbox 1530 2427 1642 2479; x_wconf 85' lang='lat'><strong>657).</strong></span> <span class='ocrx_word' id='word_1_255' title='bbox 1701 2428 1842 2481; x_wconf 91' lang='lat' dir='ltr'>Apud</span> 
     </span>
     <span class='ocr_line' id='line_1_35' title="bbox 358 2489 1830 2537; baseline 0.001 -9"><span class='ocrx_word' id='word_1_256' title='bbox 358 2489 619 2537; x_wconf 80' lang='lat' dir='ltr'>Jeremz&#39;am,</span> <span class='ocrx_word' id='word_1_257' title='bbox 1828 2516 1830 2518; x_wconf 38' lang='lat' dir='ltr'>v</span> 
     </span>
     <span class='ocr_line' id='line_1_36' title="bbox 428 2576 1844 2617; baseline 0 -9"><span class='ocrx_word' id='word_1_258' title='bbox 428 2577 576 2608; x_wconf 86' lang='lat' dir='ltr'>“Pudor</span> <span class='ocrx_word' id='word_1_259' title='bbox 599 2577 751 2607; x_wconf 89' lang='lat' dir='ltr'>comedit</span> <span class='ocrx_word' id='word_1_260' title='bbox 775 2576 932 2607; x_wconf 88' lang='lat' dir='ltr'>laborem</span> <span class='ocrx_word' id='word_1_261' title='bbox 958 2582 1096 2616; x_wconf 91' lang='lat' dir='ltr'>patrum</span> <span class='ocrx_word' id='word_1_262' title='bbox 1121 2582 1324 2608; x_wconf 88' lang='lat' dir='ltr'>nostrorum</span> <span class='ocrx_word' id='word_1_263' title='bbox 1350 2587 1371 2608; x_wconf 86' lang='lat' dir='ltr'>a</span> <span class='ocrx_word' id='word_1_264' title='bbox 1394 2577 1544 2616; x_wconf 86' lang='lat' dir='ltr'>pueritia</span> <span class='ocrx_word' id='word_1_265' title='bbox 1563 2583 1694 2615; x_wconf 88' lang='lat' dir='ltr'>nostra,</span> <span class='ocrx_word' id='word_1_266' title='bbox 1715 2586 1844 2617; x_wconf 87' lang='lat' dir='ltr'>pecora</span> 
     </span>
    </p>
   </div>
   <div class='ocr_carea' id='block_1_9' title="bbox 531 2620 1842 2703">
    <p class='ocr_par' dir='ltr' id='par_1_10' title="bbox 531 2620 1842 2703">
     <span class='ocr_line' id='line_1_37' title="bbox 531 2620 1842 2660; baseline 0.001 -10"><span class='ocrx_word' id='word_1_267' title='bbox 531 2630 653 2651; x_wconf 90' lang='lat' dir='ltr'>eorum</span> <span class='ocrx_word' id='word_1_268' title='bbox 671 2627 704 2651; x_wconf 87' lang='lat' dir='ltr'>et</span> <span class='ocrx_word' id='word_1_269' title='bbox 722 2626 883 2651; x_wconf 89' lang='lat' dir='ltr'>armenta</span> <span class='ocrx_word' id='word_1_270' title='bbox 899 2629 1032 2657; x_wconf 89' lang='lat' dir='ltr'>eorum,</span> <span class='ocrx_word' id='word_1_271' title='bbox 1051 2620 1141 2650; x_wconf 90' lang='lat' dir='ltr'>filios</span> <span class='ocrx_word' id='word_1_272' title='bbox 1159 2630 1281 2650; x_wconf 90' lang='lat' dir='ltr'>eorum</span> <span class='ocrx_word' id='word_1_273' title='bbox 1302 2627 1336 2651; x_wconf 92' lang='lat' dir='ltr'>et</span> <span class='ocrx_word' id='word_1_274' title='bbox 1356 2620 1445 2651; x_wconf 87' lang='lat' dir='ltr'>filias</span> <span class='ocrx_word' id='word_1_275' title='bbox 1463 2630 1583 2651; x_wconf 89' lang='lat' dir='ltr'>eorum</span> <span class='ocrx_word' id='word_1_276' title='bbox 1599 2630 1605 2657; x_wconf 85' lang='lat'><strong>;</strong></span> <span class='ocrx_word' id='word_1_277' title='bbox 1629 2620 1788 2660; x_wconf 87' lang='lat' dir='ltr'>jacemus</span> <span class='ocrx_word' id='word_1_278' title='bbox 1805 2620 1842 2652; x_wconf 89' lang='lat' dir='ltr'>in</span> 
     </span>
     <span class='ocr_line' id='line_1_38' title="bbox 531 2663 1700 2703; baseline 0 -9"><span class='ocrx_word' id='word_1_279' title='bbox 531 2664 664 2703; x_wconf 87' lang='lat' dir='ltr'>pudore</span> <span class='ocrx_word' id='word_1_280' title='bbox 682 2670 814 2701; x_wconf 89' lang='lat' dir='ltr'>nostr0,</span> <span class='ocrx_word' id='word_1_281' title='bbox 833 2670 867 2694; x_wconf 90' lang='lat' dir='ltr'>et</span> <span class='ocrx_word' id='word_1_282' title='bbox 883 2663 997 2703; x_wconf 82' lang='lat' dir='ltr'>operit</span> <span class='ocrx_word' id='word_1_283' title='bbox 1014 2673 1079 2694; x_wconf 88' lang='lat' dir='ltr'>nos</span> <span class='ocrx_word' id='word_1_284' title='bbox 1098 2663 1295 2703; x_wconf 88' lang='lat' dir='ltr'>ignominia</span> <span class='ocrx_word' id='word_1_285' title='bbox 1312 2663 1460 2694; x_wconf 87' lang='lat' dir='ltr'>nostra&#39;&#39;</span> <span class='ocrx_word' id='word_1_286' title='bbox 1478 2663 1537 2703; x_wconf 84' lang='lat' dir='ltr'>(iii.</span> <span class='ocrx_word' id='word_1_287' title='bbox 1557 2671 1606 2701; x_wconf 91' lang='lat'>24,</span> <span class='ocrx_word' id='word_1_288' title='bbox 1625 2663 1700 2702; x_wconf 83' lang='lat'><strong>25);</strong></span> 
     </span>
    </p>
   </div>
   <div class='ocr_carea' id='block_1_10' title="bbox 359 2739 777 2792">
    <p class='ocr_par' dir='ltr' id='par_1_11' title="bbox 359 2739 777 2792">
     <span class='ocr_line' id='line_1_39' title="bbox 359 2739 777 2792; baseline -0.01 -11"><span class='ocrx_word' id='word_1_289' title='bbox 359 2746 405 2781; x_wconf 93' lang='lat' dir='ltr'>et</span> <span class='ocrx_word' id='word_1_290' title='bbox 432 2739 548 2792; x_wconf 89' lang='lat' dir='ltr'>apud</span> <span class='ocrx_word' id='word_1_291' title='bbox 571 2739 777 2786; x_wconf 90' lang='lat' dir='ltr'>eundem,</span> 
     </span>
    </p>
   </div>
   <div class='ocr_carea' id='block_1_11' title="bbox 424 2813 1840 3027">
    <p class='ocr_par' dir='ltr' id='par_1_12' title="bbox 424 2813 1840 3027">
     <span class='ocr_line' id='line_1_40' title="bbox 424 2813 1839 2854; baseline 0 -9"><span class='ocrx_word' id='word_1_292' title='bbox 424 2814 544 2846; x_wconf 84' lang='lat' dir='ltr'>“Ecce</span> <span class='ocrx_word' id='word_1_293' title='bbox 572 2813 648 2853; x_wconf 88' lang='lat' dir='ltr'>Ego</span> <span class='ocrx_word' id='word_1_294' title='bbox 673 2813 851 2844; x_wconf 88' lang='lat' dir='ltr'>adducens</span> <span class='ocrx_word' id='word_1_295' title='bbox 876 2823 982 2852; x_wconf 89' lang='lat' dir='ltr'>super</span> <span class='ocrx_word' id='word_1_296' title='bbox 1005 2823 1069 2844; x_wconf 83' lang='lat' dir='ltr'>vos</span> <span class='ocrx_word' id='word_1_297' title='bbox 1093 2819 1237 2853; x_wconf 86' lang='lat' dir='ltr'>gentem</span> <span class='ocrx_word' id='word_1_298' title='bbox 1262 2823 1280 2844; x_wconf 91' lang='lat' dir='ltr'>e</span> <span class='ocrx_word' id='word_1_299' title='bbox 1304 2814 1509 2854; x_wconf 85' lang='lat' dir='ltr'>longinquo,</span> <span class='ocrx_word' id='word_1_300' title='bbox 1534 2814 1660 2844; x_wconf 90' lang='lat' dir='ltr'>domus</span> <span class='ocrx_word' id='word_1_301' title='bbox 1686 2813 1839 2852; x_wconf 80' lang='lat' dir='ltr'>Israelis,</span> 
     </span>
     <span class='ocr_line' id='line_1_41' title="bbox 603 2857 1837 2897; baseline -0.001 -9.051"><span class='ocrx_word' id='word_1_302' title='bbox 603 2867 705 2897; x_wconf 92' lang='lat' dir='ltr'>.quae</span> <span class='ocrx_word' id='word_1_303' title='bbox 729 2857 890 2887; x_wconf 89' lang='lat' dir='ltr'>comedet</span> <span class='ocrx_word' id='word_1_304' title='bbox 914 2866 1066 2887; x_wconf 88' lang='lat' dir='ltr'>messem</span> <span class='ocrx_word' id='word_1_305' title='bbox 1091 2863 1197 2895; x_wconf 85' lang='lat' dir='ltr'>tuam,</span> <span class='ocrx_word' id='word_1_306' title='bbox 1222 2863 1257 2887; x_wconf 88' lang='lat' dir='ltr'>et</span> <span class='ocrx_word' id='word_1_307' title='bbox 1281 2866 1408 2896; x_wconf 87' lang='lat' dir='ltr'>panem</span> <span class='ocrx_word' id='word_1_308' title='bbox 1434 2862 1542 2894; x_wconf 87' lang='lat' dir='ltr'>tuum,</span> <span class='ocrx_word' id='word_1_309' title='bbox 1563 2857 1724 2887; x_wconf 88' lang='lat' dir='ltr'>comedet</span> <span class='ocrx_word' id='word_1_310' title='bbox 1747 2857 1837 2888; x_wconf 86' lang='lat' dir='ltr'>filios</span> 
     </span>
     <span class='ocr_line' id='line_1_42' title="bbox 532 2900 1840 2940; baseline -0.001 -9"><span class='ocrx_word' id='word_1_311' title='bbox 532 2907 612 2932; x_wconf 90' lang='lat' dir='ltr'>tuos</span> <span class='ocrx_word' id='word_1_312' title='bbox 625 2906 658 2931; x_wconf 86' lang='lat' dir='ltr'>et</span> <span class='ocrx_word' id='word_1_313' title='bbox 677 2900 764 2931; x_wconf 88' lang='lat' dir='ltr'>filias</span> <span class='ocrx_word' id='word_1_314' title='bbox 778 2906 867 2938; x_wconf 88' lang='lat' dir='ltr'>tuas,</span> <span class='ocrx_word' id='word_1_315' title='bbox 881 2900 1042 2931; x_wconf 88' lang='lat' dir='ltr'>comedet</span> <span class='ocrx_word' id='word_1_316' title='bbox 1058 2909 1202 2940; x_wconf 87' lang='lat' dir='ltr'>gregem</span> <span class='ocrx_word' id='word_1_317' title='bbox 1221 2906 1317 2930; x_wconf 91' lang='lat' dir='ltr'>tuum</span> <span class='ocrx_word' id='word_1_318' title='bbox 1336 2906 1370 2930; x_wconf 93' lang='lat' dir='ltr'>et</span> <span class='ocrx_word' id='word_1_319' title='bbox 1387 2906 1586 2930; x_wconf 87' lang='lat' dir='ltr'>armentum</span> <span class='ocrx_word' id='word_1_320' title='bbox 1600 2906 1708 2938; x_wconf 85' lang='lat' dir='ltr'>tuum,</span> <span class='ocrx_word' id='word_1_321' title='bbox 1722 2909 1840 2931; x_wconf 86' lang='lat' dir='ltr'>come-</span> 
     </span>
     <span class='ocr_line' id='line_1_43' title="bbox 531 2941 1838 2984; baseline 0 -9"><span class='ocrx_word' id='word_1_322' title='bbox 531 2945 590 2975; x_wconf 87' lang='lat' dir='ltr'>det</span> <span class='ocrx_word' id='word_1_323' title='bbox 602 2944 709 2974; x_wconf 86' lang='lat' dir='ltr'>vitem</span> <span class='ocrx_word' id='word_1_324' title='bbox 725 2949 820 2974; x_wconf 87' lang='lat' dir='ltr'>tuam</span> <span class='ocrx_word' id='word_1_325' title='bbox 834 2949 868 2974; x_wconf 89' lang='lat' dir='ltr'>et</span> <span class='ocrx_word' id='word_1_326' title='bbox 881 2943 984 2974; x_wconf 91' lang='lat' dir='ltr'>ficum</span> <span class='ocrx_word' id='word_1_327' title='bbox 998 2950 1103 2980; x_wconf 88' lang='lat' dir='ltr'>tuam,</span> <span class='ocrx_word' id='word_1_328' title='bbox 1118 2944 1369 2982; x_wconf 88' lang='lat' dir='ltr'>depauperabit</span> <span class='ocrx_word' id='word_1_329' title='bbox 1385 2941 1519 2984; x_wconf 83' lang='lat' dir='ltr'>[urbes]</span> <span class='ocrx_word' id='word_1_330' title='bbox 1535 2944 1838 2975; x_wconf 87' lang='lat' dir='ltr'>munimentorum</span> 
     </span>
     <span class='ocr_line' id='line_1_44' title="bbox 532 2984 1479 3027; baseline 0 -9"><span class='ocrx_word' id='word_1_331' title='bbox 532 2994 682 3025; x_wconf 87' lang='lat' dir='ltr'>tuorum,</span> <span class='ocrx_word' id='word_1_332' title='bbox 701 2986 826 3027; x_wconf 88' lang='lat' dir='ltr'>quibus</span> <span class='ocrx_word' id='word_1_333' title='bbox 844 2992 882 3018; x_wconf 87' lang='lat' dir='ltr'>tu</span> <span class='ocrx_word' id='word_1_334' title='bbox 898 2986 1055 3024; x_wconf 88' lang='lat' dir='ltr'>confidis,</span> <span class='ocrx_word' id='word_1_335' title='bbox 1073 2986 1191 3026; x_wconf 87' lang='lat' dir='ltr'>gladio</span> <span class='ocrx_word' id='word_1_336' title='bbox 1205 2985 1222 2997; x_wconf 86' lang='lat'>”</span> <span class='ocrx_word' id='word_1_337' title='bbox 1240 2985 1284 3025; x_wconf 89' lang='lat' dir='ltr'>(v.</span> <span class='ocrx_word' id='word_1_338' title='bbox 1305 2984 1388 3027; x_wconf 85' lang='lat'>[15,]</span> <span class='ocrx_word' id='word_1_339' title='bbox 1410 2986 1479 3026; x_wconf 91' lang='lat'>17):</span> 
     </span>
    </p>
   </div>
  </div>
 </body>
</html>
