2008 3458
377 377 486 419 2332
790 376 1117 410 APOCALYPSIS
1148 377 1442 410 EXPLICATA.

375 488 418 528 in
445 487 611 529 mundo
638 494 720 537 est,
745 486 947 530 [fisciatur
971 490 1090 544 quod
1116 491 1188 544 qui
1214 497 1335 532 amat
1362 503 1514 531 verum
1541 504 1599 531 ex
1626 503 1744 539 vero,
1766 488 1858 532 Ῑιοο»

375 556 456 599 est,
481 551 582 603 quia
604 565 755 591 verum
779 558 861 600 est,
886 553 920 592 is
943 553 1083 604 possit
1105 553 1253 594 videre
1276 553 1350 593 illa
1369 568 1377 604 ;
1410 560 1455 594 et
1479 567 1592 606 quae
1618 566 1707 593 non
1729 550 1854 594 videt

375 614 417 652 in
445 613 625 662 mundo,
653 614 729 654 illa
750 615 872 655 videt
899 621 1059 667 postea
1089 616 1132 656 in
1165 616 1315 664 caelo;
1354 617 1446 668 ipse
1473 629 1598 656 amor
1622 615 1713 656 veri
1742 614 1855 656 reci-

375 676 438 728 pit
462 675 606 716 lucem
630 677 754 725 caeli,
775 691 886 730 quae
904 677 1097 719 illustrat
1119 677 1411 719 intellectum.
1458 679 1696 719 Praeterea
1717 691 1854 719 unus-

376 739 557 791 quisque
581 745 733 790 potest
755 741 950 792 recipere
973 741 1250 793 cogitatione
1278 755 1328 781 ac
1356 741 1610 794 intelligere
1631 754 1737 781 vera
1758 737 1858 794 plus
1888 747 1903 749 ζ

376 814 507 853 quam
523 802 615 853 ipse
634 802 772 850 novit,
790 803 870 842 nisi
889 815 1014 843 amor
1028 804 1227 856 proprius
1245 803 1337 856 ejus
1355 804 1585 844 induceret
1602 803 1855 852 obscurum,

376 871 421 903 et
459 864 737 914 obfuscaret;
777 864 861 905 hoc
897 866 1072 918 saepius
1106 873 1323 915 testatum
1359 866 1466 906 mihi
1502 864 1668 906 factum
1709 871 1779 907 est
1809 858 1855 906 in

377 927 544 967 mundo
575 927 818 979 spirituali;
858 929 1036 980 spiritus
1068 930 1185 969 enim
1217 930 1321 969 mali
1353 936 1446 970 tam
1473 929 1587 969 bene
1610 928 1856 970 intellexe·
1914 947 1916 949 ·

376 995 478 1029 runt
504 1003 608 1029 vera
633 990 877 1042 spiritualia
903 1004 1035 1044 quam
1062 992 1175 1032 sicut
1203 992 1381 1044 spiritus
1407 991 1526 1040 boni,
1555 991 1691 1040 immo
1716 1004 1858 1044 paene
1897 1013 1905 1031 a

377 1052 490 1092 sicut
527 1052 689 1104 angeli,
725 1065 825 1093 cum
862 1051 982 1094 dicta
1018 1060 1121 1094 sunt
1163 1068 1188 1094 a
1219 1054 1440 1107 quodam;
1479 1053 1557 1094 sed
1590 1060 1637 1094 ut
1669 1053 1859 1106 primum

376 1127 526 1154 aurem
553 1122 826 1164 averterunt,
855 1122 900 1156 et
927 1130 973 1156 se
999 1117 1262 1157 remiserunt
1290 1118 1333 1156 in
1366 1123 1536 1157 statum
1568 1116 1731 1157 amoris
1753 1129 1858 1169 pro-

377 1178 469 1228 prii,
498 1177 605 1218 nihil
638 1191 815 1230 prorsus
847 1179 1183 1220 intellexerunt.
1246 1179 1355 1220 Inde
1388 1180 1533 1232 patuit
1565 1174 1684 1232 quod
1716 1178 1856 1220 cuivis

376 1241 543 1280 homini
581 1241 637 1281 sit
678 1241 866 1282 facultas
903 1242 1187 1295 intelligendi
1219 1257 1338 1291 vera,
1373 1244 1509 1283 immo
1541 1242 1720 1282 videndi
1755 1242 1858 1294 illa;
1924 1236 1926 1258 ³

377 1303 454 1343 sed
487 1304 606 1356 quod
645 1303 788 1344 solum
827 1317 953 1344 amor
984 1305 1076 1345 veri
1114 1311 1297 1357 propter
1329 1319 1434 1345 vera
1470 1305 1602 1345 faciat
1644 1311 1692 1345 ut
1722 1303 1860 1347 homo

379 1365 606 1418 intelligat
638 1366 727 1415 illa,
757 1367 799 1406 in
832 1367 999 1408 mundo
1031 1367 1323 1416 rationaliter,
1352 1374 1454 1420 post
1487 1373 1678 1408 mortem
1708 1373 1860 1408 autem

377 1429 676 1480 spiritualiter.
737 1428 825 1470 Sed
858 1442 983 1470 amor
1008 1430 1126 1482 apud
1158 1430 1398 1478 hominem,
1427 1437 1472 1470 et
1505 1430 1608 1470 inde
1633 1430 1727 1470 vita
1750 1428 1857 1483 ejus,

378 1504 466 1530 non
497 1490 546 1531 fit
576 1491 816 1544 spiritualis
849 1505 926 1544 per
951 1492 1096 1532 solum
1128 1493 1238 1532 scire
1270 1506 1320 1533 ac
1353 1492 1605 1545 intelligere
1627 1506 1748 1541 vera,
1777 1492 1860 1534 nisi

377 1553 513 1593 etiam
535 1554 644 1594 velit
671 1560 716 1594 et
743 1554 876 1594 faciat
902 1554 1007 1604 illa;
1041 1567 1160 1603 nam,
1186 1562 1233 1595 ut
1261 1555 1396 1596 modo
1419 1554 1588 1595 dictum
1614 1561 1698 1603 est,
1723 1555 1861 1596 homo

377 1616 534 1665 malus,
559 1617 627 1656 cui
649 1630 774 1657 amor
795 1617 1033 1665 infernalis,
1058 1631 1198 1670 aeque
1222 1625 1374 1670 potest
1401 1619 1511 1658 scire
1537 1625 1584 1658 et
1606 1617 1860 1672 intelligere

377 1693 481 1719 vera
512 1679 891 1732 quemadmodum
923 1680 1060 1720 homo
1090 1680 1247 1728 bonus,
1276 1681 1345 1721 cui
1376 1694 1501 1721 amor
1527 1679 1735 1721 caelestis
1760 1686 1858 1731 est3

377 1742 479 1782 inde
498 1742 603 1782 mali
621 1743 809 1783 credunt
827 1743 946 1796 quod
965 1749 1148 1796 propter
1164 1743 1446 1795 cognitiones
1465 1749 1511 1784 et
1526 1749 1709 1796 propter
1725 1741 1860 1784 intel-

378 1803 542 1844 lectum
575 1806 829 1853 veritatum,
865 1818 953 1846 non
987 1805 1122 1846 modo
1153 1807 1327 1846 venturi
1359 1807 1448 1846 sint
1481 1806 1524 1846 in
1559 1805 1747 1852 caelum,
1781 1804 1860 1846 sed

378 1869 513 1908 etiam
540 1868 671 1908 futuri
702 1869 760 1908 ibi
791 1869 908 1908 inter
933 1867 1256 1921 intelligentes,
1285 1869 1340 1908 de
1371 1869 1528 1922 quibus
1558 1868 1717 1910 dicitur
1741 1867 1861 1922 quod

380 1936 404 1951 “
419 1920 592 1972 luc'ituri
615 1933 703 1972 sint
722 1932 835 1972 sicut
855 1931 1014 1972 stellae
1032 1931 1066 1982 ;''
1091 1945 1191 1972 cum
1211 1938 1377 1979 tamen,
1398 1933 1431 1972 si
1450 1946 1567 1980 vera,
1583 1945 1697 1986 quae
1715 1931 1862 1973 sciunt

378 2007 427 2034 ac
455 1993 729 2046 intelligunt,
755 2008 843 2034 non
869 2008 1045 2047 quoque
1068 1992 1258 2034 1²]amant
1281 2008 1357 2034 seu
1380 1994 1538 2035 volunt
1569 1994 1728 2042 facere,
1756 2000 1862 2048 post

378 2063 571 2097 mortem
595 2058 712 2097 inter
738 2058 839 2097 illos
862 2058 1049 2098 veniunt
1071 2058 1145 2110 qui
1171 2058 1214 2097 in
1240 2057 1411 2097 inferno
1438 2064 1556 2106 sunt,
1583 2057 1740 2111 quibus
1765 2056 1861 2098 adi-

378 2126 561 2159 muntur
587 2121 738 2160 omnia
764 2134 880 2160 vera.
945 2119 1143 2173 Quisque
1176 2120 1297 2160 enim'
1321 2126 1423 2173 post
1450 2126 1644 2160 mortem
1675 2118 1725 2160 fit
1757 2132 1860 2160 suus

378 2195 531 2232 am0r;
570 2196 621 2222 ac
654 2183 838 2236 quisque
876 2182 925 2223 fit
964 2196 1068 2222 suus
1105 2195 1231 2222 amor
1263 2183 1306 2222 in
1349 2174 1629 2236 mundo⁴per
1665 2181 1783 2223 velle
1814 2187 1861 2223 et

377 2245 522 2285 facere
542 2245 787 2285 secundum
810 2244 901 2297 ejus
917 2244 1173 2297 intelligere
1192 2251 1238 2285 et
1260 2245 1372 2285 scire
1394 2259 1402 2294 ;
1431 2258 1556 2285 amor
1574 2245 1692 2285 enim
1714 2243 1862 2285 homi-

378 2308 445 2347 nis
477 2306 643 2348 residet
675 2308 718 2347 in
751 2307 850 2355 illis,
880 2314 925 2347 et
958 2308 1001 2347 in
1033 2320 1185 2347 amore
1212 2307 1411 2347 resident
1438 2321 1544 2347 vera
1570 2305 1859 2358 intellectum

378 2370 481 2410 inde
526 2376 654 2423 patet
699 2370 816 2410 unde
858 2371 951 2410 vita
995 2369 1165 2410 homini
1210 2376 1293 2417 est,
1338 2370 1548 2422 quoniam
1589 2382 1716 2410 arnor
1754 2369 1862 2411 facit

378 2434 518 2473 vitam
542 2432 648 2485 ejus.
703 2431 816 2472 Sunt
839 2438 931 2472 tres
954 2432 1119 2485 gradus
1137 2433 1256 2472 vitae
1280 2432 1397 2485 apud
1419 2431 1674 2483 hominem;
1701 2433 1861 2474 tertius

379 2495 545 2548 gradus
573 2502 658 2543 est,
687 2496 730 2535 in
757 2509 844 2548 quo
871 2501 974 2535 sunt
1001 2495 1151 2547 angeli
1179 2495 1290 2535 caeli
1323 2495 1469 2545 tertii;
1503 2495 1725 2535 secundus
1755 2507 1860 2548 gra-

379 2559 461 2598 dus
484 2564 567 2607 est,
585 2559 628 2598 in
652 2573 739 2612 quo
763 2565 866 2598 sunt
888 2557 1039 2611 angeli
1063 2557 1174 2598 caeli
1198 2558 1407 2607 secundi;
1441 2564 1487 2598 et
1510 2558 1674 2610 primus
1696 2558 1861 2611 gradus

380 2627 462 2669 est,
491 2621 535 2660 in
568 2635 656 2674 quo
683 2627 787 2661 sunt
811 2620 960 2673 angeli
987 2619 1099 2660 caeli
1123 2620 1249 2673 primi
1282 2633 1358 2660 seu
1386 2619 1554 2670 ultimi;
1588 2626 1657 2660 est
1684 2633 1860 2674 quoque

379 2683 544 2735 gradus
561 2683 750 2730 infimus,
768 2684 840 2736 qui
859 2689 928 2723 est
947 2696 1187 2735 corporeus
1210 2695 1260 2722 ac
1282 2681 1539 2729 materialis,
1561 2683 1634 2736 qui
1651 2689 1721 2723 est
1740 2682 1859 2735 apud

379 2747 610 2787 hominem
653 2746 758 2786 dum
795 2746 904 2786 vivit
945 2746 989 2785 in
1026 2745 1206 2785 mundo.
1284 2743 1353 2784 Illi
1395 2745 1560 2797 gradus
1602 2744 1861 2797 aperiuntur

348 2816 352 2819 ’
379 2810 497 2862 apud
525 2809 754 2849 hominem
781 2808 1024 2848 secundum
1051 2808 1356 2860 receptionem
1386 2807 1535 2846 Divini
1561 2806 1669 2846 Veri
1700 2806 1744 2846 in
1766 2806 1860 2847 vita

380 2886 473 2920 sua,
502 2885 553 2912 ac
588 2871 799 2911 Divinum
827 2870 997 2910 Verum
1029 2870 1239 2922 recipitur
1270 2870 1363 2909 vita
1400 2882 1458 2909 ex
1490 2868 1606 2909 velle
1638 2874 1684 2909 et
1714 2867 1860 2909 facere

379 2947 531 2975 verum
564 2934 811 2974 secundum
844 2933 954 2973 scire
980 2938 1027 2973 et
1053 2931 1306 2984 intelligere
1329 2931 1452 2971 illud.
1514 2931 1574 2971 Et
1601 2931 1703 2984 quia
1734 2943 1862 2971 amor

379 3003 424 3037 et
457 2997 549 3037 vita
586 2996 779 3036 hominis
812 3008 946 3036 unum
983 2995 1163 3043 faciunt,
1197 2995 1394 3047 sequitur
1426 2993 1544 3047 quod
1583 2999 1654 3034 tot
1691 2992 1858 3046 gradus

1960 1652 1971 1730 vnvm..

1985 1826 2008 1851 2:
1972 1566 2008 1820 ..affluas-..252
1973 819 2008 1558 fflm.„fflmsffi⁴ssnfflzffl
1972 787 2008 812 ἐξ
1974 745 2008 782 2³]
1980 706 2008 734 ,3
1974 504 2008 699 uesta-&za

1987 1911 2008 1951 (ζ,
1995 1854 2008 1893 21-
