2054 3464
406 379 516 420 2006
816 389 1148 441 APOCALYPSIS
1178 389 1477 423 EXPLICATA.

408 500 556 541 “filias
574 500 607 551 ;”
649 507 694 542 et
733 501 834 554 quia
871 502 1015 542 omnis
1051 502 1188 542 homo
1225 502 1488 543 reformatur
1519 507 1564 542 et
1595 507 1888 554 regeneratur

405 575 483 614 per
513 577 631 612 vera,
661 577 763 603 nam
795 564 962 617 absque
995 564 1110 604 veris
1141 564 1277 605 homo
1309 578 1397 605 non
1430 565 1512 605 scit
1544 565 1648 618 quid
1680 571 1726 605 et
1757 564 1888 618 quale

404 625 570 665 bonum
609 633 691 673 est,
726 627 788 666 ita
824 640 914 666 non
953 627 1036 667 scit
1070 627 1187 667 viam
1222 627 1280 667 ad
1313 627 1500 675 caelum,
1534 627 1636 667 inde
1668 633 1736 668 est
1768 627 1888 680 quod

403 701 569 736 verum,
590 689 732 740 primo
755 695 910 729 natum
933 703 991 729 ex
1014 689 1221 742 conjugio
1241 690 1331 730 veri
1354 696 1399 729 et
1422 690 1541 738 boni,
1562 688 1887 731 sanfflficatum

404 750 460 790 sit
485 750 707 802 Jehovae;
740 765 893 791 verum
919 752 1060 804 primo
1083 759 1237 792 natum
1264 758 1333 792 est
1356 766 1530 805 quoque
1554 750 1758 792 doctrina
1778 752 1884 802 veri,

405 825 507 852 nam
533 813 576 852 id
604 813 722 866 quod
750 814 939 865 primum
966 820 1049 863 est,
1077 814 1120 854 in
1147 814 1436 867 sequentibus
1463 821 1532 854 est
1559 827 1705 862 omne,
1730 814 1793 855 ita
1817 819 1887 855 est

404 888 536 915 omne
578 890 744 924 verum,
787 882 832 917 et
873 890 1006 917 omne
1046 890 1200 918 verum
1241 884 1310 918 est
1351 876 1566 918 doctrina.
1642 877 1709 918 At
1749 877 1887 930 probe

404 936 632 978 sciendum
659 945 727 978 est
754 939 872 992 quod
900 953 976 992 per
1001 943 1025 959 “
1041 940 1418 992 primogenitum''
1439 939 1713 992 significetur
1734 952 1887 983 verum

403 1000 522 1052 quod
549 1007 619 1040 est
646 1001 751 1041 boni
783 1002 1028 1050 charitatis,
1057 1002 1241 1054 proinde
1273 1002 1439 1042 bonum
1473 1002 1703 1043 charitatis
1733 1003 1778 1060 in
1808 1015 1888 1043 sua
1916 995 1924 997 Δ

403 1062 542 1102 forma
568 1069 613 1103 et
639 1064 683 1103 in
710 1077 789 1104 suo
813 1064 944 1117 quali,
969 1065 1033 1105 ita
1058 1078 1236 1115 verum;
1269 1077 1372 1104 nam
1395 1065 1535 1104 forma
1560 1065 1664 1105 boni
1690 1071 1736 1106 et
1758 1064 1888 1118 quale

403 1124 508 1164 boni
534 1131 603 1165 est
629 1139 807 1166 verum:
832 1127 960 1179 ‘quod
987 1127 1030 1167 id
1056 1140 1134 1180 per
1159 1127 1575 1179 “primogenitum''
1598 1126 1886 1179 significetur,

403 1194 472 1227 est
504 1188 605 1240 quia
637 1202 694 1227 ex
727 1188 847 1229 bono
879 1190 1055 1238 amoris,
1090 1190 1209 1243 quod
1241 1203 1319 1243 per
1353 1189 1596 1230 “uterum'’
1628 1196 1674 1230 et
1709 1189 1887 1230 “infan-

404 1250 527 1290 tem”
554 1250 611 1290 ibi
643 1250 931 1303 significatur,
960 1265 1050 1292 non
1077 1253 1195 1292 aliud
1227 1259 1379 1305 potest
1412 1253 1532 1292 nasci
1558 1265 1691 1305 quarn
1720 1252 1887 1293 bonum

404 1312 661 1363 charitatis;
695 1320 740 1354 et
758 1314 841 1354 hoc
866 1314 1032 1354 bonum
1059 1328 1148 1355 non
1174 1313 1223 1355 fit
1245 1314 1411 1355 bonum
1430 1315 1510 1355 nisi
1528 1314 1632 1355 dum
1650 1314 1888 1356 formatum

404 1381 449 1415 et
476 1375 778 1427 qualificatum
802 1382 885 1424 est,
910 1377 972 1416 ita
994 1377 1075 1417 nisi
1101 1378 1158 1417 sit
1184 1378 1227 1417 in
1254 1377 1406 1425 forma,
1431 1377 1475 1416 in
1497 1390 1584 1430 qua
1609 1390 1735 1417 suum
1757 1376 1888 1431 quale

404 1438 566 1488 habet;
600 1445 646 1478 et
673 1439 813 1478 forma
838 1438 929 1491 ejus
955 1446 1142 1480 vocatur
1163 1453 1330 1488 verum,
1356 1440 1435 1479 sed
1462 1453 1598 1493 usque
1626 1446 1694 1480 θεῖ
1720 1439 1887 1480 bonum

404 1501 447 1540 in
488 1500 640 1541 forma.
721 1501 794 1541 Ex
835 1500 1097 1554 supradictis
1137 1503 1272 1543 etiam
1313 1509 1520 1543 constare
1561 1508 1714 1555 potest
1753 1508 1888 1556 quare*

406 1563 668 1603 mandatum
695 1571 764 1604 θεῖ

471 1653 574 1694 Quod
599 1654 716 1684 omnis
741 1654 918 1685 masculus
943 1660 1163 1694 compareret
1187 1655 1298 1686 tribus
1322 1655 1456 1686 vicibus
1481 1655 1516 1686 in
1541 1665 1637 1686 anno
1656 1660 1738 1686 ante
1762 1654 1888 1687 faciem

581 1697 725 1728 Domini
741 1697 899 1738 Jehovae
913 1697 1033 1737 (Exod.
1048 1698 1142 1730 xxiii.
1155 1696 1230 1737 [¹117
1245 1708 1252 1737 ;
1277 1708 1350 1739 cap.
1364 1699 1481 1730 xxxiv.
1495 1705 1535 1737 23
1549 1709 1555 1731 :
1581 1699 1702 1730 Deutr.
1716 1698 1785 1730 xvi.
1797 1698 1851 1739 16)
1865 1707 1874 1737 ς

406 1805 566 1845 nempe
590 1793 632 1832 in
656 1793 795 1833 tribus
817 1793 954 1842 festis,
975 1807 1052 1846 per
1069 1807 1180 1847 quae
1199 1793 1533 1846 significabatur
1551 1806 1682 1834 omne
1700 1806 1888 1847 regene-

405 1857 588 1896 rationis
615 1870 640 1895 a
666 1856 808 1908 primo
834 1856 925 1908 ejus
952 1857 1008 1896 ad
1034 1857 1267 1907 ultimum;
1300 1863 1345 1897 et
1368 1857 1468 1909 quia
1493 1870 1626 1897 omne
1650 1870 1888 1910 regenera-

406 1919 540 1959 tionis
578 1918 626 1959 fit
663 1932 741 1970 per
771 1933 876 1959 vera
912 1918 1141 1960 doctrinae
1178 1917 1295 1959 facta
1325 1920 1443 1959 vitae
1481 1933 1506 1959 a
1543 1919 1754 1968 Domino,
1786 1919 1889 1961 ideo

409 1985 602 2021 “omnes
625 1981 847 2029 masculi‚”
866 1995 943 2034 per
960 1996 1070 2034 quos
1088 1981 1453 2034 significabantur
1471 1995 1588 2030 vera,
1608 1995 1655 2021 se
1677 1982 1888 2023 sisterent

407 2043 616 2091 Domino,
642 2050 689 2083 ut
716 2043 772 2083 ab
796 2044 899 2096 Ipso
923 2044 1165 2084 lustrentur
1187 2051 1233 2085 et
1257 2044 1358 2085 dein
1382 2044 1625 2084 ducantur:
1659 2057 1737 2096 per
1761 2047 1889 2085 “tres

406 2107 525 2146 vices
558 2107 601 2145 in
636 2105 784 2146 anno”
816 2107 952 2146 etiam
989 2106 1264 2159 significatur
1295 2106 1473 2159 jugiter,
1507 2113 1552 2147 et
1584 2120 1662 2159 per
1695 2106 1890 2147 “faciem

404 2167 633 2220 Jehovae'’
661 2168 846 2208 Divinus
873 2168 1031 2217 Amor,
1059 2183 1117 2209 ex
1150 2183 1237 2222 quo
1269 2169 1405 2213 homo
1431 2169 1634 2209 ducitur:
1677 2169 1814 2210 etiam
1845 2169 1888 2210 id

406 2229 572 2271 factum
598 2237 666 2270 est
693 2231 794 2283 quia
820 2244 897 2282 per
922 2236 946 2251 ‘⁸
965 2231 1359 2284 Hierosolymam’'
1385 2230 1719 2283 significabatur
1743 2231 1888 2272 eccle·

407 2294 470 2333 sia
506 2293 652 2345 quoad
694 2292 957 2341 doctrinam,
986 2300 1032 2334 et
1072 2294 1174 2334 inde
1208 2308 1383 2347 quoque
1421 2292 1624 2334 doctrina
1660 2293 1888 2335 ecclesiae.

408 2354 631 2407 Quoniam
661 2355 963 2395 “holocausta
994 2362 1039 2396 et
1072 2355 1312 2396 sacrificia”
1339 2355 1652 2408 significabant
1678 2355 1890 2396 caelestia
1916 2366 1918 2370 ’

407 2424 453 2458 θῖ
480 2417 737 2470 spiritualia,
769 2418 1099 2458 “holocausta''
1125 2418 1350 2466 caelestia,
1379 2425 1424 2458 et
1458 2417 1738 2458 “sacrificia”
1763 2417 1889 2471 spiri-

407 2480 558 2529 tualia,
586 2481 686 2520 ideo
719 2481 794 2520 lex
821 2480 914 2521 lata
940 2487 1049 2530 erat,

474 2576 523 2608 Ut
539 2577 748 2607 holocausta
766 2576 890 2607 fierent
906 2587 949 2607 ex
966 2577 1131 2608 masculis
1149 2577 1305 2616 integris,
1320 2577 1376 2608 vel
1394 2587 1437 2608 ex
1453 2586 1560 2617 grege
1574 2577 1630 2608 vel
1647 2586 1690 2608 ex
1706 2582 1868 2608 armento
1882 2587 1889 2609 :

580 2626 615 2651 at
628 2620 805 2702 ἒῗθτίᾗςίε.
824 2620 879 2651 vel
904 2630 947 2651 ex
967 2620 1131 2651 masculis
1152 2620 1207 2651 vel
1227 2630 1270 2651 ex
1290 2620 1440 2651 femellis
1462 2619 1581 2660 (Levit.
1599 2620 1619 2651 i.
1638 2628 1667 2657 2,
1686 2628 1726 2659 3;
1750 2629 1824 2660 cap.
1842 2620 1890 2652 iii.

582 2672 609 2699 1,
674 2674 679 2694 :

407 2773 566 2800 causae
593 2765 718 2799 erant
741 2759 842 2811 quia
869 2758 1080 2799 caelestia
1102 2764 1205 2799 sunt
1231 2772 1343 2811 quae
1371 2758 1533 2798 amoris
1559 2758 1603 2797 in
1629 2757 1887 2806 Dominum,

406 2824 470 2863 ita
496 2821 687 2873 conjugii
714 2821 818 2861 boni
844 2828 890 2862 et
912 2822 1002 2862 veri
1021 2835 1029 2871 ;
1063 2827 1108 2862 at
1132 2820 1375 2874 spiritualia
1397 2827 1499 2860 sunt
1522 2834 1634 2873 quae
1657 2820 1889 2861 charitatis

407 2899 514 2938 erga
539 2886 806 2938 proximum,
832 2885 894 2924 ita
921 2897 1008 2924 non
1035 2883 1241 2936 conjugii,
1266 2883 1344 2923 sed
1372 2883 1775 2935 consanguinitatis
1798 2882 1889 2923 veri

407 2960 507 2987 cum
544 2947 689 2997 bono;
731 2947 775 2986 in
816 2946 1207 3001 consanguinitate
1248 2952 1351 2985 sunt
1389 2959 1494 2985 vera
1533 2951 1579 2985 et
1619 2945 1738 2986 bona
1773 2945 1888 2986 sicut

407 3024 580 3050 sorores
618 3016 663 3050 et
701 3009 871 3058 fratres,
906 3009 948 3049 in
981 3008 1188 3062 conjugio
1219 3014 1371 3049 autem
1408 3013 1510 3048 sunt
1542 3021 1646 3048 vera
1687 3014 1733 3048 et
1769 3006 1888 3048 bona
