2054 3464
391 337 443 368 22
454 337 503 368 10
803 337 1136 374 APOCALYPSIS
1168 341 1468 375 EXPL1CATA.

390 447 640 497 instruetiQ
656 450 946 502 praedicatio,
960 458 1005 493 et
1020 453 1320 503 ratiocinatio,
1334 455 1572 496 destruens
1587 455 1705 497 bona
1715 455 1874 510 Verbi;

390 524 527 563 quare
553 512 727 553 dicetur
752 527 829 566 per
851 515 954 567 quid
982 515 1174 557 destruit
1196 530 1204 556 :
1239 517 1430 558 destruit
1457 517 1534 558 illa
1560 519 1776 571 imprimis
1797 524 1877 573 pei·

390 573 448 621 id,
473 574 592 626 quod
616 575 778 616 doceat
806 577 925 630 quod
948 577 1058 618 fides
1085 578 1253 632 absque
1276 579 1406 620 bonis
1433 581 1640 633 operibus
1660 579 1875 634 justificet

390 642 436 676 et
475 636 636 685 salvet,
671 645 717 678 et
756 638 865 679 illud
899 653 978 692 per
1007 640 1093 681 hoc
1126 642 1412 682 ratiocinium
1455 642 1737 692 confirmant,
1771 643 1875 697 quia

391 712 524 739 nemo
543 707 696 752 potest
716 701 881 742 bonum
902 703 1046 744 facere
1065 718 1124 744 ex
1142 718 1203 750 se,
1224 711 1269 745 et
1288 706 1389 758 quia
1412 706 1578 745 bonum
1597 706 1715 759 quod
1738 706 1875 748 homo

391 760 497 802 facit
521 776 578 802 ex
602 776 649 803 se
673 777 761 803 non
785 765 928 817 possit
953 779 1042 806 non
1063 774 1163 807 ‘esse
1186 768 1488 818 meritorium;
1522 774 1567 808 et
1591 768 1675 808 hoc
1699 781 1875 822 quoque

391 823 714 865 constabiliunt
734 840 792 866 ex
812 826 978 876 Verbo,
998 828 1212 882 imprimis
1229 843 1287 870 ex
1308 829 1547 871 Pharisaeo
1566 837 1610 871 et
1631 830 1875 872 Publicano

394 887 626 927 orantibus
653 889 696 928 in
720 888 927 942 Templo,

461 987 564 1029 Quod
581 989 637 1020 hic
653 989 864 1029 justificatus
885 991 930 1023 sit
954 992 1068 1023 solum
1094 1002 1157 1032 per
1176 994 1269 1033 quod
1293 994 1457 1031 dixerit,
1461 994 1576 1025 ‘Deus
1601 994 1774 1034 propitius
1797 1001 1876 1027 esto

566 1033 651 1064 mihi
672 1034 881 1073 peccatori?
886 1034 946 1066 'et
966 1036 1059 1076 quod
1079 1035 1289 1068 Pharisaeus
1311 1047 1382 1068 non
1402 1037 1611 1077 justificatus
1632 1038 1686 1076 sit,
1704 1038 1763 1079 qui
1787 1038 1876 1070 dixit

566 1086 604 1107 se
629 1087 701 1107 non
727 1087 899 1128 rapacem
921 1078 1090 1128 injustum
1109 1086 1143 1110 et
1163 1080 1359 1111 adulterum
1385 1090 1473 1117 esse,
1499 1081 1588 1111 sicut
1614 1081 1747 1122 reliqui,
1772 1086 1807 1112 et
1834 1091 1875 1113 se

566 1119 746 1159 jejunasse
760 1121 812 1152 bis
831 1122 865 1152 in
881 1122 1089 1161 septimana,
1104 1130 1138 1154 et
1154 1123 1292 1154 dedisse
1306 1123 1461 1154 decimas
1479 1124 1638 1155 omnium
1652 1134 1740 1165 quae
1753 1133 1876 1165 posse-

566 1163 616 1194 dit
633 1164 729 1203 (Luc.
746 1164 841 1196 xviii.
859 1166 1000 1205 10-14);

394 1258 440 1293 et
463 1266 638 1327 quoque
662 1268 720 1294 ex
746 1254 814 1294 his
838 1254 1019 1295 Domini
1040 1255 1201 1304 verbis,

460 1344 478 1356 ‘⁴
492 1342 614 1374 Num'’
637 1342 844 1374 Dominus‘
849 1343 1017 1382 ‘gratiam
1037 1343 1144 1374 habet
1163 1353 1282 1375 servo.
1297 1345 1434 1385 .‚quod
1458 1345 1580 1376 fecerit
1596 1355 1686 1386 quae
1709 1346 1877 1381 mandata

567 1392 648 1417 sunt
667 1386 739 1418 illi?
775 1386 854 1416 Non
869 1396 968 1418 reor:
995 1386 1043 1417 sic
1060 1387 1165 1417 etiam
1178 1397 1253 1423 vos
1269 1397 1345 1418 cum
1364 1388 1518 1419 feceritis
1536 1389 1657 1420 omnia
1670 1398 1760 1430 quae
1777 1398 1876 1420 man-

566 1430 648 1460 data
665 1436 748 1460 sunt
762 1430 874 1467 vobis,
886 1429 1000 1460 dicitis
1017 1430 1137 1470 utique
1155 1431 1246 1461 servi
1264 1430 1406 1462 inutiles
1425 1441 1556 1469 sumus,
1571 1432 1652 1472 quia
1664 1432 1757 1473 quod
1773 1432 1878 1464 debe-

566 1474 690 1503 bamus
710 1472 824 1504 facere
842 1472 1018 1504 fecimus'
1035 1472 1131 1512 (Luc.
1149 1473 1230 1505 xvii.
1249 1483 1278 1514 9,
1299 1475 1370 1513 10):

393 1580 440 1615 at
459 1574 531 1627 qui
554 1588 612 1614 ex
635 1574 703 1614 his
726 1573 1002 1615 concludunt
1025 1573 1144 1628 quod
1171 1574 1279 1614 nihil
1299 1574 1631 1627 justificationis
1654 1581 1699 1617 et
1726 1575 1876 1617 salva-

395 1637 530 1677 tionis
554 1637 610 1677 sit
633 1637 676 1676 in
699 1637 828 1691 bonis
851 1637 1071 1689 operibus,
1091 1637 1169 1677 sed
1193 1638 1235 1677 in
1259 1637 1354 1677 sola
1373 1636 1473 1682 fide.
1494 1639 1692 1678 maxime
1708 1643 1873 1686 errant,

395 1712 486 1739 non
513 1700 658 1740 sciunt
691 1700 809 1739 enirn
836 1699 940 1752 quid
972 1705 1076 1739 sunt
1103 1700 1222 1739 bona
1245 1713 1393 1752 opera.
1456 1699 1568 1740 Sunt
1595 1700 1712 1740 enim
1740 1713 1876 1753 opera
1913 1704 1921 1706 ζ

395 1775 508 1814 quae
531 1761 641 1802 fiunt
660 1762 716 1802 ab
739 1762 920 1802 homine
942 1776 950 1812 ;
984 1761 1095 1802 haec
1119 1775 1208 1802 non
1231 1762 1351 1802 bona
1374 1768 1477 1802 sunt
1498 1776 1506 1802 :
1541 1768 1586 1802 et
1609 1767 1713 1803 sunt
1740 1775 1877 1816 opera

394 1838 507 1877 quae
539 1823 650 1864 fiunt
682 1838 708 1864 a
740 1824 936 1864 Domino
968 1838 1046 1877 per
1077 1823 1320 1873 hominem,
1355 1830 1400 1864 et
1442 1823 1553 1864 haec
1593 1824 1712 1864 bona
1742 1830 1874 1866 sunt:

394 1897 583 1943 utraque
615 1904 753 1943 usque
785 1891 827 1948 in
861 1895 1053 1930 externa
1090 1889 1231 1930 forma
1262 1896 1482 1942 apparent
1515 1889 1688 1938 similia,
1721 1889 1800 1930 sed
1830 1889 1876 1930 in

394 1954 573 1993 interna
604 1959 707 1992 sunt
740 1966 919 2005 prorsus
951 1952 1194 1992 dissimilia.
1268 1951 1417 2004 Opera
1457 1965 1570 2005 quae
1613 1951 1876 1993 Pharisaeus

394 2016 632 2063 recensuit,
661 2021 788 2055 erant
816 2029 951 2067 opera
977 2014 1034 2055 ab
1065 2015 1175 2067 ipso,
1203 2020 1248 2055 et
1280 2014 1384 2054 inde
1411 2028 1586 2067 quoque
1620 2014 1873 2065 meritoria;

397 2078 601 2118 similiter
627 2091 763 2130 opera
789 2091 902 2130 quae
935 2091 993 2117 ex
1025 2077 1243 2117 mandato
1274 2076 1443 2117 faciunt
1476 2077 1604 2124 servi,
1633 2076 1706 2130 qui
1737 2090 1876 2130 usque

397 2141 605 2180 dicuntur
627 2139 821 2180 inutiles.
884 2139 1012 2179 Nunc
1036 2140 1187 2192 itaque
1211 2139 1385 2179 dicetur
1408 2139 1635 2192 quomodo
1662 2152 1798 2192 opera
1818 2138 1876 2179 ab

396 2204 495 2255 ipso
531 2202 713 2242 homine
754 2201 879 2249 fiunt,
922 2208 968 2242 et
1010 2201 1237 2254 quomodo
1279 2215 1415 2254 opera
1454 2214 1480 2241 a
1522 2201 1718 2241 Domino
1757 2200 1876 2254 apud

396 2265 639 2312 hominem,
660 2271 756 2304 tum
774 2264 1001 2317 quomodo
1019 2264 1129 2304 haec
1149 2264 1205 2303 ab
1227 2263 1312 2303 illis
1335 2264 1673 2316 dignoscuntur.
1734 2261 1876 2316 Supra

398 2340 443 2377 (n.
459 2338 606 2380 790[b])
628 2334 864 2368 ostensum
888 2333 958 2367 est
976 2327 1096 2379 quod
1119 2326 1290 2366 homini
1311 2327 1445 2366 binae
1467 2333 1647 2366 mentes
1664 2327 1768 2374 sint,
1787 2339 1876 2367 una

398 2393 654 2447 spiritualis,
674 2391 818 2432 altera
836 2391 1050 2431 naturalis
1067 2405 1075 2430 :
1105 2404 1231 2431 mens
1250 2390 1492 2443 spiritualis
1514 2396 1583 2431 est
1607 2404 1721 2443 quae
1738 2403 1874 2431 voca-

398 2463 470 2497 tur
491 2457 691 2495 internus
715 2460 760 2494 et
783 2453 1024 2506 spiritualis
1042 2453 1193 2501 homo,
1213 2459 1259 2493 et
1283 2466 1409 2493 mens
1433 2452 1649 2493 naturalis
1671 2458 1740 2493 est
1763 2466 1876 2506 quae

398 2525 587 2560 vocatur
609 2525 826 2559 externus
848 2523 894 2557 et
918 2517 1133 2557 naturalis
1155 2516 1292 2556 homo
1311 2529 1318 2556 :
1354 2522 1399 2556 et
1422 2516 1523 2569 quia
1545 2515 1715 2555 homini
1737 2516 1876 2556 inter-

399 2595 504 2623 num
545 2580 775 2634 spirituale
815 2586 884 2620 est
932 2586 979 2620 et
1018 2585 1257 2619 externum
1299 2578 1516 2626 naturale,
1559 2591 1610 2618 ac
1651 2578 1876 2618 internum

399 2642 686 2697 conjun&um
709 2649 778 2683 est
805 2642 931 2682 caelo
958 2648 1004 2682 et
1031 2648 1269 2682 externum
1292 2639 1578 2693 conjun5mm
1602 2646 1671 2681 est
1694 2639 1875 2688 mundo,

399 2708 598 2761 sequitur
634 2706 752 2759 quod
789 2704 997 2758 quicquid
1038 2704 1175 2747 homo
1216 2704 1322 2744 facit
1363 2717 1422 2743 ex
1463 2702 1540 2743 illo
1581 2703 1759 2743 interno
1799 2715 1878 2755 per

399 2777 652 2817 externum,
693 2768 779 2808 hoc
821 2768 954 2808 faciat
995 2781 1054 2807 ex
1094 2766 1235 2814 caelo,
1275 2766 1360 2806 hoc
1402 2772 1486 2814 est,
1526 2779 1604 2819 per
1639 2764 1814 2805 caelum
1850 2778 1877 2804 a

400 2833 597 2872 Domino
615 2846 623 2882 ;
648 2837 694 2871 at
712 2830 920 2884 quicquid
939 2830 1076 2870 homo
1090 2829 1196 2869 facit
1214 2829 1270 2869 ab
1288 2835 1481 2869 externo
1496 2829 1663 2881 absque
1682 2827 1874 2876 interno,

399 2896 485 2935 hoc
508 2894 646 2934 faciat
669 2894 806 2934 homo
829 2907 887 2941 ex
910 2906 971 2933 se.
1034 2892 1135 2933 Hoc
1158 2891 1425 2944 intelligitur
1443 2904 1520 2944 per
1539 2890 1720 2930 Domini
1741 2890 1877 2931 verba

399 2957 516 3010 apud
542 2955 718 3005 Lucam,
1551 2966 1553 2968 ·
