2054 3464
461 382 574 427 2170
871 381 1200 415 APOCALYPSIS
1230 380 1526 414 EXPLICATA.

1100 540 1235 564 VERSUS
1258 541 1290 565 2.

538 612 664 656 ⁷⁷⁹·
703 617 763 644 “ft
778 617 871 644 bestia
886 624 968 649 quam
986 617 1044 644 vid!
1057 619 1123 644 erat
1136 617 1243 644 simma
1257 618 1356 649 pardo.
1374 619 1404 644 et
1418 620 1508 649 pedes
1523 618 1587 649 esus
1602 617 1678 643 elcut
1692 615 1763 647 urst.
1779 617 1810 643 et
1822 622 1856 644 oe
1870 616 1935 650 elue

459 657 535 682 sicut
552 663 585 683 os
604 657 695 684 leonis
703 666 714 689 ,·
736 659 766 684 et
783 658 862 684 dedit
880 658 923 684 illi
937 658 1024 684 draeo
1037 658 1194 690 potentiam
1209 665 1301 689 suam,
1317 659 1347 684 et
1364 658 1495 684 thronum
1510 664 1601 688 suum,
1618 658 1648 683 et
1661 658 1839 688 potestatem
1853 662 1935 689 maa-

459 696 557 720 nam.''

503 779 533 802 2.
566 771 628 804 “ft
641 769 750 804 bestiti
766 780 865 814 quam
882 770 950 804 ridi
962 773 1039 804 emt
1051 770 1173 804 similis
1186 770 1322 814 pardo,''
1332 770 1492 812 significat
1507 769 1683 801 ratiocinia
1695 768 1934 806 discordantia,

634 820 664 845 et
685 826 785 856 usque
808 816 1002 856 apparentia
1025 815 1111 846 sicut
1131 815 1326 846 cohaereant
1351 814 1401 857 [n.
1421 813 1523 855 780];
1549 815 1606 847 “ef
1623 812 1731 856 pedes
1750 812 1826 856 ΘΙΙΙΒ
1843 810 1938 846 elcut

611 878 616 880 -
635 858 736 896 ursi‚”
753 858 914 899 significat
933 870 974 889 ex
993 859 1205 890 naturalibus
1227 869 1310 900 quae
1331 863 1411 889 sunt
1422 858 1588 899 fallaciae
1614 858 1664 900 [n.
1683 855 1787 899 781];
1817 857 1875 890 ὀὶ
1894 864 1948 889 σε’

635 902 711 945 ejvs
729 902 821 936 sicut
842 911 882 936 08
905 902 1039 940 leonis,''
1058 902 1219 943 significat
1238 903 1503 932 ratiocinationes
1521 913 1562 932 ex
1575 902 1679 943 falsis
1696 899 1936 933 destruentibus

633 957 714 977 vera
738 947 832 977 Verbi
850 945 897 988 [n.
912 946 1014 988 782];
1040 948 1096 979 “et
1114 945 1207 978 dedit
1222 944 1274 978 ῘΙΙῘ
1286 945 1389 978 draco
1401 944 1586 988 potenfl'am
1602 954 1712 982 suam,
1730 946 1766 978 ot
1780 943 1935 978 thronum

632 999 744 1027 suum,
758 992 794 1023 et
802 992 1007 1033 potestatem
1020 990 1203 1032 magnam!
1216 989 1375 1030 significat
1388 991 1476 1030 quod
1485 989 1539 1020 illi
1547 989 1608 1030 qui
1609 989 1716 1031 fidem
1729 999 1750 1019 a
1762 988 1836 1019 vita
1845 992 1933 1028 sepa-

634 1039 723 1071 rant,
740 1039 803 1075 per
826 1034 1091 1065 ratiocinationes
1113 1045 1154 1064 ex
1166 1034 1321 1075 fallaciis
1331 1034 1479 1075 firment
1499 1033 1704 1064 doc‘trinalia
1726 1043 1799 1070 sua,
1822 1035 1853 1062 et
1874 1029 1934 1062 illa

633 1078 845 1116 corroborent,
862 1082 892 1109 et
904 1078 950 1109 sic
956 1082 1108 1119 potenter
1120 1078 1276 1108 seducant
1293 1077 1342 1120 [n.
1361 1075 1452 1117 783]-

525 1173 737 1227 780[a].
765 1184 870 1222 [Vers.
887 1184 930 1222 2.]
962 1174 1039 1214 “ft
1057 1173 1186 1214 bestia
1207 1187 1325 1227 quam
1349 1174 1425 1214 vidi
1440 1177 1535 1214 enat
1551 1173 1693 1215 similis·
1707 1172 1937 1226 ραι-(1032·-

451 1234 584 1287 Quod
611 1234 832 1287 significet
859 1235 1090 1276 ratiocinia
1110 1235 1428 1284 discordantia,
1452 1242 1493 1275 et
1514 1249 1648 1288 usque
1668 1234 1935 1288 apparentia

451 1298 563 1338 sicut
582 1297 850 1346 cohaereant,
876 1304 1054 1338 constat
1078 1312 1136 1338 ex
1160 1297 1487 1351 significatione
1508 1298 1718 1339 “bestiae
1741 1311 1799 1339 ex
1823 1297 1935 1338 mari

446 1360 773 1408 ascendentis,''
805 1361 860 1401 de
897 1374 983 1413 qua
1019 1361 1088 1400 hic
1126 1361 1288 1413 agitur,
1322 1361 1442 1414 quod
1479 1361 1567 1401 sint
1603 1360 1836 1401 ratiocinia
1871 1373 1932 1401 ex

448 1422 639 1463 naturali
680 1422 860 1463 homine
904 1422 1218 1463 confirmantia
1258 1423 1589 1476 separationem
1630 1422 1733 1463 fidei
1776 1436 1803 1463 a
1841 1423 1935 1464 vita

446 1495 501 1532 (de
516 1503 579 1531 qua
593 1503 698 1531 supra,
715 1503 745 1522 n.
763 1493 875 1534 774),
903 1483 973 1523 th
1005 1484 1159 1536 itaque
1186 1484 1426 1524 ratiOClnia
1451 1483 1557 1534 illa;
1593 1489 1641 1524 et
1671 1497 1731 1524 CX
1762 1481 1936 1536 signifi-

447 1546 624 1585 catione
651 1548 675 1564 “
690 1544 852 1596 pardi‚'’
876 1545 995 1597 quod
1019 1545 1107 1585 sint
1131 1545 1207 1585 illa
1228 1545 1546 1593 discordantia,
1571 1550 1616 1585 et
1639 1558 1777 1598 usque
1799 1556 1936 1597 appa·

446 1608 589 1648 rentia
615 1608 727 1647 sicut
754 1621 870 1647 vera.
933 1605 1066 1659 Quod
1098 1607 1206 1648 talia
1231 1606 1538 1660 significentur
1563 1620 1641 1660 per
1669 1605 1935 1660 “pardum,”

447 1677 515 1711 est
552 1671 654 1723 quia
691 1670 853 1723 pardus
890 1670 1035 1723 quoad
1073 1670 1237 1723 pellem
1279 1677 1348 1724 est
1385 1670 1570 1711 maculis
1606 1669 1844 1712 distinGtus
1884 1676 1932 1712 et
1996 1672 2007 1679 “

446 1734 715 1785 variegatus,
750 1747 808 1773 ex
847 1747 933 1786 qua
963 1734 1268 1786 variegatione
1305 1740 1492 1786 apparet
1530 1747 1620 1774 non
1657 1733 1933 1787 impulcher3

447 1802 493 1836 et
526 1797 627 1849 quia
654 1795 820 1836 animal
847 1809 1030 1836 saevum
1058 1803 1127 1837 est
1159 1803 1206 1837 et
1237 1796 1512 1845 insidiosum,
1540 1803 1586 1837 et
1615 1810 1726 1850 prae
1755 1795 1936 1850 reliquis

448 1858 567 1898 celer
589 1859 644 1898 ad
671 1859 949 1911 rapiendum,
974 1865 1019 1899 et
1047 1859 1149 1912 quia
1171 1858 1288 1899 tales
1311 1859 1448 1899 etiam
1471 1865 1576 1900 sunt
1599 1859 1673 1913 qui
1695 1873 1774 1912 per
1795 1859 1936 1900 ratio-

449 1922 565 1961 cinia
604 1920 796 1961 solerter
832 1921 1003 1961 callent
1041 1920 1305 1962 confirmare
1343 1921 1511 1973 dogma
1541 1922 1608 1962 'de
1649 1921 1937 1975 separatione

449 1983 551 2023 fidei
584 1997 609 2023 a
640 1983 770 2023 bonis
802 1984 1012 2036 operibus
1044 1997 1123 2037 per
1153 1984 1390 2025 ratiocinia
1422 1998 1480 2024 ex
1513 1984 1707 2025 naturali
1737 1984 1934 2033 homine,
1983 2022 1987 2023 a

450 2045 568 2098 quod
602 2046 785 2085 tametsi
818 2059 919 2086 cum
951 2046 1066 2086 veris
1098 2046 1344 2094 discordat,
1379 2060 1518 2099 usque
1550 2060 1628 2100 per
1658 2046 1736 2087 illa
1766 2046 1936 2100 faciunt

448 2115 497 2148 ut
519 2107 627 2147 illud
650 2114 865 2160 appareat
889 2109 1003 2148 sicut
1027 2121 1128 2148 cum
1152 2110 1268 2149 veris
1286 2109 1544 2156 cohaereat,
1569 2109 1672 2150 ideo
1694 2108 1771 2150 illa
1789 2109 1937 2150 bestia

451 2171 598 2224 quoad
632 2183 792 2222 corpus
822 2171 1014 2210 “similis
1042 2171 1213 2224 pardo''
1235 2172 1455 2224 apparuit.
1518 2171 1634 2224 Quia
1660 2171 1771 2213 haec
1795 2171 1936 2225 signi·

450 2233 640 2273 ficantur
666 2246 743 2285 per
768 2232 1033 2286 “pardum,‘’
1055 2233 1191 2274 velim
1219 2235 1407 2287 primum
1434 2248 1512 2287 per
1538 2234 1685 2287 aliqua
1710 2234 1936 2276 illustrare

451 2295 678 2349 quomodo
701 2295 764 2334 illi
787 2296 859 2348 qui
881 2295 1013 2336 fidem
1033 2303 1246 2349 separant
1269 2310 1294 2336 a
1316 2297 1410 2337 vita
1433 2296 1539 2349 ejus,
1559 2310 1673 2350 quae
1691 2303 1796 2338 sunt
1814 2296 1936 2337 bona

453 2368 602 2411 opera,
623 2371 701 2410 per
719 2358 954 2398 ratiocinia
972 2358 1139 2399 faciunt
1158 2365 1206 2399 ut
1225 2359 1532 2399 discordantia
1550 2365 1800 2412 appareant
1819 2359 1935 2400 sicut

452 2421 755 2460 cohaerentia.
835 2420 1078 2461 Haeretica
1114 2409 1428 2462 describuntur
1463 2421 1616 2461 multis
1657 2422 1703 2462 in
1743 2421 1854 2462 locis
1891 2421 1937 2465 in

453 2483 608 2523 Verbo
631 2496 708 2535 per
733 2482 932 2531 “idola,’'
954 2496 1068 2536 quae
1090 2483 1331 2524 fabricator
1354 2497 1431 2536 per
1452 2485 1574 2524 varia
1594 2483 1774 2533 format,
1798 2498 1937 2538 usque

451 2551 500 2585 ut
519 2551 765 2598 appareant
783 2546 827 2585 in
842 2544 982 2598 figura
1001 2546 1207 2594 hominis,
1223 2546 1301 2586 sed
1322 2547 1479 2599 quibus
1498 2552 1652 2587 tamen
1671 2560 1761 2587 non
1781 2552 1936 2600 potest

450 2608 542 2648 indi
567 2609 675 2656 vita,
700 2621 786 2660 qua
811 2608 1010 2656 videant,
1039 2608 1239 2656 audiant,
1268 2615 1481 2649 moveant
1508 2622 1666 2649 manus
1698 2622 1748 2650 ac
1781 2609 1934 2662 pedeS,

453 2678 499 2711 et
524 2670 775 2723 loquantur.
839 2670 939 2711 Hoc
964 2685 1140 2724 quoque
1162 2669 1326 2711 factum
1349 2671 1439 2711 vidi
1466 2672 1507 2711 in
1533 2671 1700 2712 mundo
1718 2671 1936 2725 spirituali

453 2748 478 2774 a
510 2733 775 2786 quibusdam
807 2733 880 2786 qui
912 2732 1046 2773 fidem
1071 2740 1391 2786 separaverunt
1424 2747 1449 2773 a
1479 2734 1609 2774 bonis
1641 2733 1862 2787 operibus,
1889 2739 1936 2775 et

452 2796 651 2848 perstitit
685 2795 770 2836 hoc
804 2809 914 2848 opus
942 2810 1020 2849 per
1046 2795 1194 2849 plures
1221 2796 1380 2846 horas;
1421 2803 1466 2837 et
1499 2803 1740 2850 postquam
1766 2796 1936 2838 idolum

451 2856 615 2899 sactum
643 2865 727 2906 est,
753 2859 958 2911 apparuit
987 2859 1167 2912 quidem
1193 2858 1236 2898 id
1263 2859 1306 2899 in
1336 2858 1581 2912 conspectu
1603 2859 1794 2913 plurium
1821 2861 1936 2901 sicut

451 2922 602 2973 imago
635 2920 843 2968 hominis,
871 2921 955 2961 vsed
991 2934 1142 2961 coram
1176 2920 1316 2961 oculis
1350 2921 1615 2974 angelorum
1652 2922 1768 2963 sicut
1805 2916 1935 2977 mon·-⁴

453 2989 619 3023 strum:
654 2983 891 3024 voluerunt
916 2984 1053 3024 etiam
1081 2983 1247 3036 aliquid
1273 2984 1394 3025 vitae
1418 2998 1495 3037 per
1520 2991 1641 3025 artes
1664 2985 1831 3034 indere,
1855 2985 1935 3026 sed

2039 2090 2054 2249 *flama-¹0«
2047 2052 2054 2059 .
2048 1980 2054 2026 ..-
