2098 3476
367 363 469 406 1922
771 360 1102 393 APOCALvPffls
1134 351 1431 394 EXPLICATA.

359 475 450 515 siae
468 488 477 524 ;
511 488 644 527 quare
667 487 744 526 per
766 473 849 514 hoc
869 473 1044 526 signum
1062 472 1263 513 similiter
1280 479 1618 526 repraesentata
1635 480 1702 516 est
1725 488 1841 517 nova

359 536 547 576 ecclesia
572 550 683 589 quae
710 535 999 576 instauranda
1024 549 1049 575 a
1076 535 1285 583 Domino,
1313 536 1391 575 sed
1421 536 1490 576 hic
1517 537 1634 589 quod
1662 543 1840 590 tempus

359 599 691 650 protraheretur
708 597 891 637 ulterius
913 610 1046 650 quam
1065 595 1232 637 dietum
1254 603 1322 637 est
1346 596 1531 638 Achaso
1553 611 1660 638 mox
1681 611 1837 651 supra:

361 673 438 712 per
484 658 836 700 “retractionem
882 659 1062 699 umbrae
1106 673 1218 712 quae
1264 659 1497 700 descendit
1544 660 1587 699 in
1628 660 1838 712 gradibus

358 721 526 762 Achasi
558 736 636 774 pro
668 721 791 761 sole'’
817 720 1089 773 significatur
1114 719 1324 761 retraffio
1356 722 1569 774 temporis
1595 728 1838 776 antequam

357 784 399 823 id
423 783 497 824 fiet
518 798 526 833 3
554 798 630 836 per
651 783 855 836 “gradus
878 782 1079 823 Achasi”
1097 782 1370 835 significatur
1391 790 1582 836 tempus,
1607 784 1676 825 hic
1699 799 1836 839 usque

356 847 412 886 ad
446 846 624 886 Domini
650 846 921 896 adventum;
956 859 1033 897 per
1057 845 1328 885 “umbram”
1351 845 1408 885 ibi
1434 845 1709 898 significatur
1734 861 1837 900 pro-

358 908 526 960 gressio
562 908 653 960 ejus
689 908 747 948 ab
783 914 883 948 ortu
919 908 975 948 ad
1013 921 1250 948 occasum:
1295 921 1372 960 per
1403 908 1522 961 quod
1557 911 1837 950 “retrorsum

355 970 656 1010 retraheretur
687 970 844 1010 decem
876 970 1040 1022 gradus
1053 969 1071 985 ”
1097 969 1372 1023 significatur
1404 969 1690 1023 prolongatio
1721 977 1837 1012 tem-

355 1033 473 1085 poris
510 1045 586 1084 per
623 1032 768 1084 plures
804 1032 948 1072 adhuc
981 1045 1137 1080 annos,
1175 1031 1402 1072 “decem”
1433 1033 1551 1072 enim
1583 1032 1836 1085 significant

356 1094 505 1146 plura;
548 1107 625 1146 per
659 1094 875 1142 “solem,'’
900 1094 972 1147 qui
1004 1094 1274 1142 retmeedet,
1308 1093 1583 1147 significatur
1612 1094 1834 1136 adventus

355 1156 547 1196 Domini.
616 1156 704 1197 Sed
753 1157 837 1197 hoc
883 1157 1066 1197 ulterius
1111 1156 1423 1197 illustrandum
1472 1162 1566 1197 est:
1613 1156 1835 1198 adventus

355 1219 533 1260 Domini
565 1219 642 1260 fuit
675 1219 853 1272 quando
879 1219 976 1259 finis
1003 1218 1234 1259 Ecclesiae
1258 1219 1469 1272 Judaicae
1501 1225 1611 1268 erat,
1639 1219 1723 1260 hoc
1750 1226 1834 1267 est,

354 1280 532 1332 quando
557 1280 614 1320 ibi
647 1294 735 1320 non
768 1280 946 1334 aliquod
979 1281 1145 1321 bonum
1178 1273 1223 1322 e't
1255 1295 1408 1322 verum
1439 1282 1661 1322 residuum
1688 1288 1833 1323 esset:

357 1343 441 1382 hoc
478 1342 741 1395 intelligitur
776 1357 854 1396 per
887 1343 1105 1396 “quando
1138 1350 1451 1384 consummata
1486 1350 1555 1384 est
1588 1343 1836 1397 iniquitas,”

356 1411 401 1444 et
429 1418 602 1457 quoque
629 1419 706 1457 per
734 1405 1097 1458 “plenitudinem
1125 1406 1409 1458 temporum”
1434 1407 1477 1446 in
1504 1420 1590 1459 qua
1616 1406 1835 1447 Dominus

355 1474 566 1507 venturus
589 1474 684 1508 est:
718 1468 943 1520 integrum
966 1474 1143 1520 tempus
1163 1468 1409 1510 durationis
1433 1468 1662 1509 Ecclesiae
1683 1468 1834 1521 Judai-

353 1542 431 1569 cae
461 1536 846 1581 repraesentatum
877 1537 945 1571 est
983 1543 1060 1582 per
1094 1531 1296 1583 “gradus
1332 1530 1542 1579 Achasi‚''
1574 1531 1834 1584 principium

352 1591 442 1643 ejus
468 1605 544 1644 per
570 1593 757 1644 primum
784 1593 972 1645 gradum
998 1593 1070 1641 ibi,
1098 1594 1171 1649 qui
1197 1600 1266 1633 est
1293 1594 1472 1646 quando
1497 1593 1564 1634 sol
1590 1599 1660 1634 est
1686 1594 1729 1636 in
1755 1606 1835 1635 suo

352 1662 465 1702 ortu,
485 1662 530 1695 et
554 1655 650 1695 finis
668 1655 758 1708 ejus
781 1669 858 1708 per
876 1656 1080 1697 ultimum
1099 1657 1288 1709 gradum
1309 1657 1352 1696 in
1375 1670 1561 1707 occasu;
1588 1656 1690 1699 inde
1709 1662 1835 1709 patet

352 1718 471 1769 quod
498 1731 575 1770 per
602 1717 957 1759 “retraetionem
983 1719 1165 1759 umbrae
1181 1719 1199 1734 ’‘
1224 1719 1280 1759 ab
1306 1732 1467 1759 occasu
1492 1733 1644 1759 versus
1670 1725 1833 1768 ortum,

353 1780 629 1833 intelligatur
660 1781 947 1834 prolongatio
977 1781 1092 1821 illius
1128 1782 1356 1834 temporis.
1418 1780 1552 1833 Quod
1588 1781 1672 1822 hoc
1709 1779 1834 1823 fieret

354 1842 434 1880 “in
456 1843 666 1894 gradibus
689 1843 896 1892 Achasi‚”
918 1850 1013 1884 erat
1036 1844 1137 1896 quia
1159 1843 1367 1884 Achasus
1388 1857 1467 1883 rex
1490 1849 1585 1884 erat
1608 1842 1767 1891 malus,
1788 1849 1834 1884 et

352 1904 599 1955 profanavit
617 1904 773 1946 saneta
790 1906 1004 1947 ecclesiae
1022 1920 1030 1956 ;
1058 1920 1191 1959 quare
1215 1907 1248 1946 si
1271 1919 1550 1947 successores
1572 1905 1664 1958 ejus
1681 1904 1833 1948 simili·

352 1973 420 2006 ter
445 1967 666 2015 fecissent,
695 1967 791 2007 finis
818 1968 932 2008 illius
959 1968 1174 2009 ecclesiae
1206 1969 1328 2009 brevi
1359 1967 1571 2009 affuturus
1602 1973 1749 2018 esset;
1785 1973 1833 2008 at

352 2029 452 2081 quia
477 2029 657 2070 Hiskias
679 2044 758 2070 rex
778 2031 941 2082 probus
959 2038 1070 2078 erat,
1090 2030 1408 2083 prolongatum
1430 2037 1499 2071 est
1518 2037 1708 2083 tempus,
1729 2042 1832 2070 nam

351 2091 558 2144 iniquitas
583 2093 733 2144 gentis
759 2093 884 2133 istius
910 2106 988 2146 per
1018 2093 1061 2133 id
1093 2106 1181 2133 non
1209 2099 1303 2133 tam
1329 2093 1419 2133 cito
1445 2099 1713 2145 perventura
1737 2099 1833 2134 erat

352 2153 408 2192 ad
434 2155 880 2204 consummationem,
904 2155 989 2196 hoc
1016 2161 1099 2204 est,
1115 2154 1180 2195 'ad
1206 2154 1338 2196 finem
1361 2168 1500 2195 suum.
1561 2154 1699 2207 Apud
1725 2167 1833 2197 eun-

353 2215 470 2264 dem,

417 2303 529 2335 Dicite
546 2305 590 2335 ad
610 2304 773 2335 Hiskiam
787 2315 917 2345 regern,
932 2307 950 2320 “
963 2305 1042 2337 Hoc
1056 2306 1117 2337 tibi
1132 2306 1273 2346 signum
1290 2315 1297 2343 ;
1321 2305 1506 2337 comedere
1518 2305 1585 2336 hoc
1598 2315 1693 2336 anno
1706 2311 1834 2346 sponte

525 2357 685 2386 nascens,
705 2354 739 2379 et
758 2358 854 2379 anno
871 2350 1027 2381 secundo
1046 2350 1139 2380 ultro
1159 2359 1321 2380 crescens
1337 2359 1343 2386 ς
1368 2355 1404 2380 at
1423 2349 1458 2380 in
1478 2359 1575 2380 anno
1595 2349 1698 2380 tertio
1717 2349 1833 2387 serite,

524 2391 644 2422 metite
672 2398 707 2422 et
739 2392 896 2431 plantate
923 2393 1057 2429 vineas.
1083 2399 1117 2424 et
1145 2393 1319 2425 comedite
1348 2390 1500 2423 fructum
1521 2391 1670 2423 earum”
1690 2391 1833 2432 (xxxvii.

523 2436 578 2473 30)
590 2445 596 2465 :

351 2528 436 2568 hoc
469 2526 636 2568 dictum
667 2534 737 2569 est
769 2529 824 2569 ad
858 2529 1063 2570 Hiskiam
1095 2543 1262 2583 regem,
1291 2543 1392 2571 cum
1424 2529 1721 2571 Sancheribus
1751 2543 1832 2570 rex

352 2589 567 2642 Assyriae
599 2590 765 2630 bellum
797 2592 835 2631 ei
867 2592 1030 2640 intulit,
1063 2606 1114 2632 ac
1146 2592 1342 2633 fastuose
1374 2591 1550 2632 locutus
1581 2598 1651 2632 est
1682 2592 1737 2632 de
1769 2605 1830 2640 se,

351 2659 396 2693 et
428 2652 750 2693 contumeliose
782 2654 836 2694 de
869 2654 967 2694 Deo
999 2661 1045 2695 et
1078 2655 1133 2695 de
1167 2655 1357 2705 Israele;
1397 2668 1531 2708 quare
1563 2655 1699 2695 etiam
1731 2667 1830 2706 per-

351 2715 467 2755 cussi
493 2721 595 2755 sunt
622 2716 664 2754 in
692 2717 847 2755 castris
874 2716 965 2768 ejus
991 2715 1207 2758 [¹]centum
1234 2723 1279 2757 et
1310 2715 1541 2769 octoginta
1566 2722 1612 2756 et
1637 2716 1830 2770 quinque

351 2777 501 2825 millia,
525 2784 571 2817 et
597 2778 689 2829 ipse
712 2792 737 2817 a
762 2778 858 2818 filiis
882 2778 972 2830 ejus
995 2780 1166 2820 occisus
1192 2786 1274 2820 est.
1335 2779 1480 2820 Causa
1501 2792 1577 2819 cur
1598 2778 1642 2818 id
1667 2776 1831 2819 factum

351 2846 434 2888 est,
472 2846 581 2888 erat,
619 2841 720 2893 quia
757 2854 833 2892 per
872 2842 1176 2894 “Assyriam’'
1207 2842 1482 2894 significatur
1516 2840 1748 2889 rationale,
1785 2847 1831 2881 et

351 2902 492 2942 simile
525 2915 601 2954 per
634 2906 823 2954 “regem
855 2903 1107 2955 Assyriae‚”
1134 2917 1184 2945 ac
1217 2918 1294 2957 per
1328 2902 1609 2956 “judaeam’‘
1635 2902 1831 2943 caeleste

352 2964 580 3014 ecclesiae,
614 2970 659 3005 et
692 2965 917 3017 spirituale
940 2966 1164 3006 >ecclesiae
1196 2980 1273 3018 per
1302 2970 1490 3019 “regem
1516 2965 1607 3018 ejus
1625 2964 1658 3015 ;’'
1693 2971 1739 3006 at
1771 2964 1830 3005 ibi
