2098 3476
432 345 538 398 1966
841 356 1170 391 APOCALYPsrs
1201 359 1496 393 EXPLICATA.

425 470 545 505 stare
568 471 721 518 potest
744 468 847 520 quid
871 482 949 521 per
968 472 993 488 “
1008 470 1296 511 diademata”
1314 486 1391 512 seu
1413 486 1490 525 per
1509 472 1717 526 “lapides
1735 475 1903 527 pretio·

424 527 528 567 sos'’
554 529 597 568 in
625 531 914 583 sequentibus
941 531 1051 572 locis
1077 533 1354 585 significatur
1370 534 1577 588 z—Apud
1603 535 1806 587 Esaiam,

490 608 659 641 “Afflusta
675 617 710 642 et
727 612 890 651 procellis
904 611 1045 652 jaetata,
1058 623 1121 644 nec
1139 615 1419 646 consolationem
1433 614 1546 655 naCta,
1559 627 1639 648 ecce
1659 617 1734 658 Ego
1751 618 1905 659 dispono

596 663 675 684 cum
687 655 792 685 stibio
810 655 942 694 lapides
961 663 1050 694 tuos,
1066 663 1100 687 et
1117 657 1350 689 fundamenta
1366 665 1439 691 tua.
1455 660 1505 691 .in
1524 661 1709 700 sapphiris,
1722 668 1757 692 et
1773 671 1904 702 ponam

596 699 846 729 carbunculum
865 699 958 730 soles
973 706 1062 737 tuos,
1075 707 1109 731 et
1126 709 1246 740 portas
1261 707 1338 732 tuas
1357 703 1391 733 in
1410 702 1545 742 lapides
1563 705 1697 744 pyropi,
1712 711 1746 736 et
1762 715 1905 736 omnem

597 740 702 771 finem
720 748 818 772 tuum
837 743 872 772 in
891 742 1024 782 lapides
1042 744 1217 782 desiderii,
1230 751 1263 776 et
1280 755 1406 777 omnes
1424 746 1484 776 filii
1502 747 1551 777 tui
1568 746 1663 778 doffi
1680 758 1701 778 a
1716 747 1905 789 Jehovah’'

595 784 667 823 (liv.
687 786 824 824 11—13):

422 864 533 906 haec
571 864 690 906 dieta
721 873 825 907 sunt
862 867 917 908 de
947 869 1125 909 “sterili
1156 883 1268 923 quae
1306 884 1396 911 non
1433 872 1645 925 peperit‚”
1672 873 1742 913 cui
1773 873 1904 915 multi

422 926 497 968 filii
528 936 671 977 erunt,
701 943 779 982 per
805 944 936 983 quam
969 932 1277 984 significantur
1298 940 1474 986 gentes,
1498 935 1655 987 quibus
1686 948 1776 975 non
1806 935 1902 976 fue-
1953 940 1959 948 “

421 997 523 1031 runt
565 991 727 1032 Divina
771 1007 876 1033 vera
921 995 1022 1047 quia
1068 1008 1158 1035 non
1203 996 1283 1036 suit
1325 996 1551 1047 Verbum;
1599 997 1701 1038 inde
1741 998 1904 1038 dicitur

424 1052 647 1094 “Afflieha
679 1061 724 1096 et
757 1055 966 1108 procellis
994 1055 1178 1109 jaetata,
1213 1071 1294 1099 nec
1327 1059 1687 1100 consolationem
1720 1058 1904 1110 nacta?

424 1115 626 1158 “affii&a
652 1132 750 1158 esse
777 1125 822 1158 et
850 1120 1058 1172 procellis
1080 1119 1266 1173 jac‘tari”
1292 1122 1454 1162 dicitur
1478 1136 1504 1161 a
1534 1122 1668 1171 falsis,
1697 1136 1722 1162 a
1748 1123 1905 1176 quibus

420 1179 657 1220 infestatur
679 1187 724 1221 et
751 1195 1105 1234 quaquaversum
1128 1183 1288 1233 fertur;
1322 1184 1441 1237 quod
1465 1184 1697 1233 Dominus,
1722 1185 1902 1238 quando

420 1248 648 1291 venturus,
669 1243 832 1283 Divina
854 1258 958 1284 vera
976 1245 1061 1284 illis
1083 1245 1360 1286 revelaturus
1383 1247 1440 1287 sit
1463 1253 1509 1286 et
1534 1246 1634 1286 illos
1656 1245 1898 1287 instruetu-

419 1318 506 1353 rus,
545 1305 821 1358 significatur
858 1320 935 1359 per
976 1307 1094 1360 quod
1135 1311 1160 1357 ‘.‘
1175 1308 1386 1360 disponet
1424 1322 1524 1349 cum
1562 1309 1696 1349 stibio
1733 1309 1904 1362 lapides

421 1367 525 1420 ejus,
549 1368 843 1409 fundamenta
865 1370 908 1409 in
932 1370 1165 1423 sapphiris,
1186 1371 1308 1410 soles
1330 1371 1374 1410 in
1397 1371 1730 1420 carbunculum,
1750 1378 1904 1424 portas

419 1431 463 1470 in
491 1430 661 1484 lapides
688 1433 859 1484 pyropi,
888 1445 939 1472 ac
967 1432 1076 1472 fines
1107 1433 1151 1472 in
1185 1433 1359 1486 lapides
1386 1434 1643 1484 desiderii;”
1676 1434 1794 1487 quod
1826 1447 1905 1487 per

422 1493 663 1546 ·‘1apides”
708 1494 791 1534 hos
840 1495 1076 1547 pretiosos,
1124 1496 1196 1548 qui
1242 1497 1542 1544 nominantur,
1589 1496 1903 1548 intelligantur

422 1555 587 1596 Divina
627 1570 732 1596 vera
772 1557 815 1596 in
858 1557 1017 1597 ultimo
1058 1558 1239 1606 ordinis,
1274 1558 1421 1611 qualia
1461 1565 1564 1599 sunt
1604 1572 1708 1599 vera
1748 1571 1904 1611 sensus

419 1618 599 1659 litterae
640 1619 794 1667 Verbi,
837 1620 880 1659 in
922 1620 1078 1672 quibus
1123 1634 1229 1660 vera
1269 1621 1459 1669 interna,
1503 1635 1615 1674 quae
1656 1627 1760 1661 sunt
1799 1634 1904 1661 vera

419 1681 566 1734 qualia
597 1682 640 1721 in
674 1695 807 1722 sensu
839 1682 1056 1735 spirituali
1083 1682 1235 1731 Verbi,
1270 1689 1428 1735 patet3
1468 1696 1571 1722 nam
1603 1697 1681 1736 per
1709 1683 1902 1723 “funda-

419 1744 612 1793 menta,''
644 1751 690 1785 et
727 1758 805 1797 per
844 1736 1067 1798 “portas'’
1099 1752 1144 1785 et
1182 1759 1261 1798 per
1294 1745 1484 1794 “fines,”
1521 1759 1632 1798 quos
1669 1752 1807 1798 ponet
1843 1759 1903 1786 ex
1948 1776 1952 1779 ‚

418 1807 639 1860 lapidibus
668 1807 752 1846 illis
780 1808 1002 1860 pretiosis,
1023 1807 1332 1860 significantur
1355 1808 1537 1858 ultima;
1570 1808 1673 1848 inde
1699 1809 1900 1861 sequitur

418 1870 538 1923 quod
583 1870 640 1909 ibi
681 1883 759 1922 per
799 1870 1038 1922 “lapides’'
1077 1871 1120 1910 in
1165 1883 1344 1923 genere,
1384 1876 1430 1910 et
1471 1883 1549 1923 per
1588 1869 1902 1923 “sapphiros‚”

420 1932 784 1973 “carbunculos’‘
807 1938 852 1972 et
878 1932 1090 1985 “lapides
1113 1932 1309 1986 pyropi,”
1332 1932 1641 1985 significentur
1663 1932 1772 1972 talia
1793 1946 1900 1972 vera

417 1995 565 2048 qualia
595 1996 639 2034 in
668 2008 802 2035 sensu
829 1995 1008 2035 litterae
1035 1995 1174 2035 Verbi
1201 2001 1318 2043 sunt,
1350 2009 1462 2048 quae
1491 1994 1647 2034 ultima
1673 2000 1776 2035 sunt
1801 1995 1902 2048 quia

417 2072 497 2111 pro
526 2057 719 2097 naturali
751 2063 797 2097 et
830 2057 1023 2097 sensuali
1055 2057 1262 2097 homine:
1297 2059 1400 2110 quia
1432 2055 1666 2097 instruffio
1697 2057 1901 2109 gentium

417 2122 460 2161 in
499 2121 670 2160 Divinis
707 2121 821 2160 veris
858 2134 936 2173 per
975 2120 1051 2160 illa
1087 2120 1366 2172 intelligitur,
1406 2120 1507 2160 ideo
1543 2121 1755 2173 sequitur,
1795 2119 1900 2160 “Et

417 2197 574 2224 omnes
597 2183 672 2223 filii
696 2184 759 2223 tui
782 2182 901 2223 docti
924 2197 949 2223 a
969 2182 1211 2235 Jehovah.'’
1272 2182 1390 2234 Quid
1413 2189 1565 2222 autem
1587 2182 1898 2235 “sapphirus,”

419 2245 788 2286 “carbunculus''
825 2252 871 2286 et
914 2245 1178 2298 “pyropus'’
1218 2245 1261 2284 in
1308 2245 1457 2297 specie
1498 2243 1768 2296 significant,
1812 2257 1901 2284 non

416 2309 544 2362 hujus
582 2309 668 2349 loci
705 2316 775 2349 est
811 2309 989 2359 dicere;
1033 2308 1168 2348 modo
1205 2308 1325 2361 quod
1363 2307 1573 2360 “lapides
1606 2307 1823 2360 pretiosi'’
1856 2308 1900 2347 in

416 2385 583 2425 genere
610 2371 866 2424 significent
892 2384 998 2411 vera
1024 2370 1195 2410 ultima.

500 2433 583 2486 [b.]
628 2433 855 2484 Quoniam
877 2433 1075 2472 “civitas
1094 2431 1254 2471 Novae
1276 2430 1659 2483 Hierosolymae'’
1676 2429 1900 2483 significat

416 2493 669 2535 doctrinam
706 2494 863 2534 Novae
896 2493 1144 2541 Ecclesiae,
1179 2499 1224 2533 et
1260 2492 1591 2532 “fundamenta
1626 2493 1735 2531 muri
1772 2491 1865 2543 ejus
1880 2491 1900 2506 ‘⁹

416 2558 580 2598 Divina
611 2571 716 2597 vera
747 2557 918 2603 ultima,
947 2569 998 2596 ac
1029 2554 1258 2608 “portae”
1285 2554 1448 2594 Divina
1474 2568 1578 2594 vera
1603 2553 1895 2594 introducen-

415 2622 492 2669 tia,
520 2621 621 2660 ideo
653 2620 964 2660 describuntur
989 2618 1283 2658 fundamenta
1314 2631 1392 2670 per
1420 2617 1694 2656 “duodecim
1722 2616 1895 2668 lapides

415 2683 676 2738 preti0505,”
702 2696 754 2722 ac
782 2688 940 2735 portae
966 2695 1044 2734 per
1073 2680 1420 2732 “margaritaS‚’'
1444 2681 1487 2719 in
1513 2679 1796 2731 Apocalypsi,

482 2772 756 2804 “Fundamenta
776 2770 865 2801 muri
886 2769 1066 2800 civitatis”
1089 2769 1212 2801 Novae
1239 2768 1512 2809 Hierosolymae
1530 2768 1656 2798 “omni
1681 2768 1796 2808 lapide
1821 2779 1898 2808 pre-

587 2815 679 2846 tioso
693 2820 863 2845 exornata
877 2823 883 2850 ;
908 2814 1177 2843 fundamentum
1193 2813 1343 2852 primum
1357 2812 1478 2852 jaspis,
1492 2812 1683 2842 secundum
1698 2813 1896 2851 sapphirus,

587 2858 729 2889 tertium
746 2857 1007 2893 chalcedonius,
1025 2864 1186 2896 quartum
1204 2856 1421 2894 smaragdus,
1434 2855 1592 2896 quintum
1610 2855 1800 2895 sardonyx,
1819 2865 1897 2886 sex-

588 2909 661 2932 tum
694 2901 841 2936 sardius,
868 2900 1056 2939 septimum
1089 2899 1335 2939 chrysolithus,
1368 2897 1534 2929 oetavum
1567 2898 1731 2938 beryllus,
1761 2908 1894 2929 nonum

587 2947 755 2985 topazius,
777 2944 951 2975 decimum
969 2944 1233 2982 chrysoprasus,
1252 2943 1476 2973 undecimum
1498 2942 1718 2981 hyacinthus,
1731 2942 1895 2973 duodeci-

589 2998 685 3020 murn
705 2985 937 3028 amethystus.
986 2987 1182 3017 Duodecim
1209 2993 1330 3026 portae
1355 2985 1540 3016 duodecim
1566 2986 1787 3025 margaritae,
1809 2995 1895 3016 una-
