2054 3464
370 341 481 382 2044
780 340 1110 374 APOCALYPSIS
1140 342 1437 376 EXPLICATA.

367 452 468 506 quia
495 452 611 505 apud
638 451 738 493 illos
765 453 837 506 qui
869 466 958 493 non
990 453 1033 494 in
1064 453 1184 495 bono
1211 461 1313 495 sunt
1341 461 1384 496 et
1412 455 1514 496 inde
1541 469 1622 496 nec
1655 456 1698 496 in
1729 456 1843 498 veris

369 523 528 558 (videatur
542 533 616 552 mox
631 525 824 561 praecedens
839 525 997 558 articulus,
1014 534 1044 554 n.
1061 524 1211 566 73Ο[α])
1229 530 1237 565 J
1270 516 1373 556 inde
1399 517 1601 569 Sequitur
1622 517 1742 570 qUOd
1764 530 1846 570 pel·

365 574 492 622 haec,
532 588 707 627 nempe,
749 574 866 614 “ubi
907 574 1065 615 mulier
1100 575 1237 616 habet
1276 575 1424 616 locum
1462 584 1777 630 praeparatum
1817 591 1844 619 a

367 636 504 684 Deo,''
536 637 812 689 significetur
843 643 990 677 status
1022 637 1239 678 ecclesiae
1271 645 1318 678 ut
1350 639 1522 679 interea
1554 639 1844 692 provideatur

365 699 481 739 inter
521 699 681 752 plures,
716 706 761 740 et
798 700 916 752 quod
958 713 1035 752 per
1074 700 1218 740 adhuc
1261 702 1508 754 sequentia,
1543 715 1718 755 nempe,
1754 706 1843 744 “ut

363 761 489 801 alant
527 775 626 801 eam
664 762 819 802 diebus
857 761 978 802 mille
1014 762 1219 803 ducentis
1256 763 1538 816 sexaginta,’'
1569 763 1844 817 significetur

364 834 504 873 usque
535 822 640 861 dum
672 823 837 862 crescit
867 822 911 862 in
943 822 1127 875 Plenum
1159 833 1213 868 (de
1232 843 1297 870 quo
1316 843 1391 863 mox
1411 835 1498 868 infra,
1518 845 1549 865 n.
1571 834 1683 876 732).
1749 824 1840 866 sed

364 883 419 923 de
442 883 527 923 hoc
552 888 675 922 statu
698 882 931 931 eeclesiae,
956 884 1028 936 qui
1051 883 1318 936 intelligitur
1341 899 1418 937 per
1437 889 1462 905 “
1477 886 1623 926 locum
1647 885 1842 927 mulieris

363 945 405 984 in
438 945 660 992 deserto,''
691 946 734 985 in
767 945 1059 998 sequentibus
1095 945 1223 998 hujus
1256 948 1414 1000 capitis
1447 948 1636 1001 amplius
1667 949 1840 1001 agitur;

364 1007 525 1047 dicitur
556 1008 675 1047 enim
708 1008 827 1060 quod
862 1007 1074 1048 “mulieri
1106 1008 1240 1048 datae
1273 1010 1362 1048 sint
1394 1010 1506 1050 duae
1538 1010 1636 1050 alae
1667 1011 1843 1064 aquilae

364 1082 570 1121 magnae,
591 1076 638 1109 ut
657 1070 831 1110 volaret
854 1070 896 1109 in
916 1070 1144 1110 desertum
1164 1071 1207 1110 in
1227 1070 1373 1111 locum
1393 1085 1532 1119 suum,
1553 1072 1625 1112 ubi
1647 1072 1844 1114 aleretur

365 1137 543 1184 tempus
567 1138 612 1171 et
635 1138 841 1184 tempora
861 1138 906 1172 et
925 1132 1155 1172 dimidium
1181 1134 1395 1186 temporis
1414 1148 1438 1173 a
1456 1134 1566 1174 facie
1584 1135 1791 1176 draconis
1808 1135 1841 1186 ;”

362 1200 539 1245 praeter
562 1193 699 1246 plura.
762 1193 895 1246 Quod
921 1194 1083 1234 “locus
1100 1194 1118 1209 '’
1141 1194 1364 1247 significet
1388 1202 1572 1243 statum,
1597 1202 1667 1236 est
1690 1210 1748 1237 ex
1771 1211 1839 1245 eo,

362 1256 479 1309 quod
503 1257 663 1309 spatia,
689 1256 801 1304 loca,
829 1257 1071 1297 distantiae
1094 1258 1137 1297 in
1161 1258 1328 1298 mundo
1347 1258 1563 1310 spirituali
1586 1260 1674 1300 sint
1698 1260 1740 1300 in
1763 1273 1842 1301 sua

362 1319 533 1371 origine
560 1324 707 1359 status
730 1319 877 1358 vitae:
912 1326 1134 1372 apparent
1157 1320 1336 1372 quidem
1363 1320 1438 1360 illa
1461 1334 1638 1373 prorsus
1660 1322 1775 1363 sicut
1797 1323 1841 1363 in

361 1381 447 1421 hoc
481 1381 678 1429 mundo;
722 1380 800 1420 sed
833 1394 972 1433 usque
1003 1381 1209 1422 differunt
1241 1382 1283 1421 in
1316 1396 1383 1430 eo,
1417 1384 1535 1435 quod
1567 1384 1751 1437 quisque
1782 1398 1841 1426 ex

361 1443 463 1483 loco
495 1443 566 1482 ubi
599 1442 775 1483 habitat
809 1449 1022 1483 noscatur
1053 1444 1195 1497 qualis
1227 1451 1309 1492 est,
1339 1451 1384 1484 et
1416 1446 1599 1498 quisque
1630 1459 1688 1486 ex
1719 1447 1840 1500 quali

362 1520 442 1546 suo
483 1512 694 1546 noscatur
733 1506 805 1545 ubi
846 1506 1050 1556 habitat3
1098 1507 1161 1547 ita
1201 1508 1244 1547 in
1289 1509 1515 1548 communi
1551 1509 1698 1561 quoad
1740 1509 1840 1551 loca

362 1569 559 1609 omnium
583 1568 829 1608 secundum
857 1568 1028 1621 plagas,
1053 1583 1103 1609 ac
1132 1570 1194 1609 ita
1220 1570 1262 1609 in
1290 1570 1545 1622 particulari
1567 1571 1715 1624 quoad
1738 1571 1839 1612 loca
1883 1590 1887 1593 ·

362 1633 405 1670 in
429 1631 736 1678 societatibus,
762 1637 807 1671 et
831 1645 1006 1684 quoque
1031 1632 1075 1671 in
1099 1632 1310 1684 singulari
1333 1633 1480 1685 quoad
1508 1632 1608 1674 loca
1623 1634 1674 1673 'in
1695 1633 1839 1674 domi-

360 1694 454 1742 bus,
472 1694 609 1733 immo
628 1694 670 1732 in
690 1694 904 1733 cameris:
934 1694 1037 1734 inde
1058 1700 1184 1746 patet
1204 1695 1322 1747 quod
1341 1695 1465 1735 locus
1482 1702 1528 1735 et
1547 1695 1676 1748 quale
1694 1702 1841 1738 status

361 1769 495 1796 unum
517 1762 671 1808 agant,
697 1761 742 1795 et
766 1755 850 1795 hoc
877 1769 936 1795 ex
959 1769 1092 1796 causa
1114 1757 1215 1809 quia
1241 1759 1390 1797 omnia
1414 1772 1527 1810 quae
1553 1759 1596 1797 in
1622 1758 1840 1810 spirituali

362 1819 529 1858 mundo
555 1825 672 1865 sunt,
698 1831 811 1871 quae
837 1831 987 1858 coram
1011 1818 1150 1859 oculis
1176 1827 1410 1872 apparent,
1436 1834 1572 1873 usque
1599 1821 1654 1860 ad
1682 1827 1837 1869 terras,

360 1887 464 1921 sunt
487 1880 913 1932 correspondentiae
936 1881 1229 1933 spiritualium
1248 1896 1256 1931 ;
1289 1882 1392 1922 inde
1415 1889 1484 1922 est
1503 1883 1621 1935 quod
1643 1882 1838 1924 “locus‘’

360 1939 582 1992 significet
605 1946 789 1980 Statum.
839 1951 951 1988 (Quod
965 1952 1076 1988 spatia,
1092 1953 1162 1981 loca
1177 1958 1207 1981 et
1222 1953 1387 1982 distantiae
1402 1955 1434 1982 in
1449 1963 1507 1983 sua
1521 1954 1641 1991 origine
1655 1955 1716 1984 sint
1730 1960 1839 1990 status,

358 2007 394 2026 ac
410 1999 483 2026 inde
498 1999 528 2026 in
544 1999 651 2026 Verbo
662 1999 836 2035 significent
850 2003 956 2032 status,
970 2000 1111 2028 videatur
1126 2001 1156 2028 in
1172 2010 1267 2038 opere
1283 2002 1334 2030 De
1349 2002 1440 2030 Caelo
1454 2006 1485 2031 et
1494 2003 1632 2041 Inferna,
1645 2012 1676 2032 n.
1691 2011 1839 2041 191—199,

358 2048 411 2075 ubi
429 2048 478 2076 De
493 2048 601 2084 Spatio
616 2048 647 2075 in
661 2048 759 2076 Caelo
772 2048 879 2076 adium
896 2050 967 2086 est.)
1026 2038 1141 2079 Inde
1163 2053 1340 2092 quoque
1367 2047 1436 2080 est
1462 2042 1583 2094 quod
1609 2043 1652 2082 in
1679 2048 1838 2083 nostro

358 2099 525 2139 mundo
547 2105 778 2151 receptum
802 2101 858 2140 sit
877 2106 1045 2140 statum
1064 2114 1226 2142 vocare
1246 2102 1392 2142 locum
1415 2117 1422 2152 ;
1457 2109 1503 2143 ut
1526 2104 1645 2157 quod
1668 2105 1838 2145 consti-

360 2167 483 2201 tutus
515 2162 572 2201 sit
601 2162 681 2200 “in
714 2161 816 2202 loco
848 2162 1008 2209 celso,''
1033 2164 1118 2203 “in
1146 2163 1247 2204 loco
1274 2165 1528 2214 eminenti,'’
1553 2173 1598 2207 et
1627 2167 1709 2207 “in
1736 2166 1838 2208 loco

359 2222 557 2271 illustri,”
589 2237 669 2276 pro
701 2224 743 2263 in
775 2230 899 2264 statu
930 2224 1066 2273 celso,
1105 2226 1318 2266 eminenti
1350 2234 1395 2267 et
1427 2227 1599 2268 illustri.
1662 2228 1736 2269 Ex
1768 2229 1837 2269 his

360 2292 568 2326 constare
591 2292 743 2338 potest
764 2287 868 2339 quid
895 2287 1162 2340 intelligitur
1190 2302 1267 2342 per
1289 2290 1407 2342 quod
1432 2290 1650 2331 Dominus
1672 2292 1837 2334 dixerit

359 2348 598 2401 discipulis,
1724 2347 1732 2356 ⁵

431 2447 533 2488 Quod
551 2449 586 2478 in
601 2449 707 2480 domo
728 2449 841 2480 Patris
859 2450 911 2481 sui
926 2451 1131 2482 mansiones
1147 2452 1277 2482 multae
1291 2453 1370 2490 sint,
1385 2459 1419 2483 et
1434 2453 1525 2493 quod
1539 2454 1640 2485 abeat
1653 2454 1698 2486 ad
1711 2464 1838 2494 paran-

530 2492 611 2522 dum
634 2492 701 2523 illis
722 2493 848 2530 locum,
867 2500 901 2524 et
921 2494 950 2524 si
970 2494 1118 2525 abiverit
1135 2501 1169 2525 et
1189 2495 1364 2534 paraverit
1384 2496 1450 2527 illis
1471 2497 1585 2527 locum
1603 2497 1697 2538 quod
1714 2503 1837 2529 ventu·

531 2545 589 2565 rus
606 2541 640 2566 et
656 2543 901 2575 assumpturus
922 2537 1000 2568 illos
1020 2537 1064 2568 ad
1085 2538 1128 2568 Se
1151 2538 1270 2577 Ipsum
1292 2538 1389 2579 (Joh.
1407 2539 1476 2571 xiv.
1494 2547 1523 2577 2,
1542 2540 1592 2578 3):

357 2655 435 2694 per
451 2643 475 2660 “
488 2653 643 2692 parare
660 2640 745 2680 illis
765 2640 912 2681 locum
925 2635 1229 2694 ”significatur
1246 2643 1477 2695 providere
1496 2644 1670 2685 caelum
1691 2646 1832 2686 cuivis

358 2703 600 2743 secundum
624 2709 793 2742 statum
816 2704 935 2743 vitae
957 2703 1074 2755 ejus;
1108 2717 1210 2744 nam
1234 2718 1311 2757 per
1332 2705 1609 2758 “discipulos
1623 2706 1641 2721 ”
1664 2707 1833 2748 intelli-

357 2771 522 2817 guntur
544 2777 701 2804 omnes
724 2765 795 2817 qui
822 2765 878 2805 ab
904 2766 1095 2806 ecclesia
1123 2766 1264 2819 Ipsius
1290 2767 1420 2807 futuri
1448 2774 1565 2808 sunt.
1626 2768 1687 2809 Et
1714 2770 1832 2822 apud

356 2827 533 2875 Lucam,

421 2923 601 2964 “Quando
621 2923 823 2954 immundus
843 2924 985 2963 spiritus
1006 2925 1078 2956 exit
1096 2925 1141 2956 ab
1162 2926 1314 2962 nomine,
1336 2932 1498 2966 peragrat
1518 2926 1610 2957 sicca
1628 2926 1706 2958 loca
1725 2936 1831 2967 quae-

529 2976 609 2997 rens
630 2966 815 3006 requiem'’
836 2967 893 2998 (xi.
915 2967 989 3005 24);
