2008 3458
615 381 721 414 CAP.
746 381 861 423 xiv„
884 382 1023 415 VERs.
1052 382 1219 427 15.—N.
1243 372 1413 428 911[a].
1642 384 1749 429 2453

258 494 389 550 rum”
420 494 703 550 significatur
734 495 927 537 ecclesia
964 495 1146 537 Domini
1184 497 1227 537 in
1265 496 1402 538 caelis
1439 502 1485 538 et
1522 496 1566 537 in
1604 498 1748 544 terris,

257 571 363 600 nam
400 558 619 600 utrobivis
657 564 727 599 est
765 558 983 609 ecclesia;
1027 573 1104 612 per
1138 559 1410 600 “hominem
1448 560 1750 601 seminantem

254 621 428 665 bonum
465 634 622 663 semen
661 622 705 662 in
743 635 855 675 agro
892 622 1003 662 suo*¹
1035 622 1306 676 intelligitur
1343 622 1565 663 Dominus
1602 623 1751 676 quoad

258 685 473 728 Divinum
498 683 686 733 Verum,
715 684 836 738 quod
864 691 934 725 est
962 684 1179 733 Verbum,
1208 686 1251 726 in
1278 685 1498 736 ecclesia;
1535 685 1751 734 “homo,''

256 747 332 804 qui
356 748 401 790 in
427 748 723 802 sequentibus
749 754 939 788 vocatur
968 747 1147 788 “Filius
1170 747 1406 797 hominis‚”
1432 754 1502 789 est
1530 748 1751 789 Dominus

257 811 408 866 quoad
434 809 653 859 Verbum,
684 810 891 851 “bonum
925 811 1113 852 semen”
1139 818 1209 852 est
1243 811 1455 852 Divinum
1489 811 1676 859 Verum,
1705 818 1751 852 et

261 873 440 929 “ager”
466 880 538 916 est
570 873 765 915 ecclesia
796 873 869 914 ubi
897 873 1100 915 Verbum
1133 881 1230 915 est:
1267 875 1413 915 “dum
1440 874 1750 916 dormiverunt

256 936 480 988 homines,
504 938 630 978 venit
657 936 750 990 ejus
776 937 996 985 inimicus,
1026 943 1072 978 et
1099 938 1341 978 seminavit
1369 938 1552 986 zizania,
1582 944 1627 979 et
1655 938 1750 979 abi-

237 1000 363 1051 ,vit‚'’
393 999 621 1055 significat
657 1001 779 1054 quod
816 1000 923 1041 dum
960 1000 1169 1041 homines
1201 1002 1342 1042 vitam
1380 1001 1635 1042 naturalem
1673 1015 1752 1042 seu

254 1064 398 1107 vitam
430 1064 586 1106 mundi
617 1070 775 1117 agunt,
810 1071 918 1105 tunc
952 1064 1073 1105 mala
1103 1065 1161 1105 ab
1192 1064 1366 1105 inferno
1398 1064 1516 1105 clam
1549 1079 1627 1106 seu
1664 1065 1751 1106 illis

249 1127 572 1182 ignorantibus
612 1128 842 1169 insinuent
884 1134 931 1169 et
973 1127 1249 1181 implantent
1291 1127 1429 1178 falsa;
1483 1128 1750 1169 “dormire’'

194 1244 200 1250 ⁸
253 1190 482 1245 significat
513 1192 655 1233 vitam
688 1191 942 1233 naturalem
975 1205 1053 1232 seu
1084 1191 1227 1232 vitam
1266 1191 1420 1232 mundi
1453 1205 1602 1244 agere,
1636 1206 1750 1245 quae

190 1264 192 1266 “
254 1254 352 1296 vita
381 1260 452 1296 est
484 1267 670 1296 somnus
697 1252 948 1308 respective
974 1254 1032 1295 ad
1058 1254 1200 1295 vitam
1227 1253 1507 1307 spiritualem
1535 1268 1648 1308 quae
1680 1261 1750 1295 est

256 1316 438 1372 vigilia;
474 1317 749 1359 “inimicus”
775 1316 1002 1371 significat
1030 1317 1150 1358 mala
1181 1317 1238 1358 ab
1270 1317 1456 1366 inferno,
1485 1331 1599 1371 quae
1625 1317 1750 1358 illam

255 1381 398 1423 vitam
439 1387 699 1435 separatam
740 1395 767 1422 a
807 1382 902 1422 vita
943 1380 1163 1435 spirituali
1205 1379 1436 1430 afficiunt;
1487 1381 1751 1421 “seminare

254 1443 457 1486 zizania”
483 1443 710 1498 significat
736 1444 962 1486 insinuare
994 1451 1040 1485 et
1073 1443 1345 1498 implantare
1371 1443 1508 1495 salsa;
1545 1448 1629 1484 “et
1656 1443 1750 1484 abi-

253 1506 361 1558 vitss'
391 1507 619 1563 significat
650 1509 771 1563 quod
808 1509 852 1550 id
885 1508 1002 1550 clam
1035 1521 1087 1550 ac
1120 1508 1207 1549 illis
1239 1508 1553 1561 ignorantibus
1584 1505 1750 1548 factum

258 1571 345 1612 sit:
393 1574 536 1613 “cum
567 1585 677 1613 vero
707 1572 982 1625 germinavit
1013 1571 1155 1613 herba
1186 1578 1232 1612 et
1265 1569 1455 1612 suffitum
1487 1571 1608 1619 fecit,
1642 1576 1749 1611 tunc

251 1641 563 1688 apparuerunt
590 1649 769 1690 quoque
797 1635 1006 1684 zizania,'’
1033 1634 1259 1689 significat
1293 1648 1394 1675 cum
1421 1641 1645 1675 cresceret
1673 1648 1750 1675 ve—

255 1710 354 1740 rum
395 1703 444 1740 et
485 1699 812 1753 produceretur
848 1699 1032 1748 bonum,
1070 1698 1182 1739 falsa
1218 1712 1278 1739 ex
1321 1697 1442 1738 malo
1483 1699 1751 1739 intermixta

255 1767 440 1813 essent3
488 1762 670 1804 “herba
709 1762 1004 1816 germinans'’
1041 1761 1266 1815 significat
1309 1775 1464 1802 verum
1505 1761 1638 1815 quale
1680 1768 1750 1802 est

254 1824 364 1867 dum
390 1826 583 1879 primum
608 1826 836 1880 recipitur,
868 1824 1102 1867 “fructus'’
1125 1824 1348 1878 significat
1381 1825 1565 1873 bonum,
1595 1825 1750 1882 “ziga-

246 1887 362 1929 ⁴nia”
379 1887 640 1942 significant
657 1888 770 1930 falsa
791 1903 851 1931 ex
875 1888 1010 1935 malo,
1030 1889 1102 1930 hic
1126 1889 1203 1929 illa
1225 1889 1519 1929 intermixta:
1557 1891 1749 1928 “acces-

255 1957 413 1994 serunt
431 1952 549 1993 servi
567 1951 905 1994 Patrisfamilias
927 1951 1012 2006 [et]
1033 1953 1247 1993 dixerunt
1271 1951 1347 1999 illi,
1370 1951 1579 2000 Domine,
1600 1964 1751 1992 nonne

254 2014 426 2056 bonum
462 2027 619 2056 semen
657 2016 892 2056 seminasti
929 2017 972 2056 in
1010 2029 1122 2068 agro
1159 2014 1268 2055 tuo?
1310 2014 1429 2054 unde
1465 2028 1575 2067 ergo
1611 2013 1751 2054 habet

207 2087 210 2090 '
256 2078 428 2120 zizania
445 2076 483 2119 ?”
515 2077 742 2131 significat
769 2078 874 2120 illos
899 2079 973 2132 qui
1005 2079 1048 2119 in
1075 2079 1191 2119 veris
1224 2092 1283 2118 ex
1315 2078 1437 2117 bono
1469 2084 1573 2118 sunt
1606 2077 1749 2130 perci-

255 2142 436 2196 pientes
463 2141 584 2195 quod
617 2141 730 2182 falsa
756 2155 815 2183 ex
847 2142 970 2183 malo
996 2148 1150 2183 essent
1175 2141 1457 2188 intermixta,
1487 2147 1533 2181 et
1560 2153 1750 2194 queren-

254 2211 353 2256 tes;
388 2205 548 2246 “servi
575 2205 793 2246 Domini'’
816 2205 1076 2259 significant
1102 2204 1205 2246 illos
1232 2205 1305 2258 qui
1331 2205 1375 2244 in
1401 2205 1517 2245 veris
1544 2218 1602 2245 ex
1629 2204 1750 2244 bono

253 2273 376 2318 sunt,
407 2267 807 2309 “Paterfamilias’'
833 2267 1060 2323 significat
1091 2268 1340 2309 Dominum
1373 2267 1521 2321 quoad
1554 2281 1659 2307 vera
1691 2281 1750 2308 ex

253 2331 377 2374 bono
401 2329 631 2386 (“‘Pater”
659 2331 814 2385 Ipsum
840 2332 990 2386 quoad
1017 2332 1200 2379 bonum,
1230 2338 1276 2372 et
1306 2329 1538 2371 “familiae
1551 2330 1569 2344 ’'
1597 2330 1750 2383 Ipsum

254 2389 404 2450 quoad
430 2393 573 2449 vera),
605 2395 811 2436 “bonum
838 2394 1034 2443 semen,'’
1063 2394 1241 2448 “ager‘’
1268 2400 1314 2435 et
1345 2393 1583 2434 “zizania'’
1610 2394 1749 2446 signi-

254 2456 395 2499 ficant
431 2458 593 2500 eadem
630 2472 745 2513 quae
782 2472 940 2512 supra:
988 2462 1074 2499 “et
1116 2458 1234 2498 dixit
1271 2457 1372 2506 illis,
1413 2457 1624 2497 Inimicus
1661 2457 1746 2497 hoc

251 2519 401 2574 fecit,‘’
423 2520 650 2575 significat
676 2522 798 2576 quod
824 2521 937 2562 salsa
963 2521 1040 2562 illa
1065 2527 1219 2562 essent
1247 2534 1306 2561 ex
1334 2520 1454 2560 malo
1481 2521 1524 2560 in
1553 2520 1749 2560 naturali

253 2583 464 2626 homine:
500 2585 655 2626 “servi
687 2592 842 2626 autem
874 2585 1090 2625 dixerunt
1122 2583 1200 2631 illi,
1236 2584 1445 2631 Domine,
1480 2584 1605 2623 visne
1638 2596 1747 2636 ergo

251 2646 474 2689 abeuntes
506 2647 777 2702 colligamus
809 2649 979 2688 zizania
995 2647 1034 2688 ?'’
1075 2646 1300 2700 significat
1333 2646 1667 2700 separationem
1700 2653 1747 2687 et

252 2708 521 2764 ejectionem
557 2710 773 2753 salsorum
815 2726 874 2752 ex
917 2710 1052 2759 malo,
1090 2716 1337 2763 antequam
1379 2723 1484 2750 vera
1525 2723 1584 2750 ex
1626 2709 1747 2750 bono

251 2779 439 2828 recepta
469 2780 516 2816 et
548 2773 681 2816 aucta
713 2781 843 2816 sunt:
891 2774 1031 2827 “Ipse
1064 2787 1171 2814 vero
1202 2773 1334 2821 dixit,
1369 2773 1437 2813 Ne
1470 2773 1584 2813 sorte
1617 2772 1745 2813 colli-

252 2842 418 2890 gentes
445 2837 616 2878 zizania
642 2838 881 2879 eradicetis
910 2836 1039 2877 simul
1066 2849 1167 2876 cum
1193 2836 1280 2876 illis
1307 2834 1549 2883 triticum‚'’
1576 2834 1746 2888 signifi-

250 2905 328 2941 cat
349 2900 471 2954 quod
497 2902 558 2942 sic
584 2902 722 2942 etiam
748 2901 912 2955 periret
937 2912 1091 2940 verum
1115 2913 1174 2940 ex
1201 2899 1322 2939 bono
1348 2905 1393 2939 et
1417 2899 1745 2939 incrementum

253 2960 374 3015 ejus;
417 2976 523 3018 nam
561 2964 680 3018 apud
713 2964 921 3005 homines
953 2962 1173 3004 ecclesiae
1203 2976 1310 3003 vera
1342 2962 1610 3002 intermixta
1641 2969 1745 3003 sunt

251 3025 394 3078 falsis,
421 3041 537 3082 quae
569 3041 660 3069 non
687 3027 898 3081 separari,
927 3033 973 3068 et
1006 3025 1116 3067 falsa
1143 3025 1239 3080 ejici
1266 3031 1471 3079 possunt,
1500 3031 1744 3080 antequam
