2008 3458
647 361 754 394 CAP.
779 361 896 403 XIV„
921 362 1058 395 VERs.
1089 354 1257 395 18.-N.
1281 352 1376 407 916.
1645 336 1756 406 2463

261 475 526 533 principalia
562 475 712 518 cultus
749 482 896 524 erant,
936 489 1099 530 nempe
1136 477 1383 518 tentorium
1422 482 1677 517 conventus
1713 481 1760 517 et

260 540 421 592 altare,
448 554 501 582 ac
524 546 688 595 postea
714 539 937 593 templum
965 546 1011 580 et
1038 539 1211 590 altare;
1242 540 1286 580 in
1313 538 1488 592 templo
1511 539 1762 580 docebatur

260 603 480 653 Verbum,
497 609 546 646 et
563 616 696 657 super
709 602 844 643 altari
863 601 1032 643 fiebant
1052 602 1287 653 sacrificia;
1316 602 1427 642 haec
1447 607 1577 643 erant
1596 602 1760 655 princi-

261 666 383 722 palia
404 666 554 709 cultus
576 666 782 708 illorum:
818 672 864 706 et
892 666 994 718 quia
1018 665 1212 706 ecclesia
1237 666 1357 719 apud
1384 665 1486 706 illos
1509 665 1762 705 instaurata

259 729 342 773 suit
365 729 560 772 ecclesia
581 729 988 783 repraesentativa,
1014 728 1116 769 ideo
1139 728 1217 769 illa
1240 729 1329 769 duo
1352 728 1760 781 repraesentabant

261 793 416 836 omnia
433 791 655 835 eeclesiae
677 792 720 832 in
744 804 921 832 summa
939 805 948 841 ;
976 797 1022 832 et
1041 792 1193 832 omnia
1211 791 1431 832 ecclesiae
1454 791 1497 831 in
1517 803 1692 831 summa
1714 804 1762 831 se

206 888 207 892 ,
261 854 460 909 referunt
478 855 536 896 ad
559 868 714 896 verum
733 852 967 895 do6trinae
987 868 1045 895 ex
1066 854 1237 902 Verbo,
1257 861 1303 895 et
1327 854 1383 894 ad
1408 854 1577 894 bonum
1596 854 1762 894 amoris

261 925 308 962 et
325 919 590 969 charitatis;
614 933 673 960 ex
689 918 759 959 his
773 917 950 959 duobus
966 919 1104 958 etiam
1121 918 1267 958 omnis
1283 917 1431 958 cultus
1447 917 1666 958 ecclesiae
1684 915 1734 957 fit
1752 930 1761 967 ;

237 988 311 1037 ‚et
335 983 440 1038 quia
465 982 617 1024 omnia
643 982 1035 1036 repraesentativa
1057 980 1278 1022 ecclesiae
1302 979 1573 1034 spe&abant
1601 979 1761 1020 Domi-

263 1058 371 1088 num
397 1051 447 1087 ut
473 1045 608 1087 finem
635 1059 686 1086 ac
721 1051 770 1086 ut
796 1057 995 1092 causam,
1025 1045 1088 1085 ita
1115 1044 1172 1084 ad
1199 1057 1332 1097 quem
1360 1050 1406 1084 et
1434 1057 1459 1084 a
1485 1057 1573 1097 quo
1596 1043 1761 1090 omnia,

242 1103 368 1153 ¹ideo
393 1122 474 1164 per
499 1108 722 1162 templum
749 1108 1181 1162 repraesentabatur
1207 1107 1430 1147 Dominus
1456 1107 1604 1160 quoad
1637 1106 1762 1147 Divi-

263 1182 372 1212 num
391 1169 564 1212 Verum
581 1184 633 1211 ac
653 1184 733 1224 per
750 1170 898 1211 altare
918 1169 1143 1210 Dominus
1160 1169 1310 1222 quoad
1335 1168 1549 1208 Divinum
1569 1168 1762 1208 Bonum.

262 1241 330 1279 (De
341 1249 408 1280 qua
416 1241 527 1280 templi
538 1243 838 1279 repraesentatione,
848 1243 994 1271 videatur
1006 1249 1111 1278 supra,
1122 1249 1152 1269 n.
1165 1239 1249 1269 220
1260 1249 1266 1274 ;
1283 1244 1314 1268 et
1326 1240 1366 1268 de
1379 1239 1493 1273 altaris,
1504 1248 1535 1268 n.
1549 1239 1623 1280 391
1635 1262 1641 1273 ,
1651 1238 1763 1280 490.)

263 1291 383 1347 Quia
414 1305 531 1334 nunc
565 1293 717 1334 omnia
744 1292 967 1334 ecclesiae
1000 1299 1046 1333 et
1079 1291 1184 1332 inde
1216 1290 1364 1331 cultus
1398 1304 1446 1331 se
1477 1290 1674 1330 referunt
1706 1289 1763 1329 ad

262 1356 354 1398 duo
384 1355 487 1405 illa,.
504 1369 668 1410 nempe
694 1356 752 1396 ad
777 1370 932 1398 verum
961 1353 1198 1396 doetrinae
1225 1361 1271 1395 et
1298 1354 1355 1394 ad
1387 1354 1555 1394 bonum
1583 1353 1761 1400 amoris,

262 1431 316 1466 ac
332 1419 494 1476 'omnia
515 1419 630 1461 caeli
652 1420 709 1460 ad
734 1419 949 1461 Divinum
974 1419 1146 1460 Verum
1177 1425 1223 1459 et
1250 1418 1307 1458 ad
1331 1417 1545 1458 Divinum
1571 1416 1762 1463 Bonum,

263 1489 504 1538 utrumque
535 1496 561 1524 a
593 1482 807 1532 Domino,
831 1490 878 1524 et
914 1483 1018 1537 quia
1050 1495 1152 1523 cum
1185 1481 1297 1522 haec
1324 1487 1508 1521 vastata
1537 1486 1640 1520 sunt
1674 1492 1764 1519 non

263 1545 457 1601 amplius
487 1552 559 1588 est
590 1545 740 1600 aliqua
787 1546 996 1595 ecclesia,
1030 1546 1133 1586 ideo
1173 1545 1255 1585 visi
1291 1550 1396 1584 sunt
1440 1543 1636 1596 Johanni
1674 1542 1764 1582 bini

221 1639 230 1642 -
265 1608 434 1664 angeli,
471 1623 550 1664 per
591 1623 704 1664 quos
747 1615 1093 1664 repraesentata
1134 1614 1204 1650 est
1245 1608 1504 1648 devastatio
1546 1605 1765 1647 ecclesiae

263 1672 415 1728 quoad
440 1679 695 1727 utrumque.

205 1794 210 1800 .
345 1739 485 1793 916·
519 1739 709 1780 “liabens
733 1742 980 1792 potestatem
1009 1751 1136 1792 supet·
1163 1735 1503 1791 ''qnam-Quod
1536 1734 1764 1788 significet

265 1802 331 1845 ita
345 1803 495 1858 quoad
505 1817 698 1844 amorem
718 1803 944 1845 caelestem
961 1810 1003 1844 et
1023 1802 1317 1856 spiritualem,
1338 1806 1520 1842 constat
1544 1814 1603 1840 ex
1626 1800 1765 1852 signi-

266 1865 481 1909 ficatione
509 1866 708 1921 “ignis,''
729 1867 850 1921 quod
883 1867 942 1908 sit
973 1880 1101 1907 amor
1126 1866 1168 1906 in
1203 1872 1394 1918 utroque
1427 1877 1575 1911 sensu,
1604 1875 1766 1915 nempe

267 1924 465 1977 amorssi'n
497 1930 759 1979 Dominum,
787 1931 860 1984 qui
893 1936 963 1971 est
990 1930 1111 1983 apud
1145 1928 1247 1970 illos
1273 1929 1317 1968 in
1345 1927 1472 1969 caelo
1498 1927 1571 1980 qui
1597 1938 1765 1966 vocan-

267 1999 342 2035 tur
366 1992 519 2047 angeli
541 1993 779 2042 caelestes,
803 2000 849 2035 et
873 2007 1001 2034 amor
1023 2006 1132 2046 erga
1159 1992 1432 2046 proximum,
1452 1991 1526 2043 qui
1552 1996 1622 2030 est
1649 1988 1767 2042 apud

268 2055 373 2099 illos
398 2056 443 2098 in
469 2056 599 2098 caelo
624 2057 698 2111 qui
723 2063 947 2098 vocantur
973 2056 1124 2110 angeli
1150 2054 1432 2109 spirituales;
1467 2066 1517 2094 ac
1545 2053 1588 2093 in
1621 2065 1766 2106 oppo-

258 2120 360 2171 ¹sito
381 2133 517 2162 sensu
540 2133 669 2161 amor
691 2121 772 2169 sui,
793 2121 867 2174 qui
889 2127 960 2162 est
983 2120 1103 2173 apud
1126 2119 1228 2159 illos
1250 2119 1294 2158 in
1317 2117 1490 2158 inferno
1508 2116 1581 2170 qui
1599 2128 1767 2156 vocan-

268 2190 343 2226 tur
364 2183 548 2232 diaboli,
568 2190 615 2225 et
637 2197 766 2225 amor
790 2184 959 2231 mundi,
980 2184 1053 2237 qui
1076 2189 1145 2223 est
1169 2182 1287 2236 apud
1310 2181 1412 2222 illos
1435 2181 1478 2221 in
1501 2179 1673 2221 inferno
1695 2179 1768 2232 qui

268 2251 496 2288 vocantur
530 2251 736 2287 Satanae.
795 2256 909 2294 (Quod
923 2256 967 2285 illi
982 2264 1107 2285 amores
1122 2264 1179 2292 per
1192 2252 1208 2262 ‘⁸
1221 2254 1327 2292 ignem
1341 2253 1357 2262 '¹
1372 2253 1404 2282 in
1419 2253 1528 2282 Verbo
1543 2251 1769 2289 significentur,

269 2299 416 2347 videami-
429 2305 771 2358 supra.n.68,496,
789 2315 880 2359 504,
898 2315 1005 2359 539.)
1064 2304 1199 2357 Quod
1222 2304 1277 2344 de
1300 2303 1386 2344 hoc
1405 2302 1574 2355 angelo
1592 2301 1770 2341 dicatur

270 2371 392 2427 quod
421 2371 654 2412 “haberet
687 2377 971 2426 potestatem
1004 2384 1137 2424 super
1165 2368 1358 2422 ignem,”
1385 2375 1455 2409 est
1488 2368 1590 2421 quia
1621 2367 1771 2419 agitur

271 2435 328 2477 de
353 2435 672 2477 devastatione
697 2434 919 2476 ecclesiae
946 2434 1094 2487 quoad
1126 2433 1295 2474 bonum
1323 2432 1502 2479 amoris,
1530 2444 1581 2471 ac
1609 2430 1770 2470 devas-

274 2498 393 2540 tatio
428 2498 578 2552 quoad
614 2497 725 2539 illud
763 2498 974 2539 tribuitur
1010 2497 1084 2537 isti
1126 2495 1306 2548 angelo,
1346 2502 1394 2535 ut
1436 2494 1568 2548 priori
1605 2491 1771 2546 angelo

272 2561 536 2603 devastatio
557 2561 707 2615 quoad
725 2574 880 2602 verum
904 2558 1150 2607 doetrinae,
1172 2559 1241 2599 cui
1264 2559 1366 2599 ideo
1388 2558 1468 2598 fuit
1486 2556 1617 2597 “falx
1636 2562 1771 2596 acuta

275 2625 320 2667 in
353 2624 540 2666 manu:”
571 2625 676 2666 inde
710 2631 838 2678 patet
878 2623 982 2677 quid
1021 2622 1292 2675 intelligitur
1324 2635 1402 2674 per
1433 2619 1553 2673 quod
1595 2619 1772 2659 dicatur

275 2689 397 2744 quod
415 2688 486 2730 hic
501 2688 692 2742 angelus
707 2693 1029 2741 “potestatem
1048 2699 1180 2739 super
1195 2687 1347 2738 ignem
1367 2682 1595 2731 haberet‚”
1608 2695 1771 2736 nempe

275 2758 326 2794 ut
366 2765 568 2793 amorem
611 2752 859 2793 caelestem
902 2757 948 2791 et
990 2748 1270 2803 spiritualem
1311 2761 1362 2789 ac
1403 2747 1554 2788 omnia
1594 2746 1687 2799 ejus
1727 2747 1771 2786 in

277 2815 471 2858 ecclesia
497 2816 723 2857 devastet.
785 2815 1014 2856 Tribuitur
1046 2812 1213 2865 angelo
1245 2811 1504 2852 devastatio
1537 2809 1770 2858 ecclesiae,

276 2879 394 2921 sicut
435 2878 542 2920 alibi
582 2880 626 2920 in
659 2879 815 2920 Verbo
851 2877 1060 2918 tribuitur
1102 2875 1300 2916 Domino
1321 2889 1329 2925 ;
1376 2873 1454 2914 sed
1497 2873 1582 2914 hoc
1626 2872 1771 2913 solum

274 2943 439 2984 dicitur
463 2944 519 2984 de
547 2943 653 2997 Ipso
680 2944 723 2983 in
750 2955 883 2983 sensu
907 2941 1103 2988 litterae,
1123 2952 1213 2979 non
1236 2945 1389 2978 autem
1413 2938 1474 2978 sic
1499 2936 1771 2990 intelligitur

274 3006 320 3048 in
347 3020 481 3049 sensu
508 3006 755 3062 spirituali3
795 3018 899 3046 nam
926 3004 1094 3045 veritas
1120 3004 1162 3043 in
1190 3015 1323 3043 sensu
1351 3001 1531 3043 litterae
1559 3007 1628 3042 est
1655 3001 1771 3042 sicut
