2008 3458
372 404 483 447 2470
782 400 1113 434 APOCALYPSIS
1144 400 1441 433 EXPLICATA.

372 518 483 558 locis
509 517 552 558 in
579 516 733 557 Verbo
760 515 832 556 ubi
857 513 1056 556 “vinea'’
1078 514 1240 555 dicitur

436 592 500 632 (Ut
516 592 612 623 Esai.
631 592 650 623 i.
666 592 706 628 8;
731 601 805 631 cap.
819 591 865 622 iii.
881 599 941 629 143
961 599 1034 630 cap.
1050 597 1194 626 v.1-10;
1219 599 1293 630 cap.
1307 590 1375 621 xvi.
1392 598 1452 628 10;
1473 599 1547 639 cap.
1562 589 1678 621 xxxvi.
1695 596 1754 628 17;
1778 598 1854 630 cap.

545 635 675 666 xxxvii.
693 643 756 673 3o;
781 644 854 684 cap.
875 634 943 664 lxv.
963 642 1022 665 21:
1053 633 1176 674 Jerem.
1198 633 1254 664 xii.
1275 642 1334 671 10:
1355 643 1429 673 cap.
1449 633 1555 664 xxxii.
1575 641 1633 672 15:
1657 642 1732 673 cap.
1749 642 1854 665 xxxv.

546 687 574 717 7,
595 687 635 718 9;
661 688 735 717 cap.
759 678 875 709 xxxix.
899 686 955 708 10:
981 676 1101 708 Ezech.
1120 677 1238 707 xxviii.
1260 677 1319 708 26:
1344 676 1466 707 Hovclz.
1485 677 1516 707 ii.
1539 684 1597 714 15.
1622 676 1790 708 Amosiv.
1809 685 1854 727 9,

545 732 620 761 cap.
638 731 670 752 v.
694 729 742 758 11,
767 728 825 758 17;
857 730 930 771 cap.
951 721 994 751 ix.
1019 729 1075 757 14:
1105 720 1241 752 Mida}
1245 721 1311 751 ..6
1345 720 1442 760 Zeph.
1462 720 1482 751 i.
1506 727 1565 758 13:
1596 717 1648 750 [¹11
1676 719 1766 751 Sam.
1783 718 1854 751 viii.

548 774 597 815 14,
615 772 672 802 15:
698 764 827 795 Psalm.
842 764 919 795 cvii.
938 771 998 802 37:
1025 765 1152 795 Matth.
1167 774 1222 795 xx.
1240 764 1319 799 Ι-8;
1345 773 1419 803 cap.
1437 763 1506 794 xxi.
1525 763 1575 800 28,
1593 763 1718 801 38-41:
1742 762 1853 794 Marc.

544 809 601 839 xii,
623 817 702 847 1—9:
731 808 813 839 Luc.
834 808 906 839 xiii.
929 808 958 844 6,
981 815 1020 846 7:
1044 817 1119 848 cap.
1136 817 1191 838 xx.
1212 807 1318 847 9—16:
1348 807 1416 838 de‘
1420 805 1551 844 ‘Vite,''
1572 806 1653 848 Joh.
1674 815 1730 838 xv.
1752 813 1854 838 1-12:

545 857 684 891 praeter
700 852 736 882 in
754 851 932 882 historicis
947 850 1084 891 Verbi):

373 946 430 972 ex
464 931 620 984 quibus
653 932 886 972 evidenter
917 938 1124 972 constare
1157 938 1322 984 potest,
1357 932 1475 985 quod
1507 945 1585 984 per
1611 930 1856 973 “vineam”

368 993 654 1045 intelligatur
669 992 877 1033 eCClCSla.
927 1003 1095 1040 (Videatur
1107 1004 1199 1032 etiam
1213 1012 1317 1041 supra,
1329 1013 1358 1032 n.
1373 992 1855 1045 376[b,c],403[b],638[a]‚

366 1052 461 1102 918,
478 1061 533 1089 ubi
549 1061 640 1098 plura
654 1061 725 1089 loca
741 1061 780 1089 de
797 1058 813 1068 ¹¹
826 1060 945 1089 vinea'¹
962 1061 1119 1098 explicata
1137 1061 1234 1098 sunt.)
1288 1050 1363 1090 EX
1389 1050 1720 1103 Significatione
1751 1054 1776 1071 “
1789 1051 1854 1091 Vl·

368 1126 478 1152 neae
491 1112 508 1127 '’
535 1118 742 1152 constare
775 1118 926 1164 potest
959 1111 1077 1164 quod
1110 1125 1186 1164 per
1214 1111 1556 1152 “vindemiare’'
1582 1111 1855 1165 significetur

368 1175 580 1227 colligere
613 1175 667 1215 ad
701 1188 803 1214 usus
834 1174 910 1214 illa
941 1188 1053 1227 quae
1085 1175 1348 1215 inservitura
1379 1182 1483 1215 sunt
1515 1172 1778 1224 intelle6tui‚
1806 1181 1854 1216 et

369 1238 529 1278 datura
559 1237 908 1289 intelligentiam
939 1244 985 1277 et
1017 1238 1296 1289 sapientiam,
1325 1250 1376 1277 ac
1409 1238 1452 1276 in
1485 1237 1694 1289 opposito
1721 1250 1853 1278 sensu

367 1301 602 1340 devastare
629 1300 864 1340 ecclesiam
892 1300 1038 1352 quoad
1070 1300 1237 1340 bonum
1263 1299 1506 1352 spirituale,
1533 1305 1579 1340 et
1611 1300 1672 1340 sic
1705 1299 1854 1353 quoad

368 1361 648 1403 affectionem
671 1376 721 1402 ac
745 1361 1024 1402 intellectum
1047 1364 1136 1402 veri
1158 1376 1165 1402 :
1195 1364 1238 1402 in
1261 1364 1470 1415 opposito
1488 1363 1572 1403 hoc
1595 1376 1728 1404 sensu
1745 1362 1853 1404 dici-

371 1433 441 1466 tur
469 1430 494 1445 ‘⁶
507 1425 760 1465 vindemia''
783 1432 829 1466 et
858 1425 1206 1473 “vindemiare,”
1233 1439 1333 1466 cum
1360 1439 1449 1466 non
1476 1426 1666 1478 amplius
1690 1426 1854 1467 racemi

368 1502 444 1529 seu
468 1503 578 1528 uvae
600 1488 800 1528 residuae
819 1494 952 1538 sunt;
986 1502 1063 1540 per
1085 1489 1203 1541 quod
1227 1490 1268 1528 in
1292 1489 1508 1541 spirituali
1531 1502 1664 1529 sensu
1686 1488 1854 1541 signifi-

368 1558 494 1591 catur
509 1551 627 1603 quod
645 1564 778 1590 omne
797 1551 964 1590 bonum
984 1551 1225 1603 spirituale,
1239 1558 1284 1592 et
1304 1552 1405 1591 inde
1420 1564 1554 1591 omne
1569 1563 1721 1590 verum
1735 1549 1853 1603 quod

367 1614 409 1653 in
437 1627 484 1653 se
510 1626 663 1653 verum
689 1619 771 1662 est,
801 1613 1082 1665 deperditum
1110 1615 1180 1661 sit,
1209 1614 1328 1667 quod
1355 1614 1569 1666 imprimis
1595 1614 1638 1653 in
1664 1612 1855 1653 ecclesia

368 1676 416 1717 fit
443 1690 520 1728 per
541 1676 872 1716 falsificationes
896 1675 1062 1726 Verbi;
1095 1683 1191 1717 tum
1217 1677 1396 1730 quando
1423 1676 1588 1716 malum
1610 1676 1729 1716 vitae
1754 1679 1853 1716 cor-

368 1739 532 1790 rumpit
569 1752 701 1778 omne
739 1738 920 1786 bonum,
953 1745 999 1779 et
1036 1744 1142 1779 tunc
1180 1739 1338 1778 falsum
1376 1736 1604 1778 doctrinae
1636 1737 1852 1790 pervertit

369 1814 501 1841 omne
527 1814 705 1850 verum;
744 1801 827 1841 hoc
856 1801 1118 1841 describitur
1143 1802 1278 1841 etiam
1314 1800 1428 1854 [per]
1459 1804 1750 1840 “vastatores
1762 1798 1781 1815 ”
1806 1806 1854 1840 et

369 1877 445 1916 per
462 1867 486 1884 “
499 1863 649 1903 fures.”
693 1863 824 1915 Quod
844 1864 994 1916 itaque
1010 1877 1086 1916 per
1103 1867 1127 1884 ‘⁶
1141 1864 1534 1904 vindemiationem
1547 1861 1855 1915 ”significetur

368 1926 635 1974 devastatio,
660 1933 786 1979 patet
813 1940 870 1966 ex
898 1927 1186 1979 sequentibus
1214 1926 1322 1966 locis
1341 1925 1549 1978 :—Apud
1575 1924 1779 1974 Esaiam,

435 2012 453 2025 “
465 2010 610 2042 Clamor
629 2021 736 2051 super
752 2011 836 2041 vino
857 2011 891 2041 in
914 2011 1049 2051 plateis,
1068 2011 1354 2042 commiscebitur
1373 2021 1479 2042 omne
1496 2010 1675 2050 gaudium,
1697 2010 1855 2042 exulabit

544 2055 678 2085 laetitia
691 2061 803 2085 terrae
818 2064 824 2092 ;
843 2055 1014 2094 reliquum
1029 2055 1062 2085 in
1075 2055 1159 2085 urbe
1175 2055 1331 2092 vastitas,
1346 2059 1380 2085 et
1393 2064 1502 2094 usque
1514 2054 1557 2084 ad
1571 2054 1853 2085 devastationem

544 2099 781 2128 contundetur
797 2104 917 2137 porta:
939 2098 989 2128 sic
1007 2108 1158 2138 namque
1176 2098 1241 2128 erit
1258 2098 1293 2128 in
1312 2098 1429 2128 medio
1446 2104 1574 2128 terrae.
1590 2121 1597 2129 .
1611 2122 1618 2128 .
1633 2097 1738 2128 .sicut
1754 2097 1852 2128 stric-

545 2148 623 2172 tura
643 2141 752 2178 oleae,
771 2142 861 2172 sicut
877 2142 1134 2172 racemationes
1152 2142 1293 2181 quando
1310 2147 1557 2172 consummata
1573 2146 1627 2172 est
1645 2138 1854 2173 vindemia”

542 2184 650 2224 (xxiv.
671 2185 788 2223 11-13)
805 2194 811 2222 ;

370 2280 448 2319 per
488 2266 598 2306 haec
641 2266 905 2306 describitur
941 2264 1084 2306 luctus
1120 2280 1252 2318 super
1287 2266 1600 2306 devastatione
1635 2264 1853 2306 ecelesiae

369 2329 518 2382 quoad
545 2329 711 2369 bonum
738 2329 935 2369 caeleste
961 2335 1007 2370 et
1034 2329 1180 2382 quoad
1207 2329 1374 2369 bonum
1397 2326 1638 2380 spirituale,
1662 2325 1781 2379 quod
1809 2325 1852 2367 in

371 2405 450 2431 sua
473 2393 669 2432 essentia
691 2398 760 2432 est
785 2405 938 2431 verum
961 2405 1020 2431 ex
1046 2391 1257 2441 caelesti3
1291 2390 1546 2430 devastatio
1567 2389 1643 2430 illa
1668 2401 1852 2440 compa·

370 2461 491 2494 ratur
524 2453 795 2495 “stricturae
823 2453 988 2502 oleae‚’'
1010 2460 1056 2494 et
1082 2453 1493 2496 “racemationibus
1515 2451 1620 2492 dum
1643 2463 1852 2500 consum-

370 2521 495 2555 mata
517 2521 587 2555 est
609 2514 875 2555 vindemia.'’
933 2525 1012 2562 (Sed
1026 2525 1104 2554 haee
1119 2525 1215 2562 prius,
1231 2534 1263 2553 n.
1282 2524 1423 2565 313[b]‚
1439 2513 1584 2565 638[c],
1600 2523 1756 2560 explicata
1767 2521 1856 2551 vide-

369 2583 487 2621 antur.)
545 2572 685 2625 Apud
711 2572 920 2620 eundem,

436 2660 577 2691 “Filiae
597 2659 816 2690 confidentes
840 2659 992 2696 auribus,
1014 2659 1180 2699 percipite
1201 2668 1401 2689 sermonem
1423 2666 1562 2694 meum:
1590 2665 1724 2688 annum
1748 2664 1855 2695 supra

546 2713 679 2734 annum
698 2702 1020 2740 commovebimini,
1041 2702 1269 2739 confidentes,
1283 2702 1365 2742 quia
1380 2682 1647 2732 consummatur
1662 2698 1853 2736 vindemia,

543 2745 705 2778 collectio
723 2756 794 2777 non
813 2745 950 2777 veniet’
955 2745 1097 2785 (xxxii.
1115 2746 1235 2785 9,10):

370 2843 449 2882 per
474 2829 624 2869 “filias
646 2828 955 2869 confidentes”
973 2828 1279 2881 significantur
1300 2827 1361 2867 illi
1383 2828 1426 2866 in
1449 2825 1638 2867 ecclesia
1659 2824 1732 2878 qui
1753 2823 1852 2877 plus

371 2898 525 2932 amant
558 2891 669 2931 falsa
699 2904 832 2946 quam
864 2905 992 2941 vera;
1035 2891 1154 2944 quod
1187 2904 1291 2930 vera
1322 2889 1439 2942 apud
1473 2889 1572 2929 illos
1603 2887 1851 2928 successive

371 2961 416 2994 et
441 2955 482 2993 in
506 2955 626 2994 omni
644 2960 765 2994 statu
784 2954 1097 3001 diminuantur,
1118 2952 1392 3005 significatur
1414 2965 1492 3004 per
1508 2951 1626 3004 quod
1647 2953 1850 2990 “annum

370 3030 502 3069 supra
518 3030 684 3056 annum
700 3022 1091 3057 commoverentur
1107 3016 1140 3067 ;''
1167 3016 1419 3056 devastatio
1437 3015 1581 3055 omnis
1598 3013 1689 3054 veri
1711 3025 1849 3066 usque
