2054 3464
570 383 677 417 cAP.
703 366 805 425 ΧΠ,
830 358 969 417 vims.
993 374 1142 416 6.—N.
1166 374 1346 429 730[d].
1598 384 1710 429 2037

208 497 535 548 tentationum,
563 504 776 539 constare
803 504 958 551 potest
985 498 1104 551 apud
1129 497 1298 547 Mosen,

275 587 566 621 “Recordaberis
585 588 704 619 omnis
725 588 804 619 viae
823 597 893 630 qua
911 588 1011 620 duxit
1031 594 1066 620 te
1082 588 1245 630 Jehovah
1267 587 1364 619 Deus
1385 593 1466 619 tuus
1486 587 1541 619 his
1562 587 1711 628 quadra-

381 632 484 674 ginta
499 631 604 664 annis
621 631 658 663 in
671 632 825 670 deserto,
839 638 877 663 ut
893 632 1065 672 affligeret
1078 638 1122 670 te,
1137 638 1172 663 et
1189 638 1343 664 tentaret
1361 637 1404 669 te,
1422 641 1462 662 ac
1476 638 1710 671 cognosceret

381 675 466 717 quid
482 675 519 707 in
536 675 644 707 corde
657 682 730 713 tuo,
745 685 829 706 num
843 676 1083 708 custoditurus
1097 685 1196 708 esses
1211 682 1400 716 praecepta
1419 675 1545 716 Ipsius,
1560 685 1625 707 nec
1643 685 1688 707 ne
1703 685 1709 711 ;

381 725 419 752 et
443 718 567 751 afflixit
593 725 638 757 te,
663 725 698 751 et
723 719 859 751 esurire
886 719 971 751 fecit
999 726 1043 756 te,
1068 726 1104 751 et
1131 720 1262 751 cibavit
1290 725 1324 751 te
1352 729 1494 757 manne,
1516 719 1611 760 quod
1636 729 1709 750 non

380 771 546 802 noveras,
565 773 630 794 nec
648 770 827 794 noverunt
844 769 963 804 patres
981 764 1041 801 tui,
1060 761 1135 795 [¹]ut
1151 763 1295 795 doceret
1311 770 1345 794 te
1363 763 1457 804 quod
1478 773 1550 794 non
1570 772 1633 803 per
1649 772 1710 803 pa-

381 815 465 839 nem
476 807 593 839 solum
607 807 706 838 vivat
715 807 836 845 homo,
849 807 912 838 sed
926 817 989 847 per
999 817 1106 838 omne
1118 807 1342 839 enuntiatum
1357 807 1429 838 oris
1441 806 1600 848 Jehovae
1612 807 1710 838 vivat

379 850 510 883 homo:
539 851 651 882 vestis
671 857 732 882 tua
756 861 829 882 non
851 851 1050 882 inveterata
1067 857 1124 882 est
1148 851 1302 891 desuper
1320 857 1365 889 te,
1386 857 1422 882 et
1445 861 1508 892 pes
1529 857 1609 882 tuus
1634 860 1708 882 non

379 893 549 926 intumuit
565 894 620 926 his
638 895 875 936 quadraginta
890 893 1026 926 annis''
1044 894 1180 934 (Deutr.
1198 895 1269 927 viii.
1288 894 1386 935 2—4);

201 955 325 1026 apud
350 971 560 1021 eundem,

236 1078 239 1087 .,
269 1046 342 1080 “In
358 1047 512 1088 deserto,
531 1048 626 1090 quod
644 1048 774 1087 vidisti,
792 1053 998 1089 portaverat
1015 1053 1050 1080 te
1069 1047 1233 1089 Jehovah
1255 1047 1352 1079 Deus
1369 1054 1461 1085 tuus,
1479 1047 1570 1079 sicut
1591 1052 1708 1087 portat

377 1091 434 1124 vir
453 1091 563 1124 filium
588 1102 690 1123 suum
705 1102 729 1129 ;.
744 1117 751 1124 .
765 1117 773 1124 .
788 1092 868 1123 ‚ivit
887 1098 971 1124 ante
992 1102 1058 1123 vos
1082 1092 1118 1123 in
1138 1092 1206 1129 via,
1227 1092 1272 1123 ad
1292 1091 1583 1131 investigandum
1603 1091 1706 1122 vobis

378 1134 498 1168 locum
515 1145 586 1177 quo
603 1136 956 1174 castrametaremini,
971 1145 1007 1167 m
1024 1136 1108 1176 igne
1125 1133 1235 1167 noctu
1248 1136 1294 1167 ad
1310 1135 1585 1167 monstrandum
1599 1135 1706 1173 viam,

383 1203 393 1212 .
405 1203 414 1212 .
428 1203 436 1212 .
451 1185 502 1212 .et
518 1179 553 1211 in
572 1180 667 1211 nube
684 1179 867 1211 interdiu”
884 1179 1020 1219 (Deutr.
1038 1180 1059 1212 i.
1077 1188 1128 1219 31,
1147 1182 1222 1220 33);

202 1254 324 1311 apud
349 1255 558 1305 eundem,

273 1331 449 1374 Jehovah,
467 1332 555 1374 “qui
572 1332 673 1364 duxit
690 1340 724 1364 te
743 1343 805 1373 per
821 1333 1002 1365 desertum
1021 1342 1192 1374 magnum
1209 1339 1245 1365 et
1262 1333 1499 1371 formidabile,
1517 1333 1705 1374 serpentis,

375 1376 547 1417 presteris
560 1383 596 1408 et
612 1377 814 1417 scorpionis
827 1383 862 1408 et
879 1377 968 1416 sitis,
981 1377 1043 1408 ubi
1061 1387 1133 1408 non
1151 1386 1285 1418 aquae;
1311 1377 1369 1418 qui
1383 1378 1506 1408 eduxit
1518 1378 1581 1409 tibi
1594 1387 1705 1418 aquas

376 1430 396 1452 e
420 1426 522 1462 petra
541 1421 688 1461 scopuli,
707 1427 742 1452 et
761 1421 893 1453 cibavit
913 1427 947 1452 te
966 1431 1099 1452 manne
1119 1421 1155 1452 in
1175 1421 1347 1460 deserto„
1361 1446 1369 1453 .
1384 1446 1392 1453 .
1406 1427 1460 1454 ,ut
1479 1421 1652 1462 affligeret
1671 1427 1706 1452 te

377 1470 414 1496 et
432 1470 598 1503 tentaret,
616 1465 662 1496 ad
682 1464 980 1496 benefaciendum
1001 1465 1065 1496 tibi
1085 1465 1121 1496 in
1143 1465 1353 1506 posteritate
1374 1465 1463 1497 tua''
1480 1465 1616 1506 (Deutr.
1634 1465 1704 1498 viii.

377 1515 428 1548 15.
449 1508 522 1549 16);

934 1565 942 1583 Ι

199 1583 320 1640 apud
346 1584 557 1634 eundem,

267 1656 436 1700 Jehovah
454 1657 594 1690 invenit
610 1657 784 1700 Jacobum
801 1660 867 1690 “in
886 1664 981 1690 terra
999 1658 1142 1696 deserti,
1160 1659 1196 1690 in
1214 1659 1398 1698 inanitate,
1416 1658 1562 1699 ejulatu,
1580 1659 1705 1691 solitu-

374 1701 479 1740 dine;
503 1702 740 1734 circumduxit
760 1712 852 1739 eum,
871 1703 1040 1734 instruxit
1059 1712 1152 1742 eum,
1170 1703 1363 1735 custodivit
1382 1713 1463 1735 eum
1484 1704 1574 1735 sicut
1591 1703 1705 1744 pupil-

373 1745 446 1794 lam
462 1746 556 1778 oculi
567 1745 585 1758 ''
603 1746 738 1786 (Deutr.
755 1747 862 1779 xxxii.
883 1746 954 1787 1o):

198 1853 279 1894 per
309 1839 490 1894 singula
521 1854 636 1895 quae
674 1839 745 1881 hic
783 1840 1009 1890 dicuntur,
1044 1846 1141 1882 tum
1177 1855 1257 1895 per
1288 1840 1468 1894 singula
1499 1855 1615 1895 quae
1647 1841 1703 1883 de

197 1901 552 1958 profectionibus
578 1903 771 1945 filiorum
800 1904 981 1945 Israelis
1007 1905 1051 1945 in
1079 1905 1278 1954 deserto,
1307 1905 1364 1946 ab
1391 1906 1520 1946 exitu
1547 1919 1703 1946 eorum

197 1965 258 2009 ab
287 1966 512 2022 Aegypto
543 1967 601 2009 ad
633 1968 872 2009 introitum
905 1969 949 2009 in
982 1974 1151 2009 terram
1184 1968 1462 2018 Canaanem,
1491 1970 1536 2009 in
1566 1968 1704 2010 Libro

196 2028 356 2072 Exodi
388 2038 713 2079 memorantur,
757 2031 1075 2072 describuntur
1115 2032 1414 2081 tentationes,
1457 2032 1502 2072 in
1543 2032 1703 2086 quibus

197 2099 305 2136 sunt
349 2093 521 2144 fideles,
568 2101 817 2149 antequam
866 2093 980 2136 fiunt
1026 2095 1298 2149 spirituales,
1346 2096 1412 2136 ita
1455 2101 1703 2149 antequam
1755 2123 1759 2128 -

36 2154 37 2157 ¹
59 2153 79 2179 'r
131 2204 133 2206 ,
197 2157 532 2212 implantantur
553 2158 674 2200 bona
700 2159 866 2200 amoris
893 2165 940 2199 et
967 2158 1207 2200 charitatis
1233 2172 1336 2200 cum
1363 2158 1543 2199 illorum
1569 2158 1700 2207 veris,

197 2234 314 2276 quae
338 2219 509 2263 faciunt
536 2221 779 2264 ecclesiam
805 2222 926 2276 apud
957 2222 1204 2263 hominem.
1269 2221 1358 2275 Qui
1390 2223 1518 2263 novit
1546 2221 1703 2276 quales

197 2290 304 2326 sunt
337 2285 623 2327 tentationes
655 2285 928 2340 spirituales,
958 2285 994 2326 is
1027 2286 1154 2326 novit
1187 2285 1308 2339 quod
1340 2285 1494 2335 homo,
1523 2298 1626 2326 cum
1658 2286 1703 2325 in

53 2338 82 2406 '⁴
130 2387 134 2398 ,
197 2346 286 2389 illis
325 2354 412 2398 est,
446 2355 555 2390 tunc
597 2349 838 2390 infestetur
877 2363 904 2390 a
940 2348 1071 2390 malis
1112 2355 1159 2390 et
1199 2349 1338 2398 salsis,
1372 2349 1489 2390 adeo
1530 2355 1579 2390 ut
1622 2349 1701 2389 vix

191 2410 332 2455 ‚aliter
357 2413 472 2454 sciat
499 2427 634 2468 quam
661 2413 785 2468 quod'
809 2414 855 2454 in
881 2413 1054 2454 inferno
1081 2413 1139 2454 sit
1161 2427 1170 2463 ;
1205 2419 1302 2454 tum
1329 2413 1451 2467 quod
1478 2413 1702 2453 Dominus

196 2474 318 2529 apud
339 2473 573 2519 hominem
596 2483 770 2530 pugnet
794 2482 959 2517 contra
980 2475 1059 2518 illa
1080 2491 1140 2518 ex
1163 2477 1364 2517 interiori
1383 2491 1392 2527 ;
1426 2482 1475 2517 ut
1499 2482 1560 2525 et,
1581 2477 1702 2530 quod

197 2539 373 2582 interea
398 2546 630 2581 sustentet
662 2540 789 2581 illum
822 2541 923 2582 cibo
955 2547 1002 2582 et
1034 2546 1147 2594 potu
1179 2540 1414 2594 spirituali,
1449 2554 1564 2594 quae
1596 2546 1702 2581 sunt

196 2603 319 2646 bona
349 2609 397 2646 et
429 2618 536 2645 vera
567 2603 708 2654 caeli;
750 2603 872 2658 quod
913 2603 1134 2645 naturalis
1175 2603 1315 2644 homo
1346 2603 1424 2644 illa
1464 2603 1699 2654 fastidiat;

197 2667 320 2725 quod
346 2666 566 2708 naturalis
593 2666 732 2707 homo
759 2668 821 2708 sic
849 2681 989 2721 usque
1015 2667 1228 2708 dometur
1254 2673 1300 2707 et
1328 2667 1455 2720 quasi
1483 2667 1701 2707 moriatur

197 2742 300 2771 cum
322 2731 413 2772 suis
435 2731 844 2783 concupiscentiis;
877 2737 924 2771 et
947 2730 1068 2784 quod
1094 2729 1171 2771 ille
1198 2731 1259 2771 sic
1284 2730 1545 2783 subjiciatur
1571 2730 1700 2783 spiri-

197 2792 311 2834 tuali
332 2793 533 2844 homini3
566 2799 612 2834 et
636 2794 757 2847 quod
779 2793 919 2834 homo
942 2794 1004 2834 sic
1028 2793 1298 2834 reformetur
1319 2799 1366 2834 et
1390 2800 1698 2847 regeneretur,

197 2868 250 2897 ac
277 2856 594 2898 introducatur
615 2857 661 2897 in
687 2856 955 2898 ecclesiam:
990 2857 1102 2898 haec
1126 2863 1232 2898 sunt
1256 2871 1370 2911 quae
1394 2858 1560 2906 omnia,
1585 2870 1700 2910 quae

197 2919 255 2960 de
290 2918 391 2961 filiis
425 2920 604 2962 Israelis
641 2921 685 2961 in
718 2921 902 2962 deserto
934 2926 1259 2970 memorantur,
1293 2921 1546 2961 involvunt.
1613 2919 1699 2973 [Ut

198 2982 386 3038 sciatur]
424 2984 545 3038 quod
586 2983 825 3026 involvant
867 2983 992 3033 talia,
1031 2983 1139 3025 licet
1177 2984 1402 3038 quaedam
1444 2998 1502 3024 ex
1545 2982 1700 3025 allatis

197 3047 466 3102 singillatim
498 3061 728 3102 exponere
746 3046 900 3103 z—(I.)
943 3046 1078 3101 Quod
1114 3047 1254 3089 homo
1286 3047 1330 3089 in
1363 3046 1698 3089 tentationibus
