2054 3464
595 375 701 408 CAP.
725 375 848 416 xm„
871 375 1010 408 VERS.
1035 375 1182 408 2.——N.
1204 364 1374 420 781[b].
1622 372 1733 418 2177

103 532 109 539 ,.
134 502 140 514 “
172 515 174 517 >
229 496 280 534 et
301 490 534 533 concludit
555 504 615 532 ex
638 489 831 531 naturali
848 490 1030 532 homine
1053 489 1222 544 absque
1245 489 1346 531 luce
1367 486 1599 542 spirituali,
1619 501 1733 541 quae

94 555 102 604 ,’
222 560 301 596 πεῖ
319 553 398 595 lux
414 551 676 595 intellectus
693 552 905 594 illustrati
923 567 949 593 a
967 553 1167 594 Domino
1184 567 1193 604 3
1221 551 1439 593 naturalis
1457 551 1577 592 enim
1595 550 1733 591 homo

229 618 339 659 suae
369 616 660 670 cogitationis
692 616 818 657 ideas
850 616 972 668 capit
1004 630 1063 657 ex
1096 615 1398 663 terrestribus,
1426 613 1653 666 corporeis
1685 618 1733 653 et

182 687 183 690 ’
227 679 482 729 mundanis,
505 693 620 733 quae
646 679 690 720 in
716 692 764 719 se
790 685 895 719 sunt
922 678 1208 729 materiales;
1236 684 1282 718 et
1305 676 1486 731 quando
1509 675 1732 729 cogitatio

226 741 422 784 hominis
453 755 543 783 non
575 755 708 795 supra
743 741 842 783 illas
868 741 1097 790 elevatur,
1132 740 1427 782 materialiter
1457 739 1636 792 cogitat
1674 737 1730 778 de

80 802 148 835 ·*’-”
227 804 561 860 spiritualibu53
595 813 641 846 et
669 804 914 846 materialis
941 804 1161 857 cogitatio
1192 804 1361 857 absque
1388 802 1486 843 luce
1513 799 1732 855 spirituali

230 863 366 911 omne
402 882 532 910 suum
570 869 710 910 trahit
736 883 796 910 ex
833 868 1062 909 amoribus
1099 866 1316 908 naturalis
1356 865 1550 907 hominis
1589 870 1636 905 et
1672 878 1734 905 ex

227 939 384 975 'eorum
411 931 633 985 jucundis,
667 945 781 985 quae
814 937 975 972 contra
1017 943 1193 971 amores
1231 928 1453 970 caelestes
1490 934 1536 968 et
1574 934 1734 968 contra

225 997 384 1037 borum
405 994 604 1049 jucunda
635 1001 766 1036 sunt:
800 994 904 1035 inde
937 993 1156 1049 estquod
1179 992 1393 1034 conclusa
1424 998 1471 1032 et
1497 990 1733 1032 ratiocinia

229 1070 292 1101 ex
313 1057 413 1100 solo
434 1058 628 1100 naturali
653 1058 851 1106 homine,
871 1063 919 1098 et
941 1056 1034 1110 ejus
1055 1056 1180 1097 fatuo
1202 1055 1384 1104 lumine,
1405 1055 1494 1095 sint
1516 1054 1733 1095 fallaciae.

226 1119 322 1165 Sed
343 1121 558 1175 exempla
575 1122 816 1163 illustrent.
869 1120 1071 1162 Fallacia
1092 1126 1176 1169 est,
1197 1119 1333 1173 Quod
1355 1118 1467 1159 fides
1485 1118 1735 1171 cogitativa

106 1191 125 1242 ᾗ,
151 1204 163 1242 g
228 1183 405 1236 salvet3
432 1197 534 1225 cum
557 1191 711 1225 tamen
735 1185 872 1225 homo
889 1183 992 1225 talis
1014 1189 1084 1224 est
1102 1182 1246 1237 qualis
1268 1181 1361 1235 ejus
1377 1181 1471 1222 vita
1497 1187 1580 1222 est.
1629 1180 1733 1221 Fal-

227 1246 344 1290 lacia
365 1253 450 1296 est,
479 1244 615 1300 Quod
640 1247 750 1288 fides
783 1248 1033 1301 cogitativa
1064 1247 1121 1287 sit
1148 1244 1416 1300 spiritualis;
1450 1257 1552 1286 cum
1579 1249 1733 1284 tamen

84 1322 99 1356 ἣ
117 1314 154 1355 ,ἑ
215 1323 383 1361 Δειηειηε
405 1310 651 1351 Dominum
674 1323 807 1364 super
829 1310 993 1359 omnia,
1018 1316 1065 1351 et
1083 1309 1341 1363 proximum
1364 1308 1480 1348 sicut
1502 1321 1548 1347 se
1572 1307 1732 1360 ipsum,

229 1374 290 1416 sit
310 1374 456 1428 ipsum
483 1373 739 1427 spirituale;
769 1380 816 1415 et
839 1387 990 1414 amare
1013 1379 1084 1414 est
1106 1372 1224 1414 velle
1247 1378 1293 1412 et
1315 1371 1474 1412 facere.
1536 1369 1736 1410 Fallacia

98 1439 135 1500 '‘3-
160 1446 162 1448 ’
179 1442 182 1445 “
230 1443 316 1487 est,
336 1437 472 1492 Quod
490 1436 600 1478 fides
619 1438 756 1478 etiam
779 1444 1102 1479 momentanea
1119 1436 1277 1486 detur;
1305 1447 1406 1475 cum
1424 1440 1579 1474 tamen
1598 1432 1736 1473 homo

229 1499 533 1554 purificandus
564 1507 634 1542 est
666 1514 692 1541 a
724 1500 852 1541 malis
883 1507 930 1542 et
961 1500 1065 1541 inde
1097 1498 1232 1547 falsis,
1260 1504 1308 1538 et
1339 1495 1675 1550 regenerandus
1707 1509 1734 1536 a

104 1568 110 1575 ’“
137 1567 141 1578 ²
155 1562 162 1593 1
229 1562 447 1614 Domino,
461 1564 581 1618 quod
599 1564 674 1605 diu
693 1570 881 1617 perstat,
899 1570 945 1605 et
966 1562 1220 1617 [sciendum
1238 1560 1328 1615 est]
1345 1560 1466 1614 quod
1483 1560 1598 1600 sicut
1617 1559 1735 1612 puri-

180 1648 184 1655 *
227 1625 394 1669 -ficatur
414 1633 460 1668 et
488 1634 781 1681 regeneratur
802 1626 937 1668 fidem
964 1625 1244 1680 spiritualem
1267 1620 1479 1676 accipiat(
1534 1622 1734 1663 Fallacia

95 1703 106 1735 3
229 1695 321 1740 est,
355 1688 491 1744 Quod
531 1690 671 1731 homo
702 1690 846 1743 possit
877 1690 1075 1743 recipere
1106 1688 1242 1729 fidem
1274 1693 1320 1728 et
1352 1685 1515 1727 salvari
1551 1685 1596 1725 in
1627 1685 1738 1726 hora

233 1753 406 1802 mortis,
422 1759 650 1807 utcunque
669 1752 761 1806 ejus
778 1753 872 1794 vita
893 1753 1036 1794 suerat
1054 1766 1063 1803 ;
1097 1765 1198 1793 curn
1216 1757 1372 1792 tamen
1391 1749 1483 1790 vita
1505 1748 1735 1789 hominem

232 1822 405 1866 manet,
425 1822 471 1858 et
494 1817 633 1858 homo
650 1816 875 1870 judicatur
892 1816 1141 1857 secundum
1164 1813 1282 1856 facta
1303 1820 1350 1854 et
1373 1825 1523 1865 opera.
1585 1800 1736 1852 Falla-

225 1879 306 1922 ·cia
326 1885 410 1929 est,
429 1878 564 1933 Quod
587 1879 698 1921 fides
716 1893 795 1933 per
811 1880 1087 1933 baptismum
1105 1879 1242 1920 etiam
1261 1878 1318 1918 sit
1337 1875 1579 1917 infantibus
1597 1889 1605 1926 ;
1636 1888 1738 1916 cum

171 1998 174 2009 I
234 1948 392 1986 tamen
418 1942 530 1984 fides
563 1943 870 1996 comparanda
897 1949 968 1983 est
1001 1956 1080 1996 per
1105 1941 1392 1994 cognitiones
1418 1938 1511 1979 veri
1542 1945 1589 1979 et
1615 1938 1736 1986 boni,

226 2012 284 2049 et
306 2020 387 2060 per
406 2007 547 2048 vitam
571 2006 818 2047 secundum
840 2005 953 2046 illas.
1007 2004 1207 2046 Fallacia
1229 2010 1314 2052 est,
1335 2001 1471 2056 Quod
1494 2014 1572 2054 per
1593 2001 1738 2042 solam

225 2069 373 2112 fidem
391 2069 584 2112 ecclesia
604 2069 723 2123 apud
746 2070 975 2110 hominem
994 2083 1003 2120 ;
1037 2081 1138 2109 cum
1160 2074 1315 2108 tamen
1339 2078 1418 2119 per
1435 2062 1570 2105 fidem
1593 2064 1737 2105 chari-

237 2133 348 2177 tatis
376 2139 447 2174 est
472 2132 665 2174 ecclesia
696 2133 813 2186 apud
846 2132 985 2181 illum,
1011 2138 1058 2172 et
1090 2131 1287 2172 charitas
1319 2135 1388 2170 est
1414 2127 1536 2168 vitae
1567 2133 1614 2169 et
1647 2140 1738 2168 non

235 2197 340 2239 fidei
365 2202 617 2250 separatae.
680 2195 881 2236 Fallacia
906 2201 990 2244 est,
1013 2194 1147 2248 Quod
1172 2194 1310 2235 homo
1336 2206 1415 2246 per
1437 2191 1581 2233 solam
1603 2190 1738 2232 fidem

230 2259 518 2315 justificetur,
543 2266 590 2301 et
621 2259 742 2313 quod
770 2258 1018 2312 justificato
1050 2271 1130 2311 per
1159 2257 1284 2297 illam
1316 2256 1527 2296 meritum
1557 2255 1739 2295 Domini

231 2325 498 2378 imputetur,
532 2330 578 2364 et
611 2323 731 2377 quod
767 2329 929 2376 postea
969 2321 1095 2362 illum
1136 2319 1245 2361 nihil
1287 2319 1590 2369 condemnet;
1637 2331 1738 2359 cum

236 2393 392 2429 tamen
423 2386 534 2428 fides
566 2385 735 2440 absque
762 2386 856 2427 vita
887 2384 1004 2434 fidei,
1033 2397 1146 2439 quae
1179 2390 1250 2425 est
1277 2383 1488 2431 charitas,
1517 2388 1587 2422 est
1613 2381 1739 2436 quasi

226 2450 415 2492 ⁴'dicatur
435 2450 585 2491 vivum
608 2449 777 2503 absque
801 2449 963 2498 anima,
988 2448 1108 2502 quod
1135 2448 1179 2488 in
1201 2461 1248 2488 se
1272 2453 1342 2488 est
1365 2452 1608 2494 mortuum,
1633 2458 1738 2486 nam

228 2513 437 2556 *charitas
458 2519 528 2554 est
551 2513 701 2553 anima
722 2511 838 2560 fidei,
859 2512 962 2566 quia
984 2517 1054 2552 est
1072 2512 1166 2552 vita
1188 2509 1305 2563 ejus;
1339 2523 1474 2563 quare
1498 2522 1588 2549 non
1606 2507 1736 2561 justi-

163 2609 167 2614 <
236 2575 396 2618 fleatur
408 2577 546 2618 homo
564 2575 790 2629 perfidem
814 2582 1066 2626 mortuam;
1090 2575 1236 2615 minus
1254 2587 1332 2628 per
1350 2573 1474 2614 illam
1491 2573 1740 2625 imputatur

237 2640 448 2681 meritum
481 2639 677 2687 Domini,
706 2645 751 2679 et
784 2637 834 2679 fit
864 2637 1085 2688 salvatio;
1123 2643 1170 2678 et
1201 2637 1275 2678 ubi
1307 2649 1398 2677 non
1431 2635 1638 2683 salvatio,
1669 2642 1738 2675 est

239 2702 576 2744 condemnatio.
639 2702 839 2743 Fallacia
856 2707 941 2750 est,
963 2700 1096 2755 Quod
1115 2700 1198 2741 soli
1220 2698 1322 2741 fidei
1339 2713 1465 2741 amor
1478 2706 1524 2740 et
1543 2698 1740 2740 charitas

234 2766 370 2818 insit-;
397 2779 499 2807 cum
521 2773 676 2807 tamen
698 2778 825 2806 amor
841 2771 887 2805 et
911 2764 1108 2805 charitas
1126 2770 1195 2805 est
1213 2763 1330 2804 velle
1349 2770 1396 2804 et
1413 2763 1558 2804 facere
1577 2777 1585 2812 ;
1619 2761 1738 2815 quod

228 2829 357 2871 >enim
389 2829 527 2870 homo
558 2835 696 2876 amat,
730 2828 816 2869 hoc
849 2841 939 2868 non
972 2827 1117 2868 solum
1150 2828 1339 2880 cogitat,
1367 2827 1447 2867 sed
1479 2827 1616 2867 etiam
1642 2824 1739 2866 vult

240 2898 293 2934 et
313 2892 433 2934 facit.
494 2892 694 2934 Fallacia
716 2897 800 2939 est,
827 2889 962 2944 Quod
985 2890 1058 2931 ubi
1081 2889 1246 2943 legitur
1266 2889 1478 2930 “facere’'
1500 2890 1543 2929 in
1567 2888 1737 2937 Verbo,

84 2963 100 3023 f
124 2940 125 2943 Ἴ
159 2976 163 2978 ἡ
236 2962 284 2997 et
303 2954 378 2996 ubi
394 2955 602 2996 dicuntur
618 2958 643 2974 ‘⁴
657 2952 804 2995 fa&a”
819 2960 865 2994 et
880 2957 904 2973 ‘⁴
917 2952 1092 3006 opera‚'’
1107 2951 1387 3006 intelligatur
1402 2951 1535 2992 fidem
1554 2951 1735 2998 habere,

236 3018 339 3072 quia
359 3016 462 3059 fidei
488 3018 638 3058 insunt
658 3031 667 3068 ;
701 3029 801 3058 cum
828 3022 983 3058 tamen
1009 3013 1223 3056 distincta
1248 3021 1353 3056 sunt
1377 3015 1490 3056 sicut
1513 3015 1736 3068 cogitatio
