2008 3458
266 48 272 57 ,
288 38 354 58 „21-
375 44 377 47 v

653 353 759 386 CAP.
784 353 901 394 XIV„
925 353 1062 386 VERS.
1093 353 1262 385 12.—-N.
1288 345 1382 398 893.
1659 351 1769 396 2427

273 467 500 519 Domin03
531 481 670 522 quare
702 467 785 507 nisi
821 473 1100 520 agnoscatur
1132 467 1368 515 Dominus,
1398 471 1444 508 et
1477 466 1598 520 quod
1635 478 1770 506 omne

271 530 442 572 bonum
468 531 526 572 sit
557 530 615 571 ab
641 530 761 584 Ipso,
791 543 881 571 non
909 530 1072 571 salvari
1099 536 1279 584 potest:
1315 537 1386 571 ast
1413 536 1660 583 antequam
1687 528 1769 569 ali-

271 594 370 648 quis
401 598 557 648 potest
593 593 740 634 facere
777 607 802 633 a
844 593 1056 641 Domino,
1085 593 1312 634 subiturus
1349 599 1420 634 est
1459 593 1769 642 tentationes;

271 669 409 698 causa
433 662 504 698 est
530 657 634 710 quia
659 670 738 710 per
764 656 1047 697 tentationes
1074 657 1272 710 aperitur
1297 657 1524 697 internum
1557 655 1768 703 hominis,

264 725 352 773 'per
385 719 507 774 quod
537 719 676 760 homo
713 718 1003 772 conjungitur
1034 719 1189 760 caelo:
1233 733 1350 760 nunc
1389 720 1492 773 quia
1526 718 1772 773 praecepta

271 780 420 824 facere
445 782 615 836 absque
643 782 856 830 Domino,
885 795 1020 823 nemo
1047 788 1217 836 potest,
1246 782 1348 823 ideo
1381 782 1604 823 Dominus
1637 781 1769 829 dixit,

275 844 469 888 “Unum
506 851 662 888 tamen
697 845 780 886 tibi
806 846 962 896 deest;
996 847 1142 887 vende
1181 847 1332 886 omnia
1374 859 1488 899 quae
1530 845 1686 894 habes,
1725 851 1771 886 et

220 903 225 908 “
272 921 461 963 sequere
487 907 577 958 Me,
606 907 776 950 tollens
803 921 980 949 crucem
1001 908 1034 959 ;'’
1066 908 1152 949 hoc
1186 914 1270 957 est,
1295 910 1416 962 quod
1449 909 1686 962 agniturus
1712 909 1771 949 sit

273 971 510 1022 Dominus,
531 978 577 1014 et
600 972 829 1013 subiturus
852 972 1136 1012 tentationes
1156 985 1164 1012 :
1195 973 1316 1026 quod
1335 972 1595 1013 “venderet
1620 972 1773 1012 omnia

273 1048 389 1089 quae
405 1035 611 1085 haberet,
629 1041 676 1076 et
695 1035 824 1076 daret
848 1034 1157 1088 pauperibus.’'
1172 1035 1216 1075 in
1236 1035 1456 1088 spirituali
1475 1049 1610 1076 sensu
1633 1035 1772 1087 signi-

273 1095 379 1140 ficat
404 1098 525 1153 quod
551 1112 578 1140 a
602 1112 650 1140 se
677 1098 956 1139 abalienaret
983 1104 1029 1139 et
1057 1097 1261 1150 rejiceret
1288 1099 1484 1152 propria,
1512 1099 1576 1138 ita
1603 1096 1771 1151 signifi-

274 1167 351 1202 cat
381 1161 544 1203 similia
574 1176 689 1216 quae
722 1175 869 1215 supra,
894 1161 1014 1215 quod
1047 1162 1299 1214 abnegaret
1332 1175 1380 1202 se
1412 1162 1583 1214 ipsum;
1617 1167 1663 1201 et
1697 1175 1775 1214 per

277 1224 424 1266 “dare
449 1225 749 1279 pauperibus'’
767 1226 811 1265 in
835 1215 1055 1278 spirituali
1082 1238 1218 1266 sensu
1236 1224 1517 1278 significatur
1535 1224 1774 1265 charitatis

275 1300 415 1342 opera
433 1287 594 1330 facere.
658 1287 792 1341 Quod
815 1289 879 1329 ita
903 1288 1125 1329 Dominus
1148 1287 1327 1328 locutus
1350 1288 1408 1329 sit
1432 1288 1488 1328 ad
1513 1287 1654 1334 illum,
1674 1294 1771 1328 erat

274 1351 378 1406 quia
399 1350 525 1393 dives
547 1358 660 1401 erat,
688 1358 735 1393 et
758 1365 836 1405 per
857 1351 1109 1392 “divitias”
1131 1352 1176 1392 in
1203 1351 1424 1405 spirituali
1448 1364 1581 1391 sensu
1605 1349 1773 1403 signifi-

207 1452 213 1458 .
242 1439 244 1441 >
273 1419 437 1456 cantur
451 1415 741 1468 cognitiones
763 1415 870 1455 boni
893 1421 939 1455 et
959 1415 1066 1464 veri,
1091 1421 1138 1456 et
1160 1414 1280 1468 apud
1304 1414 1446 1463 illum,
1467 1414 1540 1467 qui
1561 1413 1772 1466 Judaeus,

274 1477 565 1531 cognitiones
587 1477 694 1519 mali
716 1484 762 1519 et
785 1477 898 1527 falsi,
920 1479 1024 1532 quia
1045 1483 1174 1519 erant
1201 1477 1500 1528 traditiones;
1535 1477 1639 1517 inde
1664 1489 1774 1517 con-

273 1545 397 1582 stare
428 1547 584 1595 potest
617 1541 738 1596 quod
771 1540 995 1581 Dominus
1036 1554 1115 1595 per
1146 1540 1573 1594 correspondentias
1610 1539 1681 1580 hic
1725 1545 1774 1579 ut

273 1598 379 1655 aiibi
401 1603 580 1646 locutus
603 1606 675 1655 sit.
731 1604 1037 1646 Tentationes
1061 1604 1200 1646 etiam
1227 1603 1539 1657 significantur
1557 1617 1635 1656 per
1653 1606 1773 1656 “po-

273 1666 473 1709 culum'st
485 1668 606 1722 quod
628 1668 811 1709 bibituri
840 1674 945 1709 sunt
963 1682 972 1719 ;

339 1775 446 1819 Jesus
469 1777 560 1809 dixit
583 1777 628 1808 ad
651 1775 824 1819 Jacobum
850 1783 885 1807 et
909 1775 1123 1818 Johannem,
1149 1775 1262 1807 “Non
1292 1775 1390 1806 scitis
1415 1775 1498 1816 quid
1525 1774 1667 1815 petitis:
1700 1781 1776 1814 pot-

449 1821 585 1852 estisne
601 1821 723 1852 bibere
739 1821 916 1861 poculum,
929 1820 1023 1861 quod
1042 1819 1118 1860 Ego
1131 1819 1226 1856 bibo,
1237 1826 1273 1851 et
1286 1819 1474 1859 baptismo,
1487 1828 1556 1859 quo
1571 1818 1647 1858 Ego
1663 1818 1776 1858 bapti-

450 1874 522 1903 zor,
530 1865 701 1905 baptizari
712 1865 741 1897 ?.
756 1889 762 1896 .
778 1864 979 1900 .Dixerunt,
993 1863 1188 1895 Possumus
1202 1873 1209 1900 ;
1234 1869 1269 1895 et
1281 1863 1386 1904 Jesus
1403 1863 1490 1894 dixit
1507 1862 1586 1899 illis,
1604 1862 1774 1893 Poculum

449 1908 592 1950 quidem
611 1908 706 1949 quod
724 1907 802 1948 Ego
818 1909 902 1939 bibo
918 1908 1056 1945 bibetis,
1074 1914 1109 1938 et
1125 1907 1304 1947 baptismo
1322 1916 1391 1948 quo
1411 1906 1487 1946 Ego
1504 1906 1673 1946 baptizor,
1691 1906 1776 1945 bap-

449 1951 646 1984 tizabimini
661 1961 668 1990 ;
699 1953 823 1983 sedere
841 1961 925 1983 vero
943 1961 964 1982 a
980 1951 1114 1982 dextris
1131 1951 1231 1988 meis,
1246 1957 1280 1982 et
1300 1960 1321 1981 a
1340 1950 1492 1981 sinistris
1514 1950 1613 1987 meis,
1631 1959 1703 1980 non
1721 1955 1776 1980 est

448 2005 568 2028 meum
585 1995 680 2034 dare,
700 1996 762 2027 sed
780 1995 906 2036 quibus
923 2001 1086 2036 paratum
1104 2001 1159 2026 est
1169 1994 1187 2006 ”
1204 1994 1330 2035 (Marc.
1347 2004 1380 2026 x.
1398 1993 1538 2033 38-40):
1658 2027 1663 2047 κ

271 2113 352 2155 per
394 2099 586 2142 “bibere
628 2098 840 2153 poculum
883 2098 1004 2152 quod
1047 2098 1270 2139 Dominus
1311 2098 1424 2139 bibit
1437 2097 1456 2112 ”
1497 2096 1775 2150 significatur

272 2161 419 2205 simile
451 2162 572 2217 quod
604 2175 715 2203 mox
747 2175 880 2215 supra
911 2175 990 2215 per
1018 2161 1278 2210 “crucem,”
1305 2175 1469 2214 nempe
1502 2161 1648 2202 subire
1675 2167 1774 2201 ten-

272 2227 500 2278 tationes;
526 2232 574 2267 et
593 2239 671 2280 per
691 2225 1007 2278 “baptismum
1026 2238 1115 2279 quo
1137 2224 1397 2279 baptizatus
1416 2231 1486 2265 est
1510 2223 1774 2271 Dominus‚·'‘

273 2289 555 2344 significatur
586 2303 664 2343 per
691 2289 975 2330 tentationes
1007 2289 1296 2342 regenerari;
1335 2294 1383 2329 at
1415 2289 1533 2328 inter
1559 2286 1771 2341 poculum

272 2353 393 2408 quod
426 2353 650 2394 Dominus
680 2351 808 2400 bibit,
844 2357 890 2392 et
923 2352 1041 2392 inter
1072 2350 1284 2405 poculum
1328 2352 1448 2405 quod
1490 2350 1552 2391 illi
1593 2350 1772 2390 bibituri

272 2423 394 2466 sunt,
421 2423 493 2458 est
519 2415 774 2457 differentia
801 2421 848 2456 ut
876 2415 996 2455 inter
1023 2415 1307 2456 tentationes
1335 2414 1518 2455 Domini
1544 2421 1590 2455 et
1619 2420 1771 2454 tenta-

273 2480 424 2522 tiones
450 2479 711 2530 hominum;
746 2479 1029 2520 tentationes
1054 2477 1237 2518 Domini
1261 2477 1438 2518 fuerunt
1462 2477 1770 2530 gravissimae,

274 2549 322 2584 et
363 2549 525 2584 contra
566 2543 718 2583 omnia
759 2542 944 2589 inferna,
989 2554 1094 2582 nam
1142 2541 1364 2581 Dominus
1406 2541 1557 2581 omnia
1602 2539 1773 2580 inferna

239 2637 242 2639 -
273 2619 353 2660 per
379 2605 665 2647 tentationes
691 2606 735 2646 in
764 2604 821 2646 Se
848 2605 1069 2645 admissas
1096 2602 1380 2656 subjugavit;
1413 2610 1460 2643 at
1488 2603 1772 2643 tentationes

273 2669 508 2710 hominum
540 2675 644 2710 sunt
671 2675 831 2710 contra
854 2668 974 2708 mala
1000 2674 1046 2708 et
1078 2666 1191 2708 falsa
1222 2681 1335 2720 quae
1362 2667 1419 2707 ab
1444 2666 1625 2706 infernis
1651 2666 1771 2719 apud

274 2732 377 2774 illos
394 2738 516 2782 sunt,
534 2732 577 2773 in
596 2732 754 2786 quibus
775 2732 996 2772 Dominus
1015 2737 1204 2784 pugnat,
1225 2737 1271 2771 et
1291 2743 1380 2770 non
1399 2729 1538 2770 homo
1561 2730 1642 2770 nisi
1661 2742 1770 2770 con-

274 2802 346 2837 tra
362 2795 535 2850 aliquot
558 2795 739 2836 dolores
759 2809 766 2844 ;
801 2795 957 2835 similis
980 2800 1050 2834 est
1077 2792 1330 2834 differentia
1353 2793 1471 2833 inter
1492 2792 1770 2846 baptismum

274 2870 364 2911 quo
385 2856 702 2911 baptizabatur
729 2857 964 2904 Dominus,
990 2863 1036 2897 et
1059 2857 1335 2910 baptismum
1358 2869 1448 2909 quo
1470 2855 1770 2909 baptizabun-

274 2926 348 2961 tur
378 2919 599 2970 homines,
628 2927 677 2962 ut
709 2922 827 2962 inter
859 2919 1237 2974 glorificationem
1270 2926 1316 2960 et
1348 2919 1768 2972 regenerationem;

275 2982 496 3025 Dominus
527 2997 607 3039 per
632 2985 916 3026 tentationes
947 2983 1218 3038 glorificavit
1254 2982 1515 3024 Humanum
1548 2996 1676 3024 suum
1709 2998 1768 3024 ex
