2054 3464
584 366 690 400 CAP.
714 365 837 408 xm„
861 365 1000 398 VERS.
1026 364 1172 410 3.—N.
1194 354 1290 410 786.
1574 364 1685 408 2193

70 471 123 537 [32‘5
144 494 147 497 ’
183 481 400 529 voluntas
437 481 482 524 in
519 478 636 523 aCtu.
712 480 782 522 De
824 492 979 521 amore
1016 479 1153 521 docet
1190 477 1414 520 Dominus
1451 475 1606 519 multis
1643 477 1688 518 in

183 545 299 589 locis
364 584 365 587 ,

250 641 317 683 (Ut
325 641 455 674 Matth.
466 651 498 673 v.
509 640 616 680 43—48
631 649 638 678 ;
652 650 727 681 cap.
737 639 795 671 vii.
809 647 847 670 12
861 650 868 672 ι
883 639 965 671 Luc.
976 639 1021 671 vi.
1032 647 1149 680 27—39‚
1158 647 1200 678 43
1211 638 1255 670 ad
1264 638 1337 676 ἥτις
1351 647 1427 679 cap.
1438 637 1497 669 vii.
1508 637 1550 676 36
1558 637 1602 668 ad
1612 636 1671 668 fin.
1681 648 1688 668 :

365 685 449 728 Joh.
467 684 539 717 xiii.
560 693 612 724 34,
634 692 696 723 35;
721 693 797 725 cap.
817 684 887 716 xiv.
908 691 1037 723 14—23;
1062 693 1137 724 cap.
1157 693 1215 715 xv.
1232 691 1341 724 9—19;
1365 691 1441 723 cap.
1458 682 1542 713 xvii.
1560 681 1689 718 22-26;

362 738 438 771 cap.
455 729 526 760 xxi.
546 728 666 768 15-23)
681 737 687 766 ;

185 819 235 856 et
256 813 302 855 in
327 824 505 854 summa
530 811 600 852 his
626 811 789 860 verbis,

253 901 434 936 “Amabis
454 901 649 934 Dominum
670 900 786 932 Deum
801 906 899 932 tuum
917 900 953 932 in
971 905 1048 931 toto
1061 900 1169 931 corde
1186 905 1258 938 tuo,
1272 905 1307 931 et
1324 909 1368 930 ex
1385 904 1461 930 tota
1476 899 1597 930 anima
1609 903 1691 935 tua,
1684 907 1691 914 ·

211 948 213 950 ’
412 945 516 979 ..hoc
537 951 592 977 est
612 945 766 986 primum
791 950 827 976 et
846 954 1016 986 magnum
1037 944 1265 976 mandatum:
1298 940 1545 985 [secundum].
1560 942 1692 974 ,simile

363 995 419 1023 est
448 989 508 1028 illi,
534 989 683 1021 Amabis
709 989 911 1029 proximum
937 994 1036 1019 tuum
1061 987 1151 1020 sicut
1176 993 1210 1019 te
1235 988 1372 1028 ipsum:
1406 997 1450 1018 ex
1473 987 1528 1018 his
1553 987 1692 1018 duobus

363 1033 558 1066 mandatis.
574 1032 664 1065 ,Lex
687 1039 723 1064 et
749 1032 949 1073 Prophetae
974 1030 1159 1073 pendent’'
1183 1031 1328 1072 (Matth.
1348 1031 1432 1062 xxii.
1454 1038 1518 1070 35—
1520 1028 1589 1072 38[,
1609 1027 1692 1071 4ο];

361 1077 446 1110 Luc.
466 1087 499 1109 Χ.
517 1084 569 1116 27,
584 1077 648 1115 28·
673 1077 796 1108 Deutr.
815 1076 859 1108 vi.
879 1075 930 1116 5):

186 1177 384 1217 “amare
411 1173 560 1214 Deum
588 1185 720 1226 super
742 1172 909 1220 omnia,
933 1177 980 1212 et
1003 1170 1262 1225 proximum
1286 1170 1403 1211 sicut
1430 1184 1478 1211 se
1504 1168 1692 1223 ipsum,''

186 1243 262 1280 est
287 1237 435 1279 facere
462 1242 708 1315 praecepta
736 1235 882 1289 Ipsius
911 1233 1040 1289 (Joh.
1063 1235 1154 1275 xiv.
1178 1233 1365 1288 21—24)·
1357 1267 1366 1285 ‚
1399 1247 1451 1274 ac
1479 1233 1619 1274 “Lex
1645 1239 1693 1273 et

175 1299 478 1356 'Prophetae’
494 1298 754 1353 significant
774 1298 1004 1339 Verbum·
994 1311 1038 1338 1n
1057 1298 1266 1349 omnibus
1283 1305 1330 1339 et
1354 1296 1557 1350 singulis.
1618 1295 1694 1336 Ex

186 1364 259 1409 liis
280 1370 327 1407 et
349 1363 439 1406 illis
461 1363 575 1406 locis
598 1377 622 1404 e
641 1362 798 1404 Verbo
819 1361 987 1410 allatis,
1007 1360 1141 1416 plene
1159 1367 1371 1402 constare
1394 1366 1551 1414 potest
1574 1359 1695 1414 quod

67 1412 94 1471 Α.
126 1480 134 1487 ¹
182 1441 284 1471 non
315 1426 426 1469 fides
458 1433 671 1481 separata
697 1440 722 1467 a
749 1426 879 1466 bonis
905 1425 1116 1479 operibus
1142 1424 1305 1473 salvet,
1331 1424 1411 1465 sed
1436 1423 1557 1478 quod
1583 1422 1695 1464 fides

184 1494 252 1534 'ex
282 1490 372 1533 illis
403 1496 450 1532 et
477 1503 578 1532 cum
611 1489 727 1540 illis;
761 1501 866 1529 nam
893 1489 967 1542 qui
998 1487 1119 1529 bona
1150 1487 1272 1537 facit,
1301 1488 1337 1528 is
1363 1486 1499 1528 fidem
1526 1486 1695 1537 habet;

81 1571 85 1595 z
135 1617 137 1619 -
193 1555 269 1612 qui
290 1560 446 1597 autem
471 1567 562 1595 non
589 1553 710 1595 bona
736 1552 858 1601 facit,
886 1553 923 1593 is
950 1550 1086 1593 fidem
1114 1565 1205 1593 non
1232 1551 1388 1592 habet.

269 1622 405 1678 786.
443 1622 523 1663 “Et
538 1622 666 1676 playa
689 1621 835 1662 mortis
858 1620 947 1675 ojus
970 1623 1122 1661 sanata
1142 1618 1444 1672 est.''—Quod
1467 1617 1697 1672 significet

169 1685 170 1688 ’
185 1684 544 1729 discordantiam
557 1690 831 1737 apparenter
843 1689 1107 1724 summotum
1118 1688 1205 1735 per
1216 1681 1420 1723 inventas
1436 1680 1697 1735 conjunAEz‘o-

191 1758 269 1792 nes
283 1755 465 1803 operum
484 1762 579 1789 cum
588 1748 699 1803 fide,
719 1753 903 1788 constat
921 1760 980 1788 ex
1000 1745 1331 1800 significatione
1352 1744 1554 1798 “plagae
1577 1757 1697 1785 mor-

189 1811 291 1862 tis,'’
308 1812 430 1867 quod
449 1813 506 1853 sit
525 1811 833 1853 discordantia
851 1823 954 1852 cum
973 1809 1144 1858 Verbo,
1161 1808 1305 1850 simile
1324 1809 1444 1849 enim
1463 1821 1542 1862 per
1562 1811 1587 1828 “
1600 1807 1698 1861 pla-

191 1888 300 1930 gam
326 1875 516 1918 mortis’'
542 1875 613 1916 hic
641 1874 936 1928 significatur,
965 1873 1087 1928 quod
1120 1886 1231 1914 mox
1259 1885 1393 1925 supra
1419 1885 1499 1926 per
1523 1874 1698 1924 “caput

192 1940 445 1982 sauciatum
470 1940 515 1980 in
548 1945 744 1980 mortem
765 1938 799 1979 :'’
839 1937 984 1992 (quod
1014 1936 1215 1991 “plagae
1228 1936 1248 1952 ''
1274 1937 1318 1977 in
1345 1935 1502 1977 Verbo
1527 1935 1698 1989 signifi-

193 2009 302 2046 cent
333 2002 444 2045 talia
476 2017 590 2057 quae
623 2002 865 2043 destruunt
897 2001 1135 2042 ecclesiam
1167 2006 1215 2042 et
1246 2000 1388 2041 vitam
1420 1998 1699 2052 spiritualem

192 2063 408 2114 hominiS,
426 2065 637 2106 videatur
654 2077 791 2118 supra
814 2074 860 2112 (n.
877 2064 974 2116 584)
994 2077 1002 2113 ;
1034 2068 1082 2104 et
1104 2062 1210 2116 quia
1228 2061 1439 2102 doctrina
1460 2074 1521 2102 ex
1540 2060 1700 2101 Verbo

193 2125 303 2168 facit
333 2125 587 2176 ecclesiam,
621 2126 724 2168 ideo
756 2139 858 2167 cum
890 2123 1096 2166 doctrina
1127 2123 1359 2166 discordat
1392 2137 1494 2164 cum
1526 2122 1697 2171 Verbo,

195 2202 287 2231 non
309 2189 501 2244 amplius
524 2197 594 2231 est
617 2189 824 2238 ecclesia,
850 2188 930 2230 sed
954 2194 1024 2230 est
1050 2187 1310 2241 religiosum
1334 2187 1455 2241 quod
1482 2187 1701 2227 mentitur

195 2253 436 2296 ecclesiam
453 2253 484 2308 z)
538 2261 585 2296 et
630 2268 690 2295 ex
737 2252 1069 2307 significatione
1112 2256 1312 2293 “sanata
1357 2250 1496 2301 esse,”
1537 2264 1700 2304 nempe

77 2323 82 2330 ’
128 2355 131 2362 f
195 2316 348 2372 plaga,
371 2317 492 2372 quod
519 2317 577 2359 sit
603 2317 725 2371 quod
747 2316 1059 2358 discordantia
1080 2315 1158 2357 illa
1178 2321 1452 2369 apparenter
1472 2320 1702 2355 summota

196 2381 255 2423 sit
281 2394 360 2435 per
381 2381 590 2422 inventas
615 2378 957 2434 conjunctiones
981 2392 1167 2432 operum
1191 2392 1293 2420 cum
1320 2377 1434 2429 fide3
1468 2377 1588 2431 quod
1615 2377 1700 2417 hoc

197 2443 480 2498 significetur
506 2458 587 2499 per
611 2443 839 2492 “sanari,'’
862 2456 965 2484 cum
991 2456 1070 2497 per
1095 2442 1319 2496 “plagam
1345 2441 1535 2482 mortis''
1562 2441 1700 2494 signi-

197 2506 358 2554 ficatur
375 2508 684 2550 discordantia
702 2520 805 2548 cum
820 2506 991 2556 Verbo,
1008 2506 1178 2560 absque
1197 2505 1409 2547 ulteriore
1429 2503 1701 2546 deductione

136 2571 147 2602 ’-
199 2579 411 2614 constare
437 2578 618 2626 potest;
659 2578 707 2612 at
733 2570 854 2625 quod
888 2584 1027 2624 usque
1053 2569 1191 2623 plaga
1216 2569 1293 2611 illa
1324 2583 1415 2610 non
1442 2575 1603 2610 sanata
1628 2569 1699 2617 sit,

198 2635 280 2678 sed
311 2635 450 2677 modo
481 2643 758 2689 apparentur
790 2641 1032 2683 summota,
1061 2633 1287 2674 videbitur
1318 2634 1361 2674 in
1394 2632 1701 2687 sequentibus.

67 2692 75 2695 '¹
121 2710 133 2713 '⁷
200 2698 396 2741 Primum
427 2697 577 2753 aliqua
618 2699 663 2739 in
705 2698 903 2739 medium
941 2697 1183 2738 afferentur
1219 2697 1275 2737 de
1313 2694 1702 2749 conjunctionibus

54 3445 105 3464 .......

199 2762 423 2804 bonorum
446 2774 634 2815 operum
657 2774 758 2803 curn
784 2760 886 2810 fide,
910 2761 1107 2802 inventis
1129 2760 1187 2801 ab
1208 2760 1294 2801 illis
1318 2760 1390 2813 qui
1414 2758 1701 2800 crediderunt

201 2839 249 2866 se
275 2825 499 2866 acutiores
531 2832 577 2866 et
603 2825 862 2878 sagaciores
887 2823 1068 2878 reliquis
1094 2837 1208 2873 esse,
1237 2829 1283 2864 et
1317 2822 1447 2863 simul
1480 2821 1560 2862 tali
1592 2821 1701 2862 dote

200 2889 371 2942 ingenii
393 2889 622 2942 praeditos
648 2895 697 2929 ut
721 2901 799 2941 per
820 2888 1055 2929 ratiocinia
1081 2901 1140 2928 ex
1163 2886 1349 2927 fallaciis
1372 2886 1546 2939 possint
1570 2885 1700 2925 indu-

202 2965 305 2994 cere
327 2952 575 3005 cuicunque
598 2951 711 2992 falso
735 2951 1048 3004 apparentiam
1071 2950 1189 3000 veri;
1222 2949 1302 2990 sed
1329 2956 1378 2990 ut
1405 2963 1458 2989 ea
1479 2948 1700 3001 indagen-

203 3021 290 3065 tur,
323 3015 380 3056 ad
417 3021 602 3069 captum
639 3015 870 3064 sistantur,
909 3020 955 3055 et
993 3013 1096 3055 dein
1133 3012 1416 3062 evolvantur,
1455 3011 1591 3053 velim
1629 3011 1700 3053 hic
