2008 3458
617 374 724 407 CAP.
747 375 863 417 xlv„
887 376 1027 410 VERs.
1055 377 1224 422 15.—N.
1247 368 1416 424 911[b].
1647 381 1756 426 2455

258 499 288 531 a
321 487 467 538 bonis,
501 500 680 542 nempe,
718 487 901 531 “Sinite
939 504 1026 531 una
1062 505 1265 534 crescere
1298 499 1486 547 utraque
1524 483 1665 549 usque
1700 495 1758 536 ad

191 554 194 555 ⁷
259 563 470 600 messem,
504 557 550 592 et
588 557 796 605 tempore
833 554 992 594 messis
1030 554 1177 595 dicam
1216 557 1504 605 messoribus,
1540 557 1758 611 Colligite

258 615 378 670 prius
397 615 583 664 zizania,
603 621 650 656 et
673 614 893 668 colligate
912 631 965 657 ea
987 618 1032 657 in
1051 618 1290 659 fasciculos
1308 620 1364 659 ad
1384 621 1757 671 comburendum,

257 678 460 721 triticum
493 691 602 720 vero
634 685 919 732 congregate
951 680 995 720 in
1034 680 1245 723 horreum
1283 695 1433 723 meum
1452 683 1486 733 ;“
1529 697 1607 737 per
1644 698 1760 738 quae

257 740 540 796 significatur
561 742 791 795 separatio
814 742 1036 784 malorum
1063 757 1089 784 a
1114 744 1245 785 bonis
1272 745 1378 786 dum
1406 746 1616 788 ultimum
1638 747 1756 800 judi-

257 805 377 847 cium
402 805 547 847 instat
563 819 574 856 ;
613 804 735 859 quod
762 817 853 845 non
886 806 1006 859 prius
1033 808 1229 860 separati
1257 809 1362 857 sint,
1391 809 1599 850 videatur
1624 823 1760 851 causa

249 866 303 914 ,in
327 866 551 921 opusculo
574 866 643 907 De
673 865 841 908 Ultimo
865 867 1054 916 Judicz‘o
1080 879 1124 915 (n.
1138 887 1187 916 59.
1204 879 1285 919 70);
1317 870 1478 922 quibus
1504 870 1615 911 haec
1643 870 1758 924 adji-

255 941 360 978 cere
385 927 537 978 velim,
571 928 692 983 quod
720 928 971 970 secundum
998 929 1212 970 Divinum
1239 931 1443 972 ordinem
1476 932 1534 973 sit
1568 938 1616 973 ut
1649 945 1759 973 con-

250 989 445 1046 junctim
479 998 690 1034 crescant
728 1006 843 1046 quae
881 992 926 1032 in
968 991 1055 1033 fine
1088 994 1341 1046 separanda
1376 1001 1496 1043 sunt,
1536 1002 1582 1036 et
1621 995 1759 1049 quod,

255 1053 366 1096 dum
391 1054 448 1096 ad
475 1053 612 1096 finem
638 1056 923 1109 perveniunt,
951 1055 1068 1096 facili
1096 1070 1233 1109 opera
1260 1063 1307 1097 et
1335 1058 1462 1110 quasi
1489 1071 1567 1098 sua
1594 1065 1759 1111 sponte

256 1117 336 1161 fiat
368 1119 627 1173 separatio;
670 1118 758 1160 hoc
793 1114 1019 1160 'ex-mille
1051 1121 1363 1172 experientiae
1396 1121 1683 1162 documentis
1715 1122 1759 1162 in

256 1189 450 1236 utroque
472 1182 657 1231 mundo,
681 1183 820 1223 immo
843 1197 903 1224 ex
927 1183 1392 1236 correspondentibus
1415 1184 1458 1224 in
1486 1185 1638 1237 regnis
1664 1186 1759 1225 ani-

246 1245 366 1288 *mali
401 1253 448 1289 et
485 1246 749 1300 vegetabili,
789 1245 1004 1288 illustrari
1041 1253 1223 1300 potest;
1271 1261 1331 1287 ex
1368 1247 1527 1300 quibus
1564 1248 1678 1288 sicut
1715 1249 1760 1288 in

256 1310 486 1364 communi
512 1309 699 1364 speculo
725 1310 868 1351 videri
894 1316 1050 1364 potest
1078 1322 1155 1350 cur
1183 1309 1290 1350 mali
1317 1323 1342 1350 a
1368 1310 1498 1351 bonis
1524 1324 1614 1351 non
1642 1311 1760 1364 prius

256 1373 456 1428 separati
485 1379 592 1414 sunt
623 1386 760 1427 quam
792 1374 912 1414 circa
945 1372 1155 1414 ultimum
1183 1372 1429 1425 judicium3
1468 1374 1587 1427 quod
1621 1375 1759 1414 etiam

257 1435 539 1491 significatur
560 1450 639 1491 per
664 1436 777 1478 haec
805 1450 920 1491 quae
944 1449 1061 1477 nunc
1086 1436 1376 1490 explicantur
1402 1437 1446 1477 in
1469 1436 1757 1490 Apocalypsi,

256 1499 379 1556 quod
401 1499 570 1541 dixerit
592 1499 784 1553 angelus
802 1500 982 1541 sedenti
1005 1513 1139 1553 super
1157 1499 1290 1548 nube,
1313 1503 1337 1519 “
1352 1499 1492 1548 Mete,
1511 1501 1614 1553 quia
1631 1501 1757 1541 venit

256 1562 340 1608 tibi
365 1559 480 1605 hora
504 1563 722 1612 metendi,
750 1564 855 1616 quia
880 1563 997 1603 aruit
1021 1563 1181 1603 messis
1208 1562 1393 1603 terrae.‘’

340 1627 426 1684 [b.]
469 1628 554 1671 Per
587 1628 860 1670 “messem”
891 1629 1033 1670 etiam
1069 1627 1354 1682 significatur
1389 1628 1574 1668 ultimus
1610 1634 1758 1669 status

257 1691 496 1741 ecclesiae,
529 1691 712 1746 quando
747 1697 879 1732 vetus
917 1691 1112 1732 ecclesia
1149 1691 1393 1731 devastata
1428 1697 1513 1738 est,
1547 1690 1633 1730 hoc
1671 1697 1757 1737 est,

256 1754 440 1809 quando
466 1767 558 1796 non
584 1767 740 1795 verum
774 1767 856 1795 nec
890 1754 1059 1795 bonum
1093 1753 1285 1808 amplius
1318 1754 1377 1794 ibi
1408 1753 1635 1794 residuum
1668 1760 1755 1800 est,

255 1818 378 1873 quod
410 1831 502 1859 non
527 1817 817 1859 falsificatum
844 1824 923 1859 aut
954 1816 1188 1871 rejectum,
1217 1818 1357 1859 etiam
1390 1818 1434 1857 in
1467 1817 1759 1870 sequentibus

256 1880 370 1923 locis
389 1879 601 1936 z—Apud
627 1880 811 1930 Joelem,

322 1970 410 2004 “Ad
429 1971 559 2003 vallem
579 1970 872 2014 Jehoschaphati.
887 1996 894 2003 .
909 1971 1058 2003 .sedebo
1080 1971 1125 2003 ad
1144 1970 1375 2011 judicandum
1398 1979 1523 2001 omnes
1543 1975 1669 2009 gentes
1694 1969 1760 2000 cir-

430 2015 606 2048 cumcirca
621 2025 629 2053 ;
649 2015 800 2047 emittite
814 2015 954 2053 falcem,
968 2015 1051 2056 quia
1065 2015 1232 2047 maturuit
1246 2015 1386 2052 messis,
1401 2014 1529 2051 venite,
1543 2013 1758 2050 descendite,

431 2060 514 2101 quia
536 2059 682 2100 plenum
707 2065 762 2091 est
786 2059 951 2097 torcular,
976 2059 1202 2090 exundarunt
1226 2059 1335 2096 lacus,
1359 2058 1443 2099 quia
1468 2067 1598 2097 magna
1622 2056 1760 2088 malitia

430 2113 554 2136 eorum
568 2102 586 2115 '¹
603 2103 662 2144 (iv.
682 2101 743 2146 [B.
763 2104 809 2135 A.
827 2100 896 2145 iii.]
914 2111 964 2141 12,
985 2103 1058 2143 13):

254 2193 407 2248 agitur
436 2193 482 2235 in
513 2206 570 2234 eo
602 2192 751 2246 capite
783 2191 840 2233 de
871 2190 1187 2233 faisificatione
1219 2191 1312 2232 veri
1345 2191 1388 2231 in
1421 2189 1591 2238 Verbo,
1623 2195 1669 2230 et
1701 2188 1758 2229 de

254 2257 578 2299 devastatione
598 2255 822 2297 ecclesiae
843 2269 925 2309 per
946 2254 1086 2303 illam,
1111 2261 1158 2295 et
1180 2255 1226 2295 in
1253 2254 1339 2295 hoc
1363 2267 1494 2294 versu
1517 2253 1572 2293 de
1596 2252 1756 2295 ultimo

255 2327 383 2363 statu
413 2319 636 2362 ecclesiae
668 2319 851 2374 quando
871 2318 1101 2372 judicium,
1130 2319 1204 2373 qui
1237 2324 1387 2359 status
1414 2316 1681 2358 describitur
1707 2321 1755 2355 ut

254 2383 299 2426 in
329 2382 613 2438 Apocalypsi
638 2396 717 2437 per
751 2383 1002 2423 “emittere
1034 2381 1212 2430 falcem,
1246 2381 1350 2435 quia
1382 2380 1597 2421 maturuit
1636 2391 1755 2425 mes—

254 2447 316 2488 sis
333 2446 368 2498 ;”
397 2447 598 2488 “messis
611 2445 630 2461 ’¹
648 2452 719 2487 est
734 2445 929 2486 ultimus
951 2445 1027 2486 ille
1051 2451 1226 2485 status:
1262 2451 1358 2485 tum
1377 2444 1516 2484 etiam
1540 2455 1618 2495 per
1636 2441 1756 2495 quod

257 2510 486 2565 “plenum
515 2500 577 2552 'sit
610 2509 824 2559 torcular,
854 2515 901 2550 et
932 2508 1220 2550 exundarent
1254 2506 1418 2555 lacus,'’
1445 2507 1560 2546 sicut
1592 2505 1635 2544 in
1668 2504 1755 2544 hoc

255 2574 408 2628 capite
443 2572 791 2626 Apocalypseos,
829 2586 944 2613 vers.
993 2583 1055 2624 1-9,
1094 2581 1173 2611 zo:
1219 2570 1342 2624 quod
1385 2575 1492 2610 tunc
1526 2567 1756 2620 judicium,

255 2643 416 2691 aperte
438 2636 628 2678 dicit-ur:
664 2635 833 2677 “vallis
855 2633 1258 2688 Jehoschaphati‚'’
1275 2634 1348 2674 ubi
1367 2632 1595 2685 judicium,
1617 2630 1756 2683 signi-

212 2719 219 2728 ·
255 2698 365 2742 ficat
390 2698 755 2741 falsificationem
783 2698 938 2739 Verbi.
1001 2697 1140 2751 Apud
1165 2696 1429 2744 Jeremiam,

322 2787 561 2821 “Exscindite
581 2789 820 2820 seminantem
841 2785 913 2818 [¹1in
937 2787 1079 2824 Babele,
1101 2792 1136 2818 et
1157 2785 1437 2827 prehendentem
1460 2783 1586 2815 falcem
1608 2783 1644 2814 in
1670 2789 1760 2815 tem-¹

431 2842 519 2874 pote
535 2831 692 2865 messis”
709 2832 744 2873 (l.
766 2832 817 2871 16)
833 2842 840 2869 ;

255 2922 305 2959 et
331 2917 451 2971 apud
479 2917 692 2965 eundern,

322 2993 442 3026 “Filia
465 2992 609 3025 Babelis
629 2993 720 3024 sicut
740 2988 850 3032 area[,
872 2987 1029 3031 tempus]
1052 2989 1096 3021 ad
1120 2989 1356 3021 triturandum
1378 2998 1469 3026 eam,
1490 2988 1603 3020 adhuc
1628 2997 1753 3029 parum

430 3046 509 3070 cum
527 3037 647 3069 veniet
661 3042 803 3077 tempus
820 3035 948 3066 messis
962 3034 1016 3065 >illi
1030 3033 1047 3045 ’'
1064 3033 1112 3073 (li.
1131 3034 1204 3074 33):
