2008 3458
347 398 398 439 23
409 398 423 427 1
432 398 456 428 2
757 394 1089 428 APOCALYPSIS
1120 395 1417 428 EXPLICATA.

345 509 446 556 oris,
482 507 663 561 linguae
695 513 740 549 et
773 507 988 561 laryngis,
1023 507 1256 562 loquelae;
1298 509 1377 549 sed
1417 522 1555 562 usque
1594 513 1697 549 sunt
1733 507 1825 556 ina»,

344 584 457 623 quae
493 569 601 623 [non
634 570 798 623 solum]
833 570 1125 611 manifestant
1157 570 1428 611 charitatem
1461 577 1506 611 et
1538 569 1673 611 fide‘m
1707 570 1824 624 apud

343 633 586 681 hominem,
616 633 694 672 sed
727 633 865 673 etiam
898 632 1130 686 complent
1161 639 1206 673 et
1233 633 1468 686 perficiunt
1494 632 1622 683 illas;
1660 638 1706 674 et
1737 632 1824 674 hoc

342 709 400 734 ex
428 709 575 743 causa,
604 696 705 748 quia
737 708 827 735 non
859 694 969 735 fides
1001 708 1083 736 nec
1115 695 1311 736 charitas
1343 702 1411 736 est
1445 696 1562 748 apud
1594 695 1825 735 hominem

342 758 597 810 priusquam
634 755 871 798 actualiter
911 758 1129 806 existunt,
1170 764 1215 799 et
1262 756 1498 799 actualiter
1534 758 1740 798 existunt
1781 757 1828 798 in

342 820 563 871 operibus.
627 818 760 872 Quod
783 820 827 859 in
853 820 1060 872 operibus
1083 821 1172 861 sint
1199 821 1349 860 omnia
1371 820 1473 860 fidei
1499 826 1545 860 et
1572 819 1824 868 charitatis,

342 894 455 933 quae
483 887 586 922 sunt
619 881 735 934 apud
763 881 1009 930 hominem,
1037 889 1107 923 est
1139 883 1240 936 quia
1273 896 1408 936 opera
1435 888 1540 922 sunt
1566 880 1825 923 activitates

342 943 555 983 oriundae
587 958 645 984 ex
677 943 915 985 voluntate
948 951 994 985 et
1026 959 1086 985 ex
1117 946 1398 997 cogitatione
1430 944 1549 997 ejus;
1589 950 1635 985 et
1667 943 1826 985 harum

342 1006 491 1045 omnia
510 1019 557 1046 se
578 1011 768 1058 egerunt
788 1012 834 1046 et
853 1006 1086 1047 effundunt
1105 1007 1148 1046 in
1171 1021 1321 1060 opera,
1342 1021 1521 1060 prorsus
1541 1007 1654 1047 sicut
1673 1006 1824 1047 omnia

342 1081 504 1107 causae
530 1069 574 1107 in
600 1066 796 1116 effeetus,
824 1082 875 1109 ac
904 1069 1054 1109 omnia
1081 1069 1261 1109 seminis
1288 1076 1333 1110 et
1365 1069 1534 1110 arboris
1560 1069 1604 1109 in
1629 1066 1795 1110 fruetus
1813 1082 1838 1119 ;v

343 1135 446 1170 sunt
474 1131 592 1170 enim
619 1144 755 1183 opera
781 1131 1120 1184 complementa
1146 1145 1311 1172 earum.
1375 1131 1507 1184 Quod
1534 1132 1598 1172 ita
1628 1132 1701 1179 sit,
1730 1144 1823 1172 non

341 1198 530 1245 apparet
563 1206 714 1233 coram
751 1193 891 1233 oculis
928 1193 1137 1247 hominis,
1171 1194 1249 1234 sed
1287 1193 1642 1247 perceptibiliter
1672 1206 1824 1235 coram

342 1254 529 1307 angelis.
592 1254 786 1307 Quando
822 1256 959 1296 homo
996 1257 1039 1295 in
1077 1257 1295 1296 exercitio
1332 1256 1567 1297 charitatis
1599 1262 1684 1305 est,
1717 1261 1824 1296 tunc

342 1317 533 1369 sphaera
569 1319 766 1358 omnium
805 1316 1089 1358 affeffionum
1126 1305 1172 1359 e't
1208 1319 1311 1359 inde
1349 1319 1678 1371 cogitationum
1715 1317 1823 1371 ejus,

342 1380 456 1420 sicut
489 1381 635 1420 tenuis
667 1394 795 1433 aqua,
830 1386 875 1420 et
909 1381 1177 1434 quandoque
1209 1381 1325 1422 sicut
1357 1381 1497 1421 nubes
1529 1380 1722 1421 candida
1751 1379 1825 1421 vel

342 1442 543 1490 obscura,
572 1448 760 1495 apparet
788 1443 952 1482 circum
979 1442 1118 1491 illum,
1142 1444 1186 1483 in
1213 1457 1299 1497 qua
1325 1443 1516 1497 sphaera
1543 1449 1646 1484 sunt
1673 1443 1826 1484 omnia
1850 1493 1853 1501 1

343 1505 507 1544 mentis
545 1504 638 1556 ejus
675 1505 718 1544 in
756 1504 1014 1558 complexu,
1049 1519 1108 1546 ex
1145 1520 1232 1559 qua
1270 1507 1559 1559 cognoscitur
1594 1505 1732 1546 homo
1768 1506 1826 1547 ab

341 1566 515 1619 angelis
543 1567 685 1620 qualis
712 1574 782 1608 est
804 1568 951 1620 quoad
975 1568 1125 1608 omnia
1152 1581 1256 1608 sua:
1291 1582 1426 1609 causa
1452 1574 1536 1617 est,
1560 1569 1662 1622 quia
1689 1581 1823 1608 unus·

341 1630 525 1682 quisque
552 1636 621 1670 est
647 1644 749 1670 suus
775 1643 914 1678 amor,
939 1636 986 1671 et
1012 1645 1148 1683 opera
1170 1632 1273 1672 inde
1295 1632 1462 1672 faciunt
1485 1638 1533 1672 ut
1560 1644 1686 1672 amor
1711 1628 1823 1672 aeti-

341 1706 421 1731 vus
440 1693 496 1732 sit
515 1707 523 1742 ;
552 1699 598 1732 et
616 1693 721 1732 dum
740 1691 911 1733 activus
929 1692 992 1741 fit,
1013 1693 1201 1734 effundit
1219 1708 1266 1734 se
1285 1695 1449 1735 circum
1466 1693 1606 1734 illum.
1649 1693 1824 1734 Eadem

341 1754 534 1807 sphaera
571 1755 812 1807 spiritualis
850 1769 940 1795 non
982 1756 1118 1796 modo
1155 1755 1415 1797 manifestat
1458 1770 1505 1797 se
1540 1769 1692 1796 coram
1728 1756 1825 1796 'visu

343 1818 457 1857 sicut
480 1818 682 1866 undatio,
703 1818 783 1858 sed
807 1819 943 1858 etiam
968 1819 1119 1859 eoram
1138 1819 1235 1859 visu
1259 1819 1303 1859 in
1325 1819 1456 1859 variis
1473 1819 1624 1859 formis
1646 1831 1824 1872 reprae-

343 1881 607 1930 sentativis;
646 1887 691 1921 et
718 1880 803 1921 hoc
831 1881 960 1929 adeo,
989 1888 1038 1921 ut
1065 1895 1124 1921 ex
1150 1882 1546 1935 repraesentativis
1571 1880 1658 1922 illis
1683 1894 1823 1934 appa-

341 1948 438 1982 reat
465 1942 615 1991 homo,
641 1943 822 1996 spiritus
848 1950 924 1983 aut
952 1942 1154 1996 angelus,
1179 1957 1358 1996 prorsus
1382 1942 1524 1996 qualis
1546 1949 1630 1984 est.
1690 1942 1824 1996 Quod

342 2018 478 2056 opera
510 2006 775 2046 contineant
807 2006 851 2045 in
888 2019 935 2046 se
968 2007 1118 2046 omnia
1150 2006 1329 2054 mentis,
1363 2012 1433 2046 est
1465 2019 1641 2059 quoque
1672 2018 1822 2055 causa,

342 2068 443 2119 quia
475 2068 625 2107 omnia
656 2069 923 2115 successiva,
958 2082 1072 2121 quae
1103 2069 1452 2121 progrediuntur
1481 2069 1526 2108 in
1557 2082 1638 2109 suo
1669 2068 1824 2109 ordine

344 2143 369 2169 a
401 2131 619 2182 supremis
645 2131 702 2171 ad
728 2130 893 2179 infima,
922 2145 1000 2171 seu
1031 2145 1057 2171 a
1088 2131 1240 2184 primis
1272 2131 1327 2171 ad
1360 2130 1532 2180 ultima,
1559 2130 1754 2172 formant
1779 2131 1824 2172 in

341 2191 502 2231 infimis
529 2206 606 2232 seu
628 2194 671 2233 in
695 2193 863 2234 ultimis
887 2193 1221 2242 simustaneum,
1246 2193 1288 2233 in
1315 2207 1404 2247 quo
1426 2193 1576 2233 omnia
1599 2193 1824 2246 superiora

342 2268 419 2294 seu
445 2255 592 2307 priora
617 2257 908 2306 coexistunt;
947 2256 1026 2296 sed
1058 2256 1201 2309 qualis
1233 2262 1302 2297 est
1336 2256 1446 2296 ordo
1472 2256 1751 2296 successivus
1777 2261 1824 2296 et

342 2320 444 2360 inde
481 2319 592 2359 ordo
627 2320 942 2368 simultaneus,
974 2320 1183 2360 videatur
1216 2333 1351 2373 supra
1386 2330 1430 2369 (n.
1450 2319 1670 2372 595,666),
1702 2325 1749 2360 et
1778 2318 1823 2360 in

341 2383 542 2424 Arcanz’s
576 2382 854 2424 Caelestibns
885 2393 929 2430 (n.
947 2390 1051 2431 [1J634,
1065 2393 1155 2430 3691,
1168 2399 1258 2430 4145,
1276 2391 1400 2430 1215114,
1416 2395 1505 2430 5897,
1521 2393 1610 2430 6239,
1626 2393 1717 2430 6326,
1732 2393 1823 2430 6465,

342 2453 466 2491 [319215‚
489 2454 579 2491 9216,
603 2455 692 2490 9828,
714 2453 806 2490 9836,
833 2461 940 2490 10044,
966 2450 1109 2490 [4110099,
1134 2461 1242 2490 10329,
1264 2453 1402 2492 10335);
1447 2455 1498 2482 ac
1539 2455 1679 2495 opera
1717 2447 1823 2483 Sunt

342 2509 500 2549 ultima
522 2508 716 2548 hominis
739 2507 925 2547 oriunda
948 2521 1006 2547 ex
1028 2507 1312 2547 interioribus
1335 2506 1441 2559 ejus,
1465 2520 1578 2560 quae
1600 2507 1644 2547 in
1667 2506 1822 2548 ordine

343 2571 597 2611 successivo
624 2575 755 2619 sunt3
793 2583 852 2610 ex
883 2570 1041 2622 quibus
1067 2575 1196 2622 patet
1223 2569 1342 2622 quod
1373 2570 1416 2609 in
1449 2569 1535 2610 illis
1562 2569 1822 2610 coexistant

342 2634 493 2673 omnia
523 2632 773 2672 voluntatis
805 2638 850 2672 et
889 2631 1180 2684 cogitationis
1212 2631 1419 2680 hominis,
1454 2631 1640 2684 proinde
1672 2632 1824 2672 omnia

338 2696 505 2736 amoris
533 2701 578 2736 et
605 2694 706 2734 fidei
733 2693 837 2747 ejus.
900 2694 1011 2734 Inde
1037 2706 1153 2734 nunc
1186 2700 1256 2734 est
1281 2694 1400 2748 quod
1432 2695 1570 2735 toties
1596 2694 1639 2734 in
1666 2693 1822 2734 Verbo

342 2773 368 2798 a
410 2758 608 2798 Domino
649 2757 921 2797 mandentur
962 2770 1112 2809 opera,
1151 2762 1196 2796 et
1238 2756 1356 2809 quod
1398 2756 1536 2796 homo
1577 2755 1822 2796 secundum

342 2834 478 2873 opera
499 2819 765 2872 judicandus
794 2820 864 2860 sit.
927 2819 1001 2859 Ex
1032 2818 1100 2858 his
1132 2824 1260 2871 patet
1293 2817 1435 2871 qualis
1467 2817 1604 2858 homo
1635 2822 1719 2864 est,
1747 2817 1822 2870 qui

341 2889 520 2935 separat
547 2881 680 2922 fidem
707 2882 763 2921 ab
790 2881 1025 2934 operibus;
1064 2881 1183 2934 quod
1208 2881 1266 2920 sit
1293 2880 1462 2933 absque
1493 2879 1595 2928 fide,
1621 2885 1668 2919 et
1700 2878 1819 2932 quod

342 2958 478 2997 opera
504 2944 595 2996 ejus
623 2945 711 2984 sint
740 2937 872 2991 mala,
901 2943 1192 2984 scaturientia
1219 2957 1277 2983 ex
1303 2955 1455 2982 amore
1481 2942 1546 2981 sui
1578 2946 1623 2981 et
1650 2941 1816 2990 mundi,

342 3006 554 3047 obvelata
586 3012 631 3047 et
665 3006 942 3047 circumdata
974 3005 1138 3046 talibus
1170 3019 1282 3059 quae
1314 3004 1416 3045 fidei
1447 3009 1566 3052 sunt,
1594 3003 1673 3044 sed
1705 3017 1818 3057 quae
