2054 3464
75 677 125 704 «³

94 699 122 722 πμ.

563 389 670 423 CAP.
694 389 796 431 κη,
820 390 958 423 VERs.
980 381 1130 423 6.—N.
1155 381 1333 437 73o[a'].
1584 394 1698 437 2039

178 499 412 548 ‘afflixerit
433 510 496 555 te,
515 510 563 546 et
586 505 835 547 tentaverit
859 510 920 554 te,
940 505 998 546 ad
1020 505 1395 554 benefaciendum
1419 506 1500 547 tibi
1522 507 1566 547 in
1590 520 1695 561 pos-

70 582 82 613 ·.
96 570 161 647 ff.
196 569 387 611 teritate
413 574 516 610 tua:

522 567 542 584 n

573 568 669 608 vita
695 567 875 609 illorum
901 569 1147 622 spiritualis
1173 569 1445 610 describitur
1471 583 1550 623 per
1575 569 1697 624 quod

159 631 404 687 Jehovah
430 631 636 673 docuerit
662 630 765 672 illos
791 631 913 685 quod
943 635 1073 672 “non
1106 646 1184 685 per
1210 645 1374 686 panem
1400 632 1546 683 solum
1573 633 1697 673 vivat

196 694 352 744 homo,
371 694 452 736 sed
469 707 549 749 per
566 707 702 735 omne
719 695 1008 735 enuntiatum
1027 695 1115 736 oris
1132 695 1374 748 Jehovaess’
1415 694 1551 749 Quod
1568 699 1699 736 “non

160 757 340 799 'vestis
361 770 518 798 eorum
540 757 799 798 inveterata
823 757 971 807 fuerit,
996 765 1042 799 et
1070 772 1150 812 pes
1175 772 1331 800 eorum
1354 772 1445 800 non
1472 760 1698 800 intumue-

90 829 113 858 i
156 862 169 866 ⁷,
196 819 284 873 rit,'
287 819 542 874 'significat
560 821 682 875 quod
701 820 920 862 naturalis
938 821 1078 862 horno
1096 835 1186 863 non
1205 822 1354 863 laesus
1377 823 1435 863 sit
1459 836 1537 876 per
1559 821 1699 863 afflic-

195 882 348 927 tiones
366 883 468 925 illas
485 898 495 935 ;
527 887 552 904 ‘¹
566 890 720 925 vestes
733 883 752 899 '³
770 885 890 925 enim
907 884 1168 938 significant
1186 899 1292 926 vera
1310 885 1530 926 naturalis
1553 884 1699 926 homi-

189 947 286 1006 nis,
313 959 366 989 ac
401 945 550 1003 “pes”
576 947 722 1001 ipsum
755 946 1011 988 naturalem
1040 947 1286 989 hominem.
1350 949 1591 990 Praeterea
1622 962 1702 1003 per

565 1009 585 1026 12

200 1010 559 1067 “quadraginta,
616 1011 711 1051 sive
748 1024 894 1052 annos
929 1011 1025 1052 sive
1062 1012 1173 1061 dies,
1208 1011 1488 1065 significatur
1521 1014 1702 1066 integra

71 1078 100 1100 ’·“
148 1112 153 1121 f
197 1071 380 1114 duratio
401 1072 717 1125 tentatlonum
740 1082 900 1122 (videatur
911 1091 1020 1121 supra,
1036 1092 1068 1114 n.
1081 1072 1195 1125 633),
1253 1072 1430 1114 Similia
1455 1074 1699 1114 Involvunt

176 1149 178 1151 ’
197 1130 313 1176 haec
339 1134 461 1189 apud
485 1133 720 1182 Davidem,

268 1231 288 1246 ⁴⁸
298 1229 472 1263 Errarunt
489 1231 526 1263 in
539 1231 683 1263 deserto
700 1229 769 1274 [in]
785 1231 978 1263 solitudine
993 1229 1118 1271 [¹]viae,
1133 1233 1258 1264 urbem
1271 1232 1504 1264 habitationis
1519 1243 1591 1264 non
1606 1233 1704 1265 inve-

376 1282 519 1314 nerunt,
537 1275 692 1307 famelici
708 1282 744 1307 et
761 1276 953 1314 sitibundi;
978 1285 1058 1307 cum
1072 1276 1193 1307 anima
1210 1285 1334 1308 eorum
1348 1277 1384 1308 in
1396 1276 1414 1288 ''
1428 1277 1487 1308 via
1501 1277 1704 1315 “deficeret,

381 1343 390 1352 .
405 1319 623 1352 ,clamarunt
646 1319 692 1351 ad
710 1319 915 1361 jehovam„
930 1344 937 1352 .
951 1344 959 1351 .
974 1320 1090 1351 .duxit
1109 1330 1172 1352 eos
1191 1320 1228 1351 in
1249 1317 1344 1352 [21via
1366 1318 1465 1359 recti,
1486 1327 1524 1352 ut
1543 1321 1636 1352 irent
1659 1321 1705 1352 ad

374 1363 501 1395 urbem
518 1363 751 1395 habitationis
762 1362 780 1375 '¹
798 1363 870 1404 (Ps.
888 1363 966 1395 cvii.
983 1365 1082 1404 4-7):

76 1445 87 1454 ”
142 1468 156 1501 ξ
201 1450 318 1495 haec
349 1451 394 1493 in
422 1464 591 1506 genere
617 1449 739 1492 dic'ta
765 1457 871 1492 sunt
897 1451 954 1492 de
979 1451 1245 1506 redemptis,
1273 1452 1319 1492 in
1345 1452 1496 1506 specie
1522 1452 1578 1493 de
1604 1452 1705 1493 filiis

201 1514 385 1557 Israelis
415 1515 460 1556 in
493 1515 693 1564 deserto,
729 1521 774 1556 et
812 1529 892 1569 per
922 1514 1000 1556 illa
1031 1515 1170 1556 verba
1202 1515 1519 1556 describuntur
1550 1522 1705 1560 tenta-

80 1600 106 1614 -
152 1584 155 1588 ’
201 1578 355 1621 tiones
375 1577 556 1620 illorum
580 1579 654 1633 qui
676 1584 1006 1632 regenerantur
1028 1592 1055 1619 a
1077 1578 1305 1629 Domino;
1339 1585 1385 1620 et
1408 1593 1487 1632 per
1512 1579 1706 1620 “urbem

174 1640 534 1689 'habitationis”
559 1654 694 1696 quam
726 1655 818 1682 non
859 1642 1145 1690 invenerunt,
1181 1641 1461 1695 significatur
1501 1641 1707 1683 doctrina

201 1705 340 1754 vitae,
358 1718 474 1759 quae
495 1705 615 1759 apud
638 1704 870 1746 hominem
895 1704 1002 1746 facit
1025 1704 1267 1746 ecclesiam
1285 1719 1295 1756 ;
1327 1711 1375 1746 et
1393 1706 1496 1760 quia
1513 1705 1708 1747 ecclesia

201 1766 424 1810 formatur
453 1768 573 1823 apud
605 1767 842 1809 hominem
874 1782 953 1822 per
977 1769 1122 1809 vitam
1155 1768 1405 1809 secundum
1438 1767 1705 1818 doeh-inam,

201 1828 380 1874 exaffls
407 1831 758 1880 tentationibus,
790 1832 955 1872 dicitur
981 1831 1104 1885 quod
1132 1831 1342 1884 Jehovah
1373 1833 1597 1873 “duxerit
1623 1847 1708 1874 eos

201 1895 247 1936 in
279 1891 387 1936 [²¹via
417 1893 542 1944 recffi,
577 1901 627 1936 ut
667 1895 787 1936 irent
828 1895 886 1936 ad
926 1895 1082 1936 urbem
1115 1895 1467 1947 habitationis;'’
1507 1894 1708 1937 defeetus

201 1958 298 2001 veri
327 1971 469 2013 usque
500 1957 558 1999 ad
595 1958 981 2012 desperationem,
1014 1964 1062 2000 et
1104 1972 1244 2013 usque
1285 1958 1558 2000 desiderium
1596 1959 1706 2012 ejus,

203 2020 485 2079 significatur
501 2035 581 2076 per
597 2021 719 2076 quod
741 2021 975 2062 “famelici
992 2027 1039 2063 et
1058 2021 1277 2063 sitibundi
1298 2028 1469 2072 essent,
1490 2028 1538 2063 ut
1558 2024 1710 2063 anima

203 2098 360 2143 eorum
385 2085 431 2127 in
456 2084 530 2126 via
555 2084 811 2126 deficeret.'’
870 2084 1012 2139 Apud
1035 2085 1303 2135 Jeremz'am,

275 2180 534 2214 “Recordatus
563 2181 889 2223 sum..juventutis
917 2187 1010 2220 tuae,
1039 2181 1174 2213 amoris
1202 2181 1523 2222 desponsationum
1557 2186 1711 2219 tuarum,

383 2234 466 2258 eum
489 2225 587 2257 ivisti
612 2232 694 2266 post
720 2225 780 2257 Me
805 2226 842 2257 in
861 2226 1026 2258 deserte.
1042 2250 1071 2258 ..
1087 2237 1112 2257 .:
1139 2235 1213 2257 non
1237 2226 1415 2263 dixemnt,
1443 2224 1513 2256 Ubi
1537 2224 1711 2266 Jehovah‚

381 2269 443 2312 qui
459 2270 654 2302 ascendere
674 2269 758 2301 fecit
778 2279 845 2301 nos
865 2279 885 2301 e
905 2275 1001 2300 terra
1020 2269 1188 2310 Aegypti,
1207 2269 1265 2310 qui
1286 2269 1386 2301 duxit
1406 2278 1473 2300 nos
1497 2269 1533 2300 in
1558 2268 1711 2306 deserto,

382 2313 421 2346 in
438 2319 534 2345 terra
549 2313 754 2345 solitudinis
771 2320 806 2345 et
825 2313 964 2351 foveae,
985 2313 1021 2345 in
1043 2320 1138 2345 terra
1157 2313 1325 2345 siccitatis
1345 2319 1381 2344 et
1400 2313 1547 2344 umbrae
1567 2312 1711 2349 densae,

383 2357 422 2389 in
445 2363 542 2391 terra
564 2367 629 2398 per
648 2367 755 2398 quarn
777 2367 855 2388 non
880 2357 1048 2395 transivit
1070 2357 1135 2395 vir,
1155 2366 1272 2398 neque
1296 2356 1470 2388 habitavit
1486 2356 1624 2388 homo?
1669 2355 1713 2388 Et

383 2401 469 2434 duxi
486 2410 553 2433 vos
570 2401 607 2432 in
625 2407 757 2433 terram
774 2401 898 2442 frugis,
916 2402 961 2433 ad
973 2401 1238 2432 comedendum
1256 2399 1412 2432 studium
1430 2400 1508 2441 ejus
1523 2406 1561 2432 et
1577 2401 1712 2431 bonum

339 2479 342 2483 ,
382 2444 462 2486 ejus
471 2444 490 2458 '’
508 2445 556 2486 (ii.
572 2453 604 2484 2,
621 2445 652 2484 6,
671 2446 722 2485 7):

208 2549 288 2592 per
316 2534 672 2589 “juventutem”
697 2541 746 2575 et
772 2537 1017 2575 “amorem
1044 2532 1496 2588 desponsationum,''
1522 2545 1712 2586 quorum

208 2599 478 2641 recordatus
510 2605 582 2640 est
618 2597 842 2652 Jehovah‚
876 2595 1158 2650 significatur
1191 2603 1341 2638 status
1378 2596 1713 2638 reformationis

167 2678 177 2682 ·
209 2669 257 2705 et
287 2663 650 2716 regenerationis
682 2661 893 2709 hominis,
928 2660 1035 2701 dum
1067 2674 1094 2701 a
1125 2660 1322 2701 naturali
1353 2659 1403 2701 fit
1436 2659 1711 2713 spiritualis;

79 2737 83 2743 ’·
209 2725 315 2781 quia
345 2725 485 2766 homo
515 2739 596 2779 per
626 2725 670 2766 id
703 2723 994 2778 conjungitur
1027 2723 1241 2773 Domino,
1276 2729 1323 2765 et
1355 2724 1482 2777 quasi
1514 2723 1711 2776 despon-

210 2795 337 2830 satur
362 2788 432 2838 Ei,
460 2795 532 2830 est
561 2788 605 2829 id
638 2788 759 2842 quod
785 2787 1060 2841 intelligitur
1085 2801 1164 2841 per
1193 2791 1434 2828 “amorem
1461 2786 1711 2839 desponsa-

210 2852 388 2894 tionum
405 2851 441 2892 :”
478 2852 582 2906 quia
611 2851 658 2892 id
690 2850 740 2892 fit
771 2865 852 2905 per
883 2852 1184 2900 tentationes,
1219 2851 1383 2892 dicitur
1416 2854 1555 2891 “cum
1592 2850 1713 2890 ivisti

108 2931 116 2941 ¹
142 2918 148 2920 ’
211 2921 317 2970 post
349 2914 425 2956 Me
456 2915 501 2956 in
533 2915 716 2956 deserto
731 2914 767 2966 ;‘'
805 2921 955 2956 status
987 2915 1300 2956 tentationum
1330 2913 1602 2957 describitur
1633 2926 1713 2966 per

215 2977 402 3019 “Duxit
433 2990 506 3019 me
536 2979 582 3019 in
613 2978 812 3027 deserto,
845 2979 890 3018 in
922 2984 1045 3019 terra
1076 2977 1334 3018 solitudinis
1371 2984 1418 3018 et
1459 2977 1632 3025 foveae,
1666 2975 1711 3016 in

212 3047 336 3083 terra
360 3041 581 3083 siccitatis
613 3047 660 3083 et
692 3041 877 3082 umbrae
904 3041 1073 3082 densae
1093 3039 1129 3092 ;''
1159 3041 1429 3082 “desertum
1442 3039 1460 3055 '’
1484 3038 1711 3093 significat
