<?xml version="1.0" encoding="UTF-8"?>
<!DOCTYPE html PUBLIC "-//W3C//DTD XHTML 1.0 Transitional//EN"
    "http://www.w3.org/TR/xhtml1/DTD/xhtml1-transitional.dtd">
<html xmlns="http://www.w3.org/1999/xhtml" xml:lang="en" lang="en">
 <head>
  <title>
</title>
<meta http-equiv="Content-Type" content="text/html;charset=utf-8" />
  <meta name='ocr-system' content='tesseract 3.04.00' />
  <meta name='ocr-capabilities' content='ocr_page ocr_carea ocr_par ocr_line ocrx_word'/>
</head>
<body>
  <div class='ocr_page' id='page_1' title='image "apocalypsisexpli04sweduoft_0077.png"; bbox 0 0 2098 3476; ppageno 0'>
   <div class='ocr_carea' id='block_1_1' title="bbox 595 366 1723 422">
    <p class='ocr_par' dir='ltr' id='par_1_1' title="bbox 595 366 1723 422">
     <span class='ocr_line' id='line_1_1' title="bbox 595 366 1723 422; baseline 0.004 -12"><span class='ocrx_word' id='word_1_1' title='bbox 595 376 702 410; x_wconf 81' lang='lat' dir='ltr'>cAP.</span> <span class='ocrx_word' id='word_1_2' title='bbox 726 377 827 418; x_wconf 67' lang='lat' dir='ltr'>xn„</span> <span class='ocrx_word' id='word_1_3' title='bbox 851 376 989 410; x_wconf 81' lang='lat' dir='ltr'><strong>VERS.</strong></span> <span class='ocrx_word' id='word_1_4' title='bbox 1011 377 1160 420; x_wconf 84' lang='lat' dir='ltr'><strong>4.—N.</strong></span> <span class='ocrx_word' id='word_1_5' title='bbox 1182 366 1352 422; x_wconf 89' lang='lat' dir='ltr'>721[a].</span> <span class='ocrx_word' id='word_1_6' title='bbox 1617 375 1723 420; x_wconf 91' lang='lat'>1979</span> 
     </span>
    </p>
   </div>
   <div class='ocr_carea' id='block_1_2' title="bbox 0 0 352 554">
    <p class='ocr_par' dir='ltr' id='par_1_2' title="bbox 0 0 352 554">
     <span class='ocr_line' id='line_1_2' title="bbox 0 0 352 554; baseline 0 0"><span class='ocrx_word' id='word_1_7' title='bbox 0 0 352 554; x_wconf 95' lang='lat' dir='ltr'>  </span> 
     </span>
    </p>
   </div>
   <div class='ocr_carea' id='block_1_3' title="bbox 227 489 1275 545">
    <p class='ocr_par' dir='ltr' id='par_1_3' title="bbox 227 489 1275 545">
     <span class='ocr_line' id='line_1_3' title="bbox 227 489 1275 545; baseline -0.001 -13"><span class='ocrx_word' id='word_1_8' title='bbox 227 490 357 533; x_wconf 78' lang='lat' dir='ltr'>utero</span> <span class='ocrx_word' id='word_1_9' title='bbox 379 490 560 532; x_wconf 88' lang='lat' dir='ltr'>habere.</span> <span class='ocrx_word' id='word_1_10' title='bbox 619 490 671 532; x_wconf 87' lang='lat' dir='ltr'>In</span> <span class='ocrx_word' id='word_1_11' title='bbox 696 489 834 531; x_wconf 82' lang='lat' dir='ltr'>Libro</span> <span class='ocrx_word' id='word_1_12' title='bbox 857 490 1015 545; x_wconf 66' lang='lat' dir='ltr'>Primo</span> <span class='ocrx_word' id='word_1_13' title='bbox 1040 489 1275 539; x_wconf 80' lang='lat' dir='ltr'><em>Samuelis,</em></span> 
     </span>
    </p>
   </div>
   <div class='ocr_carea' id='block_1_4' title="bbox 292 577 1721 709">
    <p class='ocr_par' dir='ltr' id='par_1_4' title="bbox 292 577 1721 709">
     <span class='ocr_line' id='line_1_4' title="bbox 292 577 1720 622; baseline -0.001 -10"><span class='ocrx_word' id='word_1_14' title='bbox 292 580 312 595; x_wconf 81' lang='lat'>‘⁴</span> <span class='ocrx_word' id='word_1_15' title='bbox 322 579 391 622; x_wconf 76' lang='lat' dir='ltr'>Qui</span> <span class='ocrx_word' id='word_1_16' title='bbox 412 579 554 620; x_wconf 85' lang='lat' dir='ltr'>impulsi</span> <span class='ocrx_word' id='word_1_17' title='bbox 567 585 651 612; x_wconf 88' lang='lat' dir='ltr'>sunt</span> <span class='ocrx_word' id='word_1_18' title='bbox 664 580 772 612; x_wconf 89' lang='lat' dir='ltr'>robur</span> <span class='ocrx_word' id='word_1_19' title='bbox 783 579 1115 618; x_wconf 88' lang='lat' dir='ltr'>circumcinxerunt,</span> <span class='ocrx_word' id='word_1_20' title='bbox 1129 579 1238 611; x_wconf 90' lang='lat' dir='ltr'>saturi</span> <span class='ocrx_word' id='word_1_21' title='bbox 1257 588 1322 620; x_wconf 90' lang='lat' dir='ltr'>pro</span> <span class='ocrx_word' id='word_1_22' title='bbox 1339 589 1431 620; x_wconf 90' lang='lat' dir='ltr'>pane</span> <span class='ocrx_word' id='word_1_23' title='bbox 1445 577 1611 611; x_wconf 65' lang='lat' dir='ltr'>conducti</span> <span class='ocrx_word' id='word_1_24' title='bbox 1627 586 1720 615; x_wconf 82' lang='lat' dir='ltr'>sunt,</span> 
     </span>
     <span class='ocr_line' id='line_1_5' title="bbox 399 623 1721 665; baseline -0.001 -10"><span class='ocrx_word' id='word_1_25' title='bbox 399 633 441 656; x_wconf 86' lang='lat' dir='ltr'>ac</span> <span class='ocrx_word' id='word_1_26' title='bbox 460 623 614 655; x_wconf 81' lang='lat' dir='ltr'>famelici</span> <span class='ocrx_word' id='word_1_27' title='bbox 630 630 825 657; x_wconf 79' lang='lat' dir='ltr'>cessarunt.</span> <span class='ocrx_word' id='word_1_28' title='bbox 843 633 955 664; x_wconf 87' lang='lat' dir='ltr'>usque</span> <span class='ocrx_word' id='word_1_29' title='bbox 974 624 1058 655; x_wconf 91' lang='lat' dir='ltr'>dum</span> <span class='ocrx_word' id='word_1_30' title='bbox 1079 623 1210 655; x_wconf 87' lang='lat' dir='ltr'>sterilis</span> <span class='ocrx_word' id='word_1_31' title='bbox 1227 623 1364 665; x_wconf 88' lang='lat' dir='ltr'><strong>peperit</strong></span> <span class='ocrx_word' id='word_1_32' title='bbox 1381 629 1530 664; x_wconf 86' lang='lat' dir='ltr'><strong>septem,</strong></span> <span class='ocrx_word' id='word_1_33' title='bbox 1548 629 1583 654; x_wconf 92' lang='lat' dir='ltr'>et</span> <span class='ocrx_word' id='word_1_34' title='bbox 1603 623 1721 654; x_wconf 87' lang='lat' dir='ltr'>multi-</span> 
     </span>
     <span class='ocr_line' id='line_1_6' title="bbox 399 665 904 709; baseline -0.002 -10"><span class='ocrx_word' id='word_1_35' title='bbox 399 667 510 709; x_wconf 86' lang='lat' dir='ltr'>prolis</span> <span class='ocrx_word' id='word_1_36' title='bbox 526 666 683 699; x_wconf 80' lang='lat' dir='ltr'>defecit”</span> <span class='ocrx_word' id='word_1_37' title='bbox 700 667 747 707; x_wconf 85' lang='lat' dir='ltr'>(ii.</span> <span class='ocrx_word' id='word_1_38' title='bbox 768 665 830 709; x_wconf 87' lang='lat'>[4‚]</span> <span class='ocrx_word' id='word_1_39' title='bbox 851 667 904 707; x_wconf 82' lang='lat'>5);</span> 
     </span>
    </p>
   </div>
   <div class='ocr_carea' id='block_1_5' title="bbox 219 760 1723 1510">
    <p class='ocr_par' dir='ltr' id='par_1_5' title="bbox 219 760 1723 1510">
     <span class='ocr_line' id='line_1_7' title="bbox 224 760 1722 816; baseline 0 -14"><span class='ocrx_word' id='word_1_40' title='bbox 224 760 541 816; x_wconf 87' lang='lat' dir='ltr'>propheticum</span> <span class='ocrx_word' id='word_1_41' title='bbox 587 760 802 803; x_wconf 86' lang='lat' dir='ltr'><strong>Charmae</strong></span> <span class='ocrx_word' id='word_1_42' title='bbox 848 762 1006 802; x_wconf 84' lang='lat' dir='ltr'>matris</span> <span class='ocrx_word' id='word_1_43' title='bbox 1052 761 1298 803; x_wconf 86' lang='lat' dir='ltr'>Samuelis:</span> <span class='ocrx_word' id='word_1_44' title='bbox 1346 775 1425 815; x_wconf 89' lang='lat' dir='ltr'>per</span> <span class='ocrx_word' id='word_1_45' title='bbox 1467 761 1722 814; x_wconf 87' lang='lat' dir='ltr'>“impulsos</span> 
     </span>
     <span class='ocr_line' id='line_1_8' title="bbox 227 823 1722 878; baseline 0 -13"><span class='ocrx_word' id='word_1_46' title='bbox 227 823 391 865; x_wconf 85' lang='lat' dir='ltr'>robore</span> <span class='ocrx_word' id='word_1_47' title='bbox 419 824 870 878; x_wconf 89' lang='lat' dir='ltr'>circumcingendos&#39;’</span> <span class='ocrx_word' id='word_1_48' title='bbox 902 824 1221 878; x_wconf 88' lang='lat' dir='ltr'>intelliguntur</span> <span class='ocrx_word' id='word_1_49' title='bbox 1251 831 1427 878; x_wconf 84' lang='lat' dir='ltr'>gentes,</span> <span class='ocrx_word' id='word_1_50' title='bbox 1462 825 1580 877; x_wconf 87' lang='lat' dir='ltr'>apud</span> <span class='ocrx_word' id='word_1_51' title='bbox 1612 838 1722 878; x_wconf 85' lang='lat' dir='ltr'>quas</span> 
     </span>
     <span class='ocr_line' id='line_1_9' title="bbox 225 885 1721 941; baseline 0.001 -13"><span class='ocrx_word' id='word_1_52' title='bbox 225 885 372 929; x_wconf 84' lang='lat' dir='ltr'>futura</span> <span class='ocrx_word' id='word_1_53' title='bbox 396 886 615 938; x_wconf 88' lang='lat' dir='ltr'>ecclesia;</span> <span class='ocrx_word' id='word_1_54' title='bbox 648 888 722 941; x_wconf 90' lang='lat' dir='ltr'>qui</span> <span class='ocrx_word' id='word_1_55' title='bbox 751 887 1003 940; x_wconf 79' lang='lat' dir='ltr'>“impulsi&#39;&#39;</span> <span class='ocrx_word' id='word_1_56' title='bbox 1029 888 1238 929; x_wconf 90' lang='lat' dir='ltr'>dicuntur</span> <span class='ocrx_word' id='word_1_57' title='bbox 1269 902 1329 929; x_wconf 89' lang='lat' dir='ltr'>ex</span> <span class='ocrx_word' id='word_1_58' title='bbox 1361 886 1538 929; x_wconf 63' lang='lat' dir='ltr'>defectu</span> <span class='ocrx_word' id='word_1_59' title='bbox 1564 889 1721 941; x_wconf 89' lang='lat' dir='ltr'>cogni·</span> 
     </span>
     <span class='ocr_line' id='line_1_10' title="bbox 223 949 1720 1004; baseline 0.001 -14"><span class='ocrx_word' id='word_1_60' title='bbox 223 949 398 991; x_wconf 83' lang='lat' dir='ltr'>tionum</span> <span class='ocrx_word' id='word_1_61' title='bbox 423 951 531 999; x_wconf 89' lang='lat' dir='ltr'>veri,</span> <span class='ocrx_word' id='word_1_62' title='bbox 559 957 606 992; x_wconf 87' lang='lat' dir='ltr'>et</span> <span class='ocrx_word' id='word_1_63' title='bbox 637 950 741 992; x_wconf 93' lang='lat' dir='ltr'>inde</span> <span class='ocrx_word' id='word_1_64' title='bbox 767 950 825 991; x_wconf 89' lang='lat' dir='ltr'>ab</span> <span class='ocrx_word' id='word_1_65' title='bbox 851 950 938 991; x_wconf 90' lang='lat' dir='ltr'>illis</span> <span class='ocrx_word' id='word_1_66' title='bbox 964 951 1038 1004; x_wconf 87' lang='lat' dir='ltr'>qui</span> <span class='ocrx_word' id='word_1_67' title='bbox 1064 951 1121 992; x_wconf 90' lang='lat' dir='ltr'>ab</span> <span class='ocrx_word' id='word_1_68' title='bbox 1147 950 1353 1000; x_wconf 88' lang='lat' dir='ltr'>ecclesia,</span> <span class='ocrx_word' id='word_1_69' title='bbox 1382 957 1489 992; x_wconf 92' lang='lat' dir='ltr'>tunc</span> <span class='ocrx_word' id='word_1_70' title='bbox 1519 951 1720 1004; x_wconf 87' lang='lat' dir='ltr'>Judaica,</span> 
     </span>
     <span class='ocr_line' id='line_1_11' title="bbox 221 1011 1721 1068; baseline 0 -14"><span class='ocrx_word' id='word_1_71' title='bbox 221 1011 401 1066; x_wconf 54' lang='lat' dir='ltr'>rejecti:</span> <span class='ocrx_word' id='word_1_72' title='bbox 436 1013 636 1055; x_wconf 87' lang='lat' dir='ltr'>“robore</span> <span class='ocrx_word' id='word_1_73' title='bbox 661 1014 951 1067; x_wconf 85' lang='lat' dir='ltr'>circumcingi</span> <span class='ocrx_word' id='word_1_74' title='bbox 964 1013 982 1029; x_wconf 74' lang='lat'>’³</span> <span class='ocrx_word' id='word_1_75' title='bbox 1009 1013 1234 1067; x_wconf 86' lang='lat' dir='ltr'>significat</span> <span class='ocrx_word' id='word_1_76' title='bbox 1259 1014 1380 1068; x_wconf 90' lang='lat' dir='ltr'>quod</span> <span class='ocrx_word' id='word_1_77' title='bbox 1407 1013 1494 1054; x_wconf 88' lang='lat' dir='ltr'>illis</span> <span class='ocrx_word' id='word_1_78' title='bbox 1525 1028 1631 1055; x_wconf 86' lang='lat' dir='ltr'>vera</span> <span class='ocrx_word' id='word_1_79' title='bbox 1662 1028 1721 1055; x_wconf 84' lang='lat' dir='ltr'>ex</span> 
     </span>
     <span class='ocr_line' id='line_1_12' title="bbox 219 1074 1722 1130; baseline 0.001 -13"><span class='ocrx_word' id='word_1_80' title='bbox 219 1074 360 1125; x_wconf 64' lang='lat' dir='ltr'>&#39;boum</span> <span class='ocrx_word' id='word_1_81' title='bbox 383 1082 430 1118; x_wconf 83' lang='lat' dir='ltr'>et</span> <span class='ocrx_word' id='word_1_82' title='bbox 455 1076 560 1117; x_wconf 87' lang='lat' dir='ltr'>inde</span> <span class='ocrx_word' id='word_1_83' title='bbox 582 1077 814 1130; x_wconf 88' lang='lat' dir='ltr'>potentia:</span> <span class='ocrx_word' id='word_1_84' title='bbox 849 1090 928 1130; x_wconf 87' lang='lat' dir='ltr'>per</span> <span class='ocrx_word' id='word_1_85' title='bbox 952 1080 1169 1118; x_wconf 85' lang='lat' dir='ltr'>“saturos</span> <span class='ocrx_word' id='word_1_86' title='bbox 1191 1090 1272 1130; x_wconf 90' lang='lat' dir='ltr'>pro</span> <span class='ocrx_word' id='word_1_87' title='bbox 1295 1091 1410 1130; x_wconf 91' lang='lat' dir='ltr'>pane</span> <span class='ocrx_word' id='word_1_88' title='bbox 1433 1075 1722 1124; x_wconf 58' lang='lat' dir='ltr'>conduaoss‘</span> 
     </span>
     <span class='ocr_line' id='line_1_13' title="bbox 223 1139 1722 1194; baseline 0 -14"><span class='ocrx_word' id='word_1_89' title='bbox 223 1144 273 1181; x_wconf 84' lang='lat' dir='ltr'>et</span> <span class='ocrx_word' id='word_1_90' title='bbox 302 1152 383 1193; x_wconf 87' lang='lat' dir='ltr'>per</span> <span class='ocrx_word' id='word_1_91' title='bbox 409 1139 679 1181; x_wconf 85' lang='lat' dir='ltr'>“famelicos</span> <span class='ocrx_word' id='word_1_92' title='bbox 710 1140 785 1193; x_wconf 92' lang='lat' dir='ltr'>qui</span> <span class='ocrx_word' id='word_1_93' title='bbox 817 1139 1092 1189; x_wconf 88' lang='lat' dir='ltr'>cessarunt,&#39;’</span> <span class='ocrx_word' id='word_1_94' title='bbox 1118 1139 1436 1193; x_wconf 88' lang='lat' dir='ltr'>intelliguntur</span> <span class='ocrx_word' id='word_1_95' title='bbox 1466 1139 1528 1180; x_wconf 92' lang='lat' dir='ltr'>illi</span> <span class='ocrx_word' id='word_1_96' title='bbox 1560 1141 1634 1194; x_wconf 90' lang='lat' dir='ltr'>qui</span> <span class='ocrx_word' id='word_1_97' title='bbox 1665 1141 1722 1181; x_wconf 84' lang='lat' dir='ltr'>ab</span> 
     </span>
     <span class='ocr_line' id='line_1_14' title="bbox 224 1201 1722 1257; baseline 0 -13"><span class='ocrx_word' id='word_1_98' title='bbox 224 1201 432 1244; x_wconf 73' lang='lat' dir='ltr'>Ecclesia</span> <span class='ocrx_word' id='word_1_99' title='bbox 464 1202 666 1256; x_wconf 77' lang='lat' dir='ltr'>judaica,</span> <span class='ocrx_word' id='word_1_100' title='bbox 698 1203 776 1257; x_wconf 90' lang='lat' dir='ltr'>qui</span> <span class='ocrx_word' id='word_1_101' title='bbox 807 1203 1018 1244; x_wconf 88' lang='lat' dir='ltr'>“saturi’&#39;</span> <span class='ocrx_word' id='word_1_102' title='bbox 1049 1203 1260 1244; x_wconf 89' lang='lat' dir='ltr'>dicuntur</span> <span class='ocrx_word' id='word_1_103' title='bbox 1291 1217 1350 1245; x_wconf 88' lang='lat' dir='ltr'>ex</span> <span class='ocrx_word' id='word_1_104' title='bbox 1388 1217 1443 1244; x_wconf 90' lang='lat' dir='ltr'>eo</span> <span class='ocrx_word' id='word_1_105' title='bbox 1479 1204 1599 1257; x_wconf 92' lang='lat' dir='ltr'>quod</span> <span class='ocrx_word' id='word_1_106' title='bbox 1636 1204 1722 1244; x_wconf 90' lang='lat' dir='ltr'>illis</span> 
     </span>
     <span class='ocr_line' id='line_1_15' title="bbox 224 1264 1721 1320; baseline 0.001 -14"><span class='ocrx_word' id='word_1_107' title='bbox 224 1278 330 1309; x_wconf 85' lang='lat' dir='ltr'>vera</span> <span class='ocrx_word' id='word_1_108' title='bbox 359 1266 404 1307; x_wconf 89' lang='lat' dir='ltr'>in</span> <span class='ocrx_word' id='word_1_109' title='bbox 435 1266 729 1315; x_wconf 85' lang='lat' dir='ltr'>abundantia,</span> <span class='ocrx_word' id='word_1_110' title='bbox 762 1272 810 1307; x_wconf 91' lang='lat' dir='ltr'>et</span> <span class='ocrx_word' id='word_1_111' title='bbox 844 1264 1098 1307; x_wconf 62' lang='lat' dir='ltr'>“conducti</span> <span class='ocrx_word' id='word_1_112' title='bbox 1129 1280 1211 1320; x_wconf 90' lang='lat' dir='ltr'>pro</span> <span class='ocrx_word' id='word_1_113' title='bbox 1242 1266 1388 1320; x_wconf 90' lang='lat' dir='ltr'>pane’&#39;</span> <span class='ocrx_word' id='word_1_114' title='bbox 1420 1281 1479 1307; x_wconf 85' lang='lat' dir='ltr'>ex</span> <span class='ocrx_word' id='word_1_115' title='bbox 1517 1281 1571 1307; x_wconf 93' lang='lat' dir='ltr'>eo</span> <span class='ocrx_word' id='word_1_116' title='bbox 1602 1267 1721 1320; x_wconf 93' lang='lat' dir='ltr'>quod</span> 
     </span>
     <span class='ocr_line' id='line_1_16' title="bbox 224 1329 1719 1383; baseline 0.001 -13"><span class='ocrx_word' id='word_1_117' title='bbox 224 1341 316 1371; x_wconf 90' lang='lat' dir='ltr'>non</span> <span class='ocrx_word' id='word_1_118' title='bbox 346 1329 510 1370; x_wconf 88' lang='lat' dir='ltr'>adduci</span> <span class='ocrx_word' id='word_1_119' title='bbox 541 1329 598 1370; x_wconf 90' lang='lat' dir='ltr'>ad</span> <span class='ocrx_word' id='word_1_120' title='bbox 634 1329 902 1370; x_wconf 86' lang='lat' dir='ltr'>discendum</span> <span class='ocrx_word' id='word_1_121' title='bbox 940 1336 986 1371; x_wconf 92' lang='lat' dir='ltr'>et</span> <span class='ocrx_word' id='word_1_122' title='bbox 1024 1329 1082 1371; x_wconf 90' lang='lat' dir='ltr'>ad</span> <span class='ocrx_word' id='word_1_123' title='bbox 1118 1330 1373 1371; x_wconf 89' lang='lat' dir='ltr'>faciendum</span> <span class='ocrx_word' id='word_1_124' title='bbox 1405 1330 1483 1371; x_wconf 89' lang='lat' dir='ltr'>illa</span> <span class='ocrx_word' id='word_1_125' title='bbox 1519 1337 1719 1383; x_wconf 84' lang='lat' dir='ltr'>possent,</span> 
     </span>
     <span class='ocr_line' id='line_1_17' title="bbox 225 1391 1721 1446; baseline 0.001 -13"><span class='ocrx_word' id='word_1_126' title='bbox 225 1391 308 1434; x_wconf 89' lang='lat' dir='ltr'>nisi</span> <span class='ocrx_word' id='word_1_127' title='bbox 332 1392 448 1434; x_wconf 90' lang='lat' dir='ltr'>sicut</span> <span class='ocrx_word' id='word_1_128' title='bbox 471 1393 760 1434; x_wconf 83' lang='lat' dir='ltr'>mercenarii:</span> <span class='ocrx_word' id='word_1_129' title='bbox 794 1393 914 1446; x_wconf 92' lang='lat' dir='ltr'>quod</span> <span class='ocrx_word' id='word_1_130' title='bbox 942 1406 1024 1434; x_wconf 91' lang='lat' dir='ltr'>nec</span> <span class='ocrx_word' id='word_1_131' title='bbox 1049 1393 1308 1434; x_wconf 85' lang='lat' dir='ltr'>desiderent</span> <span class='ocrx_word' id='word_1_132' title='bbox 1331 1393 1443 1441; x_wconf 77' lang='lat' dir='ltr'>scire</span> <span class='ocrx_word' id='word_1_133' title='bbox 1467 1393 1559 1442; x_wconf 88' lang='lat' dir='ltr'>illa,</span> <span class='ocrx_word' id='word_1_134' title='bbox 1584 1394 1721 1446; x_wconf 88' lang='lat' dir='ltr'>signi-</span> 
     </span>
     <span class='ocr_line' id='line_1_18' title="bbox 225 1454 1723 1510; baseline 0.001 -14"><span class='ocrx_word' id='word_1_135' title='bbox 225 1454 384 1497; x_wconf 85' lang='lat' dir='ltr'>ficatur</span> <span class='ocrx_word' id='word_1_136' title='bbox 400 1468 479 1509; x_wconf 90' lang='lat' dir='ltr'>per</span> <span class='ocrx_word' id='word_1_137' title='bbox 495 1455 615 1510; x_wconf 92' lang='lat' dir='ltr'>quod</span> <span class='ocrx_word' id='word_1_138' title='bbox 633 1459 659 1476; x_wconf 88' lang='lat'><strong>“</strong></span> <span class='ocrx_word' id='word_1_139' title='bbox 676 1455 868 1497; x_wconf 88' lang='lat' dir='ltr'>famelici</span> <span class='ocrx_word' id='word_1_140' title='bbox 892 1462 1124 1498; x_wconf 87' lang='lat' dir='ltr'>cessarunt</span> <span class='ocrx_word' id='word_1_141' title='bbox 1142 1455 1176 1507; x_wconf 86' lang='grc'>;”</span> <span class='ocrx_word' id='word_1_142' title='bbox 1198 1456 1358 1497; x_wconf 91' lang='lat' dir='ltr'>eadem</span> <span class='ocrx_word' id='word_1_143' title='bbox 1377 1457 1514 1497; x_wconf 88' lang='lat' dir='ltr'>etiam</span> <span class='ocrx_word' id='word_1_144' title='bbox 1532 1457 1723 1497; x_wconf 86' lang='lat' dir='ltr'>ecclesia</span> 
     </span>
    </p>
   </div>
   <div class='ocr_carea' id='block_1_6' title="bbox 164 1518 1722 1573">
    <p class='ocr_par' dir='ltr' id='par_1_6' title="bbox 164 1518 1722 1573">
     <span class='ocr_line' id='line_1_19' title="bbox 164 1518 1722 1573; baseline -0.001 -12"><span class='ocrx_word' id='word_1_145' title='bbox 164 1553 170 1561; x_wconf 90' lang='lat'><strong><em>.</em></strong></span> <span class='ocrx_word' id='word_1_146' title='bbox 224 1531 304 1573; x_wconf 88' lang='lat' dir='ltr'>per</span> <span class='ocrx_word' id='word_1_147' title='bbox 322 1523 348 1540; x_wconf 85' lang='grc'>“</span> <span class='ocrx_word' id='word_1_148' title='bbox 361 1518 669 1572; x_wconf 89' lang='lat' dir='ltr'>multiprolem</span> <span class='ocrx_word' id='word_1_149' title='bbox 686 1533 799 1573; x_wconf 90' lang='lat' dir='ltr'>quae</span> <span class='ocrx_word' id='word_1_150' title='bbox 818 1519 1012 1560; x_wconf 88' lang='lat' dir='ltr'>defecit”</span> <span class='ocrx_word' id='word_1_151' title='bbox 1030 1519 1322 1573; x_wconf 86' lang='lat' dir='ltr'>intelligitur:</span> <span class='ocrx_word' id='word_1_152' title='bbox 1356 1526 1404 1561; x_wconf 90' lang='lat' dir='ltr'>at</span> <span class='ocrx_word' id='word_1_153' title='bbox 1426 1526 1589 1573; x_wconf 87' lang='lat' dir='ltr'>gentes</span> <span class='ocrx_word' id='word_1_154' title='bbox 1607 1533 1722 1573; x_wconf 89' lang='lat' dir='ltr'>quae</span> 
     </span>
    </p>
   </div>
   <div class='ocr_carea' id='block_1_7' title="bbox 0 554 98 3476">
    <p class='ocr_par' dir='ltr' id='par_1_7' title="bbox 0 554 98 3476">
     <span class='ocr_line' id='line_1_20' title="bbox 0 554 98 3476; baseline 0 0"><span class='ocrx_word' id='word_1_155' title='bbox 0 554 98 3476; x_wconf 95' lang='lat' dir='ltr'> </span> 
     </span>
    </p>
   </div>
   <div class='ocr_carea' id='block_1_8' title="bbox 223 1581 1719 1884">
    <p class='ocr_par' dir='ltr' id='par_1_8' title="bbox 223 1581 1719 1884">
     <span class='ocr_line' id='line_1_21' title="bbox 225 1581 1719 1636; baseline -0.001 -13"><span class='ocrx_word' id='word_1_156' title='bbox 225 1581 462 1636; x_wconf 83' lang='lat' dir='ltr'>agniturae</span> <span class='ocrx_word' id='word_1_157' title='bbox 489 1581 733 1623; x_wconf 89' lang='lat' dir='ltr'>Dominum</span> <span class='ocrx_word' id='word_1_158' title='bbox 766 1588 812 1623; x_wconf 85' lang='lat' dir='ltr'>et</span> <span class='ocrx_word' id='word_1_159' title='bbox 844 1589 1107 1635; x_wconf 86' lang='lat' dir='ltr'>recepturae</span> <span class='ocrx_word' id='word_1_160' title='bbox 1134 1582 1353 1632; x_wconf 83' lang='lat' dir='ltr'>Verbum,</span> <span class='ocrx_word' id='word_1_161' title='bbox 1382 1589 1428 1624; x_wconf 90' lang='lat' dir='ltr'>et</span> <span class='ocrx_word' id='word_1_162' title='bbox 1459 1583 1563 1623; x_wconf 90' lang='lat' dir='ltr'>inde</span> <span class='ocrx_word' id='word_1_163' title='bbox 1596 1596 1643 1623; x_wconf 89' lang='lat' dir='ltr'>se</span> <span class='ocrx_word' id='word_1_164' title='bbox 1676 1584 1719 1623; x_wconf 91' lang='lat' dir='ltr'>in</span> 
     </span>
     <span class='ocr_line' id='line_1_22' title="bbox 223 1644 1719 1699; baseline 0.001 -13"><span class='ocrx_word' id='word_1_165' title='bbox 223 1644 464 1686; x_wconf 86' lang='lat' dir='ltr'>ecclesiam</span> <span class='ocrx_word' id='word_1_166' title='bbox 485 1646 740 1697; x_wconf 84' lang='lat' dir='ltr'>regenerari</span> <span class='ocrx_word' id='word_1_167' title='bbox 763 1658 974 1698; x_wconf 81' lang='lat' dir='ltr'>passurae</span> <span class='ocrx_word' id='word_1_168' title='bbox 1002 1652 1120 1694; x_wconf 92' lang='lat' dir='ltr'>sunt,</span> <span class='ocrx_word' id='word_1_169' title='bbox 1145 1646 1460 1699; x_wconf 86' lang='lat' dir='ltr'>intelliguntur</span> <span class='ocrx_word' id='word_1_170' title='bbox 1485 1660 1564 1699; x_wconf 89' lang='lat' dir='ltr'>per</span> <span class='ocrx_word' id='word_1_171' title='bbox 1589 1650 1719 1687; x_wconf 86' lang='lat' dir='ltr'>“ste-</span> 
     </span>
     <span class='ocr_line' id='line_1_23' title="bbox 223 1707 1719 1763; baseline 0 -14"><span class='ocrx_word' id='word_1_172' title='bbox 223 1707 351 1749; x_wconf 89' lang='lat' dir='ltr'>rilem</span> <span class='ocrx_word' id='word_1_173' title='bbox 376 1721 492 1763; x_wconf 87' lang='lat' dir='ltr'>quae</span> <span class='ocrx_word' id='word_1_174' title='bbox 518 1708 662 1761; x_wconf 88' lang='lat' dir='ltr'>pariet</span> <span class='ocrx_word' id='word_1_175' title='bbox 687 1715 864 1761; x_wconf 86' lang='lat' dir='ltr'>septem</span> <span class='ocrx_word' id='word_1_176' title='bbox 882 1708 915 1759; x_wconf 83' lang='lat'>;’&#39;</span> <span class='ocrx_word' id='word_1_177' title='bbox 944 1712 1159 1761; x_wconf 83' lang='lat' dir='ltr'>“septem</span> <span class='ocrx_word' id='word_1_178' title='bbox 1172 1708 1191 1724; x_wconf 90' lang='lat'>&#39;&#39;</span> <span class='ocrx_word' id='word_1_179' title='bbox 1218 1708 1475 1762; x_wconf 87' lang='lat' dir='ltr'>significant</span> <span class='ocrx_word' id='word_1_180' title='bbox 1498 1709 1649 1750; x_wconf 89' lang='lat' dir='ltr'>omnia</span> <span class='ocrx_word' id='word_1_181' title='bbox 1674 1718 1719 1749; x_wconf 89' lang='lat' dir='ltr'>et</span> 
     </span>
     <span class='ocr_line' id='line_1_24' title="bbox 224 1770 1718 1826; baseline 0 -14"><span class='ocrx_word' id='word_1_182' title='bbox 224 1770 382 1821; x_wconf 87' lang='lat' dir='ltr'>multa,</span> <span class='ocrx_word' id='word_1_183' title='bbox 410 1784 462 1812; x_wconf 89' lang='lat' dir='ltr'>ac</span> <span class='ocrx_word' id='word_1_184' title='bbox 494 1771 813 1825; x_wconf 88' lang='lat' dir='ltr'>praedicantur</span> <span class='ocrx_word' id='word_1_185' title='bbox 844 1771 900 1813; x_wconf 93' lang='lat' dir='ltr'>de</span> <span class='ocrx_word' id='word_1_186' title='bbox 931 1770 1100 1814; x_wconf 70' lang='lat' dir='ltr'>sanctis</span> <span class='ocrx_word' id='word_1_187' title='bbox 1125 1771 1360 1814; x_wconf 88' lang='lat' dir='ltr'>ecclesiae.</span> <span class='ocrx_word' id='word_1_188' title='bbox 1421 1771 1561 1826; x_wconf 89' lang='lat' dir='ltr'>Apud</span> <span class='ocrx_word' id='word_1_189' title='bbox 1587 1772 1718 1821; x_wconf 79' lang='lat' dir='ltr'>Jere-</span> 
     </span>
     <span class='ocr_line' id='line_1_25' title="bbox 223 1847 372 1884; baseline 0 -8"><span class='ocrx_word' id='word_1_190' title='bbox 223 1847 372 1884; x_wconf 73' lang='lat' dir='ltr'>meam,</span> 
     </span>
    </p>
   </div>
   <div class='ocr_carea' id='block_1_9' title="bbox 290 1923 1722 2010">
    <p class='ocr_par' dir='ltr' id='par_1_9' title="bbox 290 1923 1722 2010">
     <span class='ocr_line' id='line_1_26' title="bbox 290 1923 1722 1966; baseline -0.001 -9"><span class='ocrx_word' id='word_1_191' title='bbox 290 1923 559 1965; x_wconf 81' lang='lat' dir='ltr'>“Elanguescet</span> <span class='ocrx_word' id='word_1_192' title='bbox 579 1934 668 1965; x_wconf 92' lang='lat' dir='ltr'>quae</span> <span class='ocrx_word' id='word_1_193' title='bbox 689 1931 874 1965; x_wconf 89' lang='lat' dir='ltr'>pepererat</span> <span class='ocrx_word' id='word_1_194' title='bbox 893 1930 1042 1965; x_wconf 89' lang='lat' dir='ltr'>septem,</span> <span class='ocrx_word' id='word_1_195' title='bbox 1061 1924 1256 1966; x_wconf 89' lang='lat' dir='ltr'>exspirabit</span> <span class='ocrx_word' id='word_1_196' title='bbox 1274 1925 1433 1956; x_wconf 90' lang='lat' dir='ltr'>animam</span> <span class='ocrx_word' id='word_1_197' title='bbox 1454 1934 1565 1963; x_wconf 90' lang='lat' dir='ltr'>suam,</span> <span class='ocrx_word' id='word_1_198' title='bbox 1587 1924 1722 1956; x_wconf 87' lang='lat' dir='ltr'>occidet</span> 
     </span>
     <span class='ocr_line' id='line_1_27' title="bbox 398 1967 1055 2010; baseline 0 -10"><span class='ocrx_word' id='word_1_199' title='bbox 398 1968 453 2000; x_wconf 87' lang='lat' dir='ltr'>sol</span> <span class='ocrx_word' id='word_1_200' title='bbox 470 1968 549 2009; x_wconf 86' lang='lat' dir='ltr'>ejus</span> <span class='ocrx_word' id='word_1_201' title='bbox 566 1978 645 2000; x_wconf 91' lang='lat' dir='ltr'>cum</span> <span class='ocrx_word' id='word_1_202' title='bbox 662 1969 777 2000; x_wconf 90' lang='lat' dir='ltr'>adhuc</span> <span class='ocrx_word' id='word_1_203' title='bbox 794 1969 870 2000; x_wconf 92' lang='lat' dir='ltr'>dies</span> <span class='ocrx_word' id='word_1_204' title='bbox 881 1968 899 1980; x_wconf 85' lang='lat'>’¹</span> <span class='ocrx_word' id='word_1_205' title='bbox 917 1970 987 2009; x_wconf 87' lang='lat' dir='ltr'>(xv.</span> <span class='ocrx_word' id='word_1_206' title='bbox 1002 1967 1055 2010; x_wconf 84' lang='lat'>9):</span> 
     </span>
    </p>
   </div>
   <div class='ocr_carea' id='block_1_10' title="bbox 222 2057 1724 2877">
    <p class='ocr_par' dir='ltr' id='par_1_10' title="bbox 222 2057 1724 2618">
     <span class='ocr_line' id='line_1_28' title="bbox 222 2057 1723 2113; baseline -0.001 -13"><span class='ocrx_word' id='word_1_207' title='bbox 222 2057 344 2113; x_wconf 90' lang='lat' dir='ltr'>quod</span> <span class='ocrx_word' id='word_1_208' title='bbox 362 2057 568 2108; x_wconf 87' lang='lat' dir='ltr'>ecclesia,</span> <span class='ocrx_word' id='word_1_209' title='bbox 585 2058 654 2099; x_wconf 89' lang='lat' dir='ltr'>cui</span> <span class='ocrx_word' id='word_1_210' title='bbox 677 2058 828 2099; x_wconf 88' lang='lat' dir='ltr'>omnia</span> <span class='ocrx_word' id='word_1_211' title='bbox 850 2072 956 2099; x_wconf 86' lang='lat' dir='ltr'>vera</span> <span class='ocrx_word' id='word_1_212' title='bbox 974 2064 1078 2099; x_wconf 86' lang='lat' dir='ltr'>sunt</span> <span class='ocrx_word' id='word_1_213' title='bbox 1101 2058 1203 2112; x_wconf 88' lang='lat' dir='ltr'>quia</span> <span class='ocrx_word' id='word_1_214' title='bbox 1225 2058 1264 2099; x_wconf 92' lang='lat' dir='ltr'>ei</span> <span class='ocrx_word' id='word_1_215' title='bbox 1286 2058 1506 2107; x_wconf 88' lang='lat' dir='ltr'>Verbum,</span> <span class='ocrx_word' id='word_1_216' title='bbox 1526 2058 1723 2111; x_wconf 88' lang='lat' dir='ltr'>peritura</span> 
     </span>
     <span class='ocr_line' id='line_1_29' title="bbox 224 2120 1724 2176; baseline -0.001 -12"><span class='ocrx_word' id='word_1_217' title='bbox 224 2123 283 2165; x_wconf 91' lang='lat' dir='ltr'>sit</span> <span class='ocrx_word' id='word_1_218' title='bbox 314 2135 453 2176; x_wconf 91' lang='lat' dir='ltr'>usque</span> <span class='ocrx_word' id='word_1_219' title='bbox 486 2127 535 2163; x_wconf 88' lang='lat' dir='ltr'>ut</span> <span class='ocrx_word' id='word_1_220' title='bbox 572 2121 682 2163; x_wconf 88' lang='lat' dir='ltr'>nihil</span> <span class='ocrx_word' id='word_1_221' title='bbox 712 2122 806 2163; x_wconf 91' lang='lat' dir='ltr'>veri</span> <span class='ocrx_word' id='word_1_222' title='bbox 843 2128 890 2163; x_wconf 89' lang='lat' dir='ltr'>et</span> <span class='ocrx_word' id='word_1_223' title='bbox 926 2121 1034 2162; x_wconf 91' lang='lat' dir='ltr'>nihil</span> <span class='ocrx_word' id='word_1_224' title='bbox 1066 2121 1172 2162; x_wconf 91' lang='lat' dir='ltr'>boni</span> <span class='ocrx_word' id='word_1_225' title='bbox 1204 2122 1413 2175; x_wconf 87' lang='lat' dir='ltr'>supersit,</span> <span class='ocrx_word' id='word_1_226' title='bbox 1447 2120 1724 2175; x_wconf 81' lang='lat' dir='ltr'>significatur</span> 
     </span>
     <span class='ocr_line' id='line_1_30' title="bbox 223 2184 1723 2240; baseline -0.002 -12"><span class='ocrx_word' id='word_1_227' title='bbox 223 2198 304 2240; x_wconf 86' lang='lat' dir='ltr'>per</span> <span class='ocrx_word' id='word_1_228' title='bbox 332 2184 410 2228; x_wconf 89' lang='lat' dir='ltr'>illa</span> <span class='ocrx_word' id='word_1_229' title='bbox 443 2184 608 2227; x_wconf 89' lang='lat' dir='ltr'>verba:</span> <span class='ocrx_word' id='word_1_230' title='bbox 652 2198 731 2238; x_wconf 90' lang='lat' dir='ltr'>per</span> <span class='ocrx_word' id='word_1_231' title='bbox 771 2188 967 2239; x_wconf 87' lang='lat' dir='ltr'>“parere</span> <span class='ocrx_word' id='word_1_232' title='bbox 1004 2192 1182 2238; x_wconf 89' lang='lat' dir='ltr'>septem</span> <span class='ocrx_word' id='word_1_233' title='bbox 1195 2184 1215 2201; x_wconf 94' lang='lat'>&#39;’</span> <span class='ocrx_word' id='word_1_234' title='bbox 1251 2184 1530 2238; x_wconf 87' lang='lat' dir='ltr'>significatur</span> <span class='ocrx_word' id='word_1_235' title='bbox 1566 2185 1723 2225; x_wconf 88' lang='lat' dir='ltr'>donari</span> 
     </span>
     <span class='ocr_line' id='line_1_31' title="bbox 223 2247 1721 2302; baseline -0.001 -12"><span class='ocrx_word' id='word_1_236' title='bbox 223 2248 432 2290; x_wconf 88' lang='lat' dir='ltr'>omnibus</span> <span class='ocrx_word' id='word_1_237' title='bbox 467 2249 584 2290; x_wconf 88' lang='lat' dir='ltr'>veris</span> <span class='ocrx_word' id='word_1_238' title='bbox 624 2262 684 2289; x_wconf 87' lang='lat' dir='ltr'>ex</span> <span class='ocrx_word' id='word_1_239' title='bbox 717 2247 902 2299; x_wconf 88' lang='lat' dir='ltr'>Verbo;</span> <span class='ocrx_word' id='word_1_240' title='bbox 945 2261 1025 2301; x_wconf 91' lang='lat' dir='ltr'>per</span> <span class='ocrx_word' id='word_1_241' title='bbox 1059 2248 1420 2302; x_wconf 89' lang='lat' dir='ltr'>“elanguescere</span> <span class='ocrx_word' id='word_1_242' title='bbox 1433 2248 1452 2264; x_wconf 80' lang='lat'>’²</span> <span class='ocrx_word' id='word_1_243' title='bbox 1483 2254 1530 2289; x_wconf 91' lang='lat' dir='ltr'>et</span> <span class='ocrx_word' id='word_1_244' title='bbox 1564 2249 1721 2289; x_wconf 90' lang='lat' dir='ltr'>“occi-</span> 
     </span>
     <span class='ocr_line' id='line_1_32' title="bbox 223 2310 1722 2365; baseline -0.002 -11"><span class='ocrx_word' id='word_1_245' title='bbox 223 2312 331 2354; x_wconf 89' lang='lat' dir='ltr'>dere</span> <span class='ocrx_word' id='word_1_246' title='bbox 356 2311 541 2361; x_wconf 89' lang='lat' dir='ltr'>solem,’&#39;</span> <span class='ocrx_word' id='word_1_247' title='bbox 566 2310 846 2365; x_wconf 87' lang='lat' dir='ltr'>significatur</span> <span class='ocrx_word' id='word_1_248' title='bbox 871 2312 1124 2352; x_wconf 90' lang='lat' dir='ltr'>successive</span> <span class='ocrx_word' id='word_1_249' title='bbox 1150 2318 1196 2353; x_wconf 95' lang='lat' dir='ltr'>et</span> <span class='ocrx_word' id='word_1_250' title='bbox 1223 2312 1411 2353; x_wconf 91' lang='lat' dir='ltr'>tandem</span> <span class='ocrx_word' id='word_1_251' title='bbox 1438 2325 1618 2364; x_wconf 89' lang='lat' dir='ltr'>prorsus</span> <span class='ocrx_word' id='word_1_252' title='bbox 1645 2324 1722 2364; x_wconf 56' lang='lat' dir='ltr'>pe÷</span> 
     </span>
     <span class='ocr_line' id='line_1_33' title="bbox 222 2374 1722 2429; baseline -0.001 -12"><span class='ocrx_word' id='word_1_253' title='bbox 222 2375 335 2426; x_wconf 83' lang='lat' dir='ltr'>rire3</span> <span class='ocrx_word' id='word_1_254' title='bbox 377 2388 458 2429; x_wconf 88' lang='lat' dir='ltr'>per</span> <span class='ocrx_word' id='word_1_255' title='bbox 490 2375 762 2428; x_wconf 89' lang='lat' dir='ltr'>“exspirare</span> <span class='ocrx_word' id='word_1_256' title='bbox 802 2375 999 2416; x_wconf 86' lang='lat' dir='ltr'>animam</span> <span class='ocrx_word' id='word_1_257' title='bbox 1013 2374 1032 2391; x_wconf 89' lang='lat'><strong><em>”</em></strong></span> <span class='ocrx_word' id='word_1_258' title='bbox 1065 2374 1346 2428; x_wconf 87' lang='lat' dir='ltr'>significatur</span> <span class='ocrx_word' id='word_1_259' title='bbox 1386 2375 1530 2428; x_wconf 87' lang='lat' dir='ltr'>perire</span> <span class='ocrx_word' id='word_1_260' title='bbox 1575 2374 1722 2428; x_wconf 91' lang='lat' dir='ltr'>quoad</span> 
     </span>
     <span class='ocr_line' id='line_1_34' title="bbox 223 2437 1723 2492; baseline -0.001 -12"><span class='ocrx_word' id='word_1_261' title='bbox 223 2439 376 2481; x_wconf 87' lang='lat' dir='ltr'>omnia</span> <span class='ocrx_word' id='word_1_262' title='bbox 405 2451 525 2487; x_wconf 90' lang='lat' dir='ltr'>vera,</span> <span class='ocrx_word' id='word_1_263' title='bbox 559 2444 606 2479; x_wconf 89' lang='lat' dir='ltr'>et</span> <span class='ocrx_word' id='word_1_264' title='bbox 643 2451 722 2492; x_wconf 87' lang='lat' dir='ltr'>per</span> <span class='ocrx_word' id='word_1_265' title='bbox 757 2438 1002 2479; x_wconf 89' lang='lat' dir='ltr'>“occidere</span> <span class='ocrx_word' id='word_1_266' title='bbox 1034 2437 1208 2479; x_wconf 87' lang='lat' dir='ltr'>solem&#39;&#39;</span> <span class='ocrx_word' id='word_1_267' title='bbox 1239 2438 1389 2492; x_wconf 89' lang='lat' dir='ltr'>quoad</span> <span class='ocrx_word' id='word_1_268' title='bbox 1421 2437 1573 2479; x_wconf 89' lang='lat' dir='ltr'>omnia</span> <span class='ocrx_word' id='word_1_269' title='bbox 1604 2437 1723 2478; x_wconf 88' lang='lat' dir='ltr'>bona</span> 
     </span>
     <span class='ocr_line' id='line_1_35' title="bbox 222 2500 1723 2554; baseline -0.002 -11"><span class='ocrx_word' id='word_1_270' title='bbox 222 2501 412 2543; x_wconf 90' lang='lat' dir='ltr'>amoris:</span> <span class='ocrx_word' id='word_1_271' title='bbox 442 2504 585 2542; x_wconf 87' lang='lat' dir='ltr'>“cum</span> <span class='ocrx_word' id='word_1_272' title='bbox 607 2501 754 2543; x_wconf 89' lang='lat' dir='ltr'>adhuc</span> <span class='ocrx_word' id='word_1_273' title='bbox 769 2500 896 2542; x_wconf 88' lang='lat' dir='ltr'>dies&#39;&#39;</span> <span class='ocrx_word' id='word_1_274' title='bbox 914 2500 1140 2554; x_wconf 88' lang='lat' dir='ltr'>significat</span> <span class='ocrx_word' id='word_1_275' title='bbox 1162 2500 1269 2542; x_wconf 92' lang='lat' dir='ltr'>dum</span> <span class='ocrx_word' id='word_1_276' title='bbox 1289 2500 1436 2542; x_wconf 89' lang='lat' dir='ltr'>adhuc</span> <span class='ocrx_word' id='word_1_277' title='bbox 1459 2500 1723 2554; x_wconf 86' lang='lat' dir='ltr'>agnoscitur</span> 
     </span>
     <span class='ocr_line' id='line_1_36' title="bbox 222 2557 868 2618; baseline -0.003 -11"><span class='ocrx_word' id='word_1_278' title='bbox 222 2557 440 2607; x_wconf 65' lang='lat' dir='ltr'>Verbum]</span> <span class='ocrx_word' id='word_1_279' title='bbox 499 2564 639 2618; x_wconf 90' lang='lat' dir='ltr'>Apud</span> <span class='ocrx_word' id='word_1_280' title='bbox 665 2563 868 2614; x_wconf 84' lang='lat' dir='ltr'>Esaiam,</span> 
     </span>
    </p>

    <p class='ocr_par' dir='ltr' id='par_1_11' title="bbox 288 2651 1722 2877">
     <span class='ocr_line' id='line_1_37' title="bbox 288 2651 1722 2701; baseline -0.001 -9"><span class='ocrx_word' id='word_1_281' title='bbox 288 2659 520 2701; x_wconf 86' lang='lat' dir='ltr'>“Antequam</span> <span class='ocrx_word' id='word_1_282' title='bbox 537 2651 862 2701; x_wconf 39' lang='lat' dir='ltr'>parturivitQpariu</span> <span class='ocrx_word' id='word_1_283' title='bbox 886 2666 1079 2701; x_wconf 87' lang='lat' dir='ltr'>antequam</span> <span class='ocrx_word' id='word_1_284' title='bbox 1097 2660 1217 2692; x_wconf 88' lang='lat' dir='ltr'>veniat</span> <span class='ocrx_word' id='word_1_285' title='bbox 1236 2659 1339 2691; x_wconf 89' lang='lat' dir='ltr'>dolor</span> <span class='ocrx_word' id='word_1_286' title='bbox 1355 2659 1415 2698; x_wconf 91' lang='lat' dir='ltr'>illi,</span> <span class='ocrx_word' id='word_1_287' title='bbox 1433 2660 1540 2691; x_wconf 89' lang='lat' dir='ltr'>enixa</span> <span class='ocrx_word' id='word_1_288' title='bbox 1557 2666 1611 2692; x_wconf 86' lang='lat' dir='ltr'>est</span> <span class='ocrx_word' id='word_1_289' title='bbox 1629 2670 1722 2691; x_wconf 84' lang='lat' dir='ltr'>mas-</span> 
     </span>
     <span class='ocr_line' id='line_1_38' title="bbox 396 2704 1722 2745; baseline -0.001 -9"><span class='ocrx_word' id='word_1_290' title='bbox 396 2704 514 2736; x_wconf 89' lang='lat' dir='ltr'>culum</span> <span class='ocrx_word' id='word_1_291' title='bbox 528 2713 535 2740; x_wconf 74' lang='grc' dir='ltr'>ς</span> <span class='ocrx_word' id='word_1_292' title='bbox 559 2704 638 2745; x_wconf 89' lang='lat' dir='ltr'>quis</span> <span class='ocrx_word' id='word_1_293' title='bbox 651 2704 786 2736; x_wconf 88' lang='lat' dir='ltr'>audivit</span> <span class='ocrx_word' id='word_1_294' title='bbox 799 2705 889 2736; x_wconf 91' lang='lat' dir='ltr'>sicut</span> <span class='ocrx_word' id='word_1_295' title='bbox 905 2704 994 2737; x_wconf 82' lang='lat' dir='ltr'>hoc?</span> <span class='ocrx_word' id='word_1_296' title='bbox 1012 2704 1090 2745; x_wconf 91' lang='lat' dir='ltr'>quis</span> <span class='ocrx_word' id='word_1_297' title='bbox 1103 2704 1191 2736; x_wconf 88' lang='lat' dir='ltr'>vidit</span> <span class='ocrx_word' id='word_1_298' title='bbox 1207 2704 1298 2736; x_wconf 89' lang='lat' dir='ltr'>sicut</span> <span class='ocrx_word' id='word_1_299' title='bbox 1314 2705 1403 2736; x_wconf 86' lang='lat' dir='ltr'>hoc?</span> <span class='ocrx_word' id='word_1_300' title='bbox 1435 2714 1518 2736; x_wconf 89' lang='lat' dir='ltr'>num</span> <span class='ocrx_word' id='word_1_301' title='bbox 1534 2704 1722 2744; x_wconf 87' lang='lat' dir='ltr'>parturivit</span> 
     </span>
     <span class='ocr_line' id='line_1_39' title="bbox 396 2745 1721 2789; baseline -0.002 -9"><span class='ocrx_word' id='word_1_302' title='bbox 396 2753 491 2780; x_wconf 86' lang='lat' dir='ltr'>terra</span> <span class='ocrx_word' id='word_1_303' title='bbox 506 2747 562 2779; x_wconf 87' lang='lat' dir='ltr'>die</span> <span class='ocrx_word' id='word_1_304' title='bbox 581 2749 680 2781; x_wconf 82' lang='lat' dir='ltr'>uno?</span> <span class='ocrx_word' id='word_1_305' title='bbox 702 2757 788 2779; x_wconf 89' lang='lat' dir='ltr'>num</span> <span class='ocrx_word' id='word_1_306' title='bbox 808 2748 1038 2788; x_wconf 86' lang='lat' dir='ltr'>generabitur</span> <span class='ocrx_word' id='word_1_307' title='bbox 1056 2758 1146 2788; x_wconf 86' lang='lat' dir='ltr'>gens</span> <span class='ocrx_word' id='word_1_308' title='bbox 1167 2748 1243 2779; x_wconf 86' lang='lat' dir='ltr'>viee</span> <span class='ocrx_word' id='word_1_309' title='bbox 1262 2749 1358 2780; x_wconf 87' lang='lat' dir='ltr'>una?</span> <span class='ocrx_word' id='word_1_310' title='bbox 1383 2745 1510 2789; x_wconf 87' lang='lat' dir='ltr'>[quod]</span> <span class='ocrx_word' id='word_1_311' title='bbox 1533 2748 1721 2788; x_wconf 87' lang='lat' dir='ltr'>parturivit</span> 
     </span>
     <span class='ocr_line' id='line_1_40' title="bbox 396 2791 1720 2833; baseline -0.001 -10"><span class='ocrx_word' id='word_1_312' title='bbox 396 2792 575 2833; x_wconf 88' lang='lat' dir='ltr'>etiamque</span> <span class='ocrx_word' id='word_1_313' title='bbox 592 2792 728 2832; x_wconf 86' lang='lat' dir='ltr'>peperit</span> <span class='ocrx_word' id='word_1_314' title='bbox 745 2791 833 2823; x_wconf 90' lang='lat' dir='ltr'>Zion</span> <span class='ocrx_word' id='word_1_315' title='bbox 852 2791 943 2823; x_wconf 90' lang='lat' dir='ltr'>filios</span> <span class='ocrx_word' id='word_1_316' title='bbox 957 2801 1062 2824; x_wconf 89' lang='lat' dir='ltr'>suos:</span> <span class='ocrx_word' id='word_1_317' title='bbox 1089 2801 1174 2823; x_wconf 92' lang='lat' dir='ltr'>num</span> <span class='ocrx_word' id='word_1_318' title='bbox 1194 2791 1270 2832; x_wconf 87' lang='lat' dir='ltr'>Ego</span> <span class='ocrx_word' id='word_1_319' title='bbox 1290 2791 1454 2831; x_wconf 81' lang='lat' dir='ltr'>frangam</span> <span class='ocrx_word' id='word_1_320' title='bbox 1473 2799 1508 2822; x_wconf 89' lang='lat' dir='ltr'>et</span> <span class='ocrx_word' id='word_1_321' title='bbox 1525 2801 1597 2822; x_wconf 86' lang='lat' dir='ltr'>non</span> <span class='ocrx_word' id='word_1_322' title='bbox 1613 2801 1720 2830; x_wconf 89' lang='lat' dir='ltr'>gene-</span> 
     </span>
     <span class='ocr_line' id='line_1_41' title="bbox 396 2835 1719 2877; baseline -0.002 -9"><span class='ocrx_word' id='word_1_323' title='bbox 396 2836 496 2869; x_wconf 83' lang='lat' dir='ltr'>rem?</span> <span class='ocrx_word' id='word_1_324' title='bbox 518 2836 631 2876; x_wconf 87' lang='lat' dir='ltr'>inquit</span> <span class='ocrx_word' id='word_1_325' title='bbox 647 2835 820 2877; x_wconf 90' lang='lat' dir='ltr'>Jehovah‚</span> <span class='ocrx_word' id='word_1_326' title='bbox 833 2836 998 2876; x_wconf 86' lang='lat' dir='ltr'>generari</span> <span class='ocrx_word' id='word_1_327' title='bbox 1015 2835 1150 2867; x_wconf 83' lang='lat' dir='ltr'>faciens</span> <span class='ocrx_word' id='word_1_328' title='bbox 1167 2841 1203 2868; x_wconf 90' lang='lat' dir='ltr'>et</span> <span class='ocrx_word' id='word_1_329' title='bbox 1219 2835 1453 2867; x_wconf 87' lang='lat' dir='ltr'>concluserim</span> <span class='ocrx_word' id='word_1_330' title='bbox 1464 2836 1492 2867; x_wconf 86' lang='lat'>?.</span> <span class='ocrx_word' id='word_1_331' title='bbox 1508 2859 1514 2866; x_wconf 97' lang='lat'>.</span> <span class='ocrx_word' id='word_1_332' title='bbox 1529 2859 1536 2866; x_wconf 93' lang='lat'>.</span> <span class='ocrx_word' id='word_1_333' title='bbox 1551 2835 1719 2874; x_wconf 88' lang='lat' dir='ltr'>.gaudete</span> 
     </span>
    </p>
   </div>
   <div class='ocr_carea' id='block_1_11' title="bbox 229 2878 1719 2964">
    <p class='ocr_par' dir='ltr' id='par_1_12' title="bbox 229 2878 1719 2964">
     <span class='ocr_line' id='line_1_42' title="bbox 229 2878 1719 2920; baseline -0.001 -9"><span class='ocrx_word' id='word_1_334' title='bbox 229 2883 251 2902; x_wconf 72' lang='lat'>⁸</span> <span class='ocrx_word' id='word_1_335' title='bbox 395 2889 475 2911; x_wconf 88' lang='lat' dir='ltr'>cum</span> <span class='ocrx_word' id='word_1_336' title='bbox 492 2878 742 2920; x_wconf 84' lang='lat' dir='ltr'>Hierosoyma,</span> <span class='ocrx_word' id='word_1_337' title='bbox 756 2880 911 2911; x_wconf 87' lang='lat' dir='ltr'>exultate</span> <span class='ocrx_word' id='word_1_338' title='bbox 926 2879 962 2910; x_wconf 89' lang='lat' dir='ltr'>in</span> <span class='ocrx_word' id='word_1_339' title='bbox 976 2889 1020 2911; x_wconf 92' lang='lat' dir='ltr'>ea</span> <span class='ocrx_word' id='word_1_340' title='bbox 1031 2889 1158 2911; x_wconf 90' lang='lat' dir='ltr'>omnes</span> <span class='ocrx_word' id='word_1_341' title='bbox 1170 2885 1334 2910; x_wconf 86' lang='lat' dir='ltr'>amantes</span> <span class='ocrx_word' id='word_1_342' title='bbox 1347 2889 1455 2916; x_wconf 66' lang='lat' dir='ltr'>eam„</span> <span class='ocrx_word' id='word_1_343' title='bbox 1471 2903 1478 2910; x_wconf 92' lang='lat'>.</span> <span class='ocrx_word' id='word_1_344' title='bbox 1493 2903 1499 2910; x_wconf 96' lang='lat'>.</span> <span class='ocrx_word' id='word_1_345' title='bbox 1515 2885 1568 2909; x_wconf 90' lang='lat' dir='ltr'>.ut</span> <span class='ocrx_word' id='word_1_346' title='bbox 1582 2879 1719 2918; x_wconf 87' lang='lat' dir='ltr'>sugatis</span> 
     </span>
     <span class='ocr_line' id='line_1_43' title="bbox 396 2919 1629 2964; baseline -0.001 -9"><span class='ocrx_word' id='word_1_347' title='bbox 396 2929 432 2955; x_wconf 91' lang='lat' dir='ltr'>et</span> <span class='ocrx_word' id='word_1_348' title='bbox 447 2923 656 2955; x_wconf 85' lang='lat' dir='ltr'>saturemini</span> <span class='ocrx_word' id='word_1_349' title='bbox 673 2933 717 2955; x_wconf 84' lang='lat' dir='ltr'>ex</span> <span class='ocrx_word' id='word_1_350' title='bbox 733 2924 841 2955; x_wconf 79' lang='lat' dir='ltr'>ubere</span> <span class='ocrx_word' id='word_1_351' title='bbox 858 2923 1147 2955; x_wconf 90' lang='lat' dir='ltr'>consolationum</span> <span class='ocrx_word' id='word_1_352' title='bbox 1165 2923 1243 2964; x_wconf 87' lang='lat' dir='ltr'>ejus</span> <span class='ocrx_word' id='word_1_353' title='bbox 1256 2922 1274 2934; x_wconf 89' lang='lat'><strong>”</strong></span> <span class='ocrx_word' id='word_1_354' title='bbox 1287 2922 1384 2963; x_wconf 86' lang='lat' dir='ltr'>(lxvi.</span> <span class='ocrx_word' id='word_1_355' title='bbox 1405 2919 1518 2963; x_wconf 80' lang='lat'>7-10[,</span> <span class='ocrx_word' id='word_1_356' title='bbox 1539 2919 1609 2962; x_wconf 93' lang='lat'>11])</span> <span class='ocrx_word' id='word_1_357' title='bbox 1623 2932 1629 2954; x_wconf 93' lang='lat'>:</span> 
     </span>
    </p>
   </div>
   <div class='ocr_carea' id='block_1_12' title="bbox 222 3010 1716 3067">
    <p class='ocr_par' dir='ltr' id='par_1_13' title="bbox 222 3010 1716 3067">
     <span class='ocr_line' id='line_1_44' title="bbox 222 3010 1716 3067; baseline -0.001 -13"><span class='ocrx_word' id='word_1_358' title='bbox 222 3010 335 3054; x_wconf 89' lang='lat' dir='ltr'>haec</span> <span class='ocrx_word' id='word_1_359' title='bbox 357 3025 533 3067; x_wconf 91' lang='lat' dir='ltr'>quoque</span> <span class='ocrx_word' id='word_1_360' title='bbox 555 3011 611 3054; x_wconf 93' lang='lat' dir='ltr'>de</span> <span class='ocrx_word' id='word_1_361' title='bbox 633 3012 832 3055; x_wconf 87' lang='lat' dir='ltr'>adventu</span> <span class='ocrx_word' id='word_1_362' title='bbox 855 3012 1051 3063; x_wconf 87' lang='lat' dir='ltr'>Domini,</span> <span class='ocrx_word' id='word_1_363' title='bbox 1071 3025 1123 3054; x_wconf 88' lang='lat' dir='ltr'>ac</span> <span class='ocrx_word' id='word_1_364' title='bbox 1146 3012 1202 3054; x_wconf 91' lang='lat' dir='ltr'>de</span> <span class='ocrx_word' id='word_1_365' title='bbox 1225 3012 1550 3054; x_wconf 87' lang='lat' dir='ltr'>instauratione</span> <span class='ocrx_word' id='word_1_366' title='bbox 1569 3011 1716 3053; x_wconf 90' lang='lat' dir='ltr'>eccle-</span> 
     </span>
    </p>
   </div>
  </div>
 </body>
</html>
