2098 3476
584 367 692 400 CAP.
717 367 818 408 XII„
843 368 981 401 VERs.
1009 369 1152 413 5.——N.
1177 360 1345 416 724[b].
1607 373 1710 417 1991

211 481 574 538 propinquitates
588 488 634 523 et
653 481 912 524 affinitates.
966 483 1077 525 Inde
1096 490 1224 537 patet
1240 484 1359 538 quod
1379 485 1717 538 procreationes

78 548 103 563 '
211 545 316 589 illae
342 544 611 599 spirituales,
640 546 756 586 sicut
787 547 1126 598 procreationes
1153 546 1384 588 naturales
1417 561 1477 588 ex
1510 554 1638 600 patre
1671 556 1716 590 et

212 605 372 660 matre,
400 608 758 662 multiplicentur
783 611 897 650 sicut
925 610 1117 651 familiae
1145 617 1191 652 et
1218 610 1380 651 domus
1406 612 1451 651 in
1478 612 1636 662 terris;
1670 619 1716 653 et

211 672 330 714 sicut
365 685 426 713 ex
460 672 707 713 seminibus
738 671 1063 714 fruetificantur
1094 674 1290 722 arbores,
1325 674 1444 715 unde
1476 674 1609 722 horti,
1643 676 1717 728 qui

212 735 407 790 paradisi
429 735 639 777 dicuntur
661 737 705 777 in
728 736 949 789 spirituali
975 736 1173 786 homine,
1198 743 1246 778 at
1274 736 1362 778 luci
1388 744 1434 779 et
1462 751 1648 779 nemora
1672 740 1717 779 in

198 797 420 848 naturali,
447 805 495 840 at
522 799 661 840 silvae
689 800 929 840 umbrosae
955 800 999 840 in
1025 800 1234 841 sensuali.

273 859 382 915 Ι[ῦ.]
425 859 518 902 Sed
556 861 662 915 quia
699 862 744 901 in
785 860 944 902 Verbo
983 861 1226 915 permultis
1265 863 1309 903 in
1350 862 1464 904 locis
1503 863 1717 905 dicuntur

214 921 370 972 “filii,”
401 921 681 964 et⁴nondum
714 930 874 964 notum
907 930 978 964 est
1010 923 1132 977 quod
1164 937 1244 977 per
1273 924 1376 965 illos
1408 924 1718 978 significentur

211 999 320 1027 vera
343 985 563 1028 ecclesiae
589 993 636 1027 et
659 985 906 1036 doctrinae,
930 986 1067 1027 velim
1093 1000 1153 1027 ex
1180 987 1335 1028 multis
1360 988 1498 1029 modo
1525 1002 1716 1042 sequen·

212 1049 277 1092 tia
298 1049 400 1091 loca
421 1049 777 1091 confirmationis
800 1064 936 1091 causa
957 1050 1062 1091 inde
1084 1050 1311 1092 adducere
1329 1051 1541 1104 1—Apud
1563 1051 1717 1093 Evan-

206 1111 413 1167 gvlaektas,

285 1203 392 1247 Jesus
405 1203 504 1243 dixit,
520 1205 539 1218 ¹¹
551 1204 620 1245 Qui
635 1204 804 1245 relinquit
816 1205 955 1243 domos,
970 1204 1109 1243 fratres,
1125 1214 1278 1243 sorores,
1293 1210 1442 1245 patrem,
1457 1210 1619 1243 matrem,
1634 1215 1719 1236 uxo·

388 1257 474 1287 rem,
494 1247 638 1287 liberos,
658 1258 764 1288 agros
785 1254 932 1289 propter
956 1258 1090 1280 nomen
1115 1258 1246 1286 meum,
1270 1249 1477 1289 centuplum
1502 1249 1659 1289 accipiet,
1683 1255 1719 1281 et

387 1292 484 1324 vitae
511 1299 680 1324 aeternae
708 1292 944 1324 hereditatem
974 1291 1145 1324 sortietur
1156 1291 1174 1304 ’'
1199 1292 1342 1333 (Matth.
1363 1293 1434 1324 xix.
1456 1301 1520 1333 29;
1552 1293 1664 1325 Marc.
1685 1303 1718 1325 x.

389 1344 408 1369 2
480 1345 504 1368 0
529 1345 535 1353 ·

279 1346 442 1413 “Omniqs’
460 1335 591 1422 {ulad
617 1379 678 1412 Me
699 1380 807 1418 venit,
825 1385 860 1412 et
885 1389 959 1411 non
981 1380 1056 1412 odit
1075 1390 1179 1412 suum
1206 1386 1355 1421 patrem,
1376 1387 1538 1419 matrem,
1558 1390 1718 1419 uxorem,

387 1422 531 1463 liberos,
552 1424 679 1456 fratres
705 1430 740 1456 et
764 1434 918 1462 sorores,
939 1424 1051 1455 immo
1075 1425 1232 1456 animam
1255 1434 1368 1463 suam,
1390 1424 1492 1456 non'’
1513 1431 1568 1456 est
1589 1426 1719 1456 “meus

387 1468 584 1510 discipulus
594 1467 613 1480 '¹
630 1468 727 1509 (Luc.
745 1469 815 1500 xiv.
834 1468 909 1508 20):

212 1557 312 1614 quis
337 1571 430 1600 non
450 1558 603 1600 videre
629 1563 784 1611 potest
810 1557 932 1611 quod
955 1570 1046 1598 non
1068 1563 1212 1612 pater,
1237 1563 1397 1607 mater,
1423 1572 1551 1607 uxor,
1576 1557 1716 1607 liberi,

212 1621 390 1672 fratres,
423 1628 471 1663 et
508 1635 700 1670 sororeS,
735 1634 818 1662 nec
857 1621 1019 1661 domus
1056 1627 1102 1662 et
1140 1622 1236 1675 agri
1272 1621 1342 1662 hic
1374 1621 1719 1675 intelligantur?

214 1685 296 1727 sed
331 1685 454 1740 quod
491 1685 602 1726 talia
633 1700 747 1740 quae
785 1691 891 1725 sunt
927 1685 1064 1737 ipsius
1095 1684 1304 1734 hominis,
1338 1692 1385 1727 et
1417 1685 1509 1739 ejus
1541 1686 1720 1738 propria

213 1755 463 1800 vocantur3
496 1749 609 1790 haec
632 1750 752 1790 enim
775 1749 912 1789 homo
929 1746 1165 1789 relicturus
1183 1755 1254 1789 est
1276 1755 1322 1790 et
1346 1749 1451 1790 odio
1470 1749 1718 1798 habiturus,

213 1811 252 1854 si
290 1811 402 1854 velit
441 1811 592 1853 colere
632 1812 878 1853 Dominum
920 1818 966 1852 et
1010 1811 1163 1864 “Ejus
1204 1811 1448 1865 discipulus
1489 1813 1627 1862 esse,”
1667 1827 1719 1854 ac

217 1875 522 1929 “centuplum
544 1875 783 1929 recipere‚’'
805 1882 851 1916 et
878 1875 1037 1915 “vitae
1061 1881 1275 1916 aeternae
1298 1875 1601 1917 hereditatem
1624 1890 1719 1917 sor-

215 1938 288 1980 tiri
304 1937 340 1980 :”
371 1939 550 1992 propria
580 1939 775 1980 hominis
807 1944 914 1979 sunt
946 1937 1039 1991 ejus
1071 1939 1236 1979 amoris
1268 1945 1314 1979 et
1346 1939 1451 1980 inde
1481 1939 1574 1992 ejus
1599 1940 1720 1980 vitae

214 2001 261 2043 in
278 2014 414 2056 quam
432 2007 566 2043 natus
583 2008 668 2050 est,
688 2001 875 2055 proinde
893 2007 998 2042 sunt
1017 2001 1136 2043 mala
1154 2007 1200 2043 et
1223 2001 1335 2042 falsa
1351 2002 1497 2043 omnis
1514 2004 1692 2055 generis
1710 2017 1718 2052 ;

215 2070 264 2106 et
294 2065 399 2119 quia
435 2064 513 2106 illa
549 2072 654 2106 sunt
693 2065 786 2118 ejus
823 2065 989 2106 amoris
1021 2071 1068 2106 et
1101 2065 1236 2114 vitae,
1270 2065 1374 2107 ideo
1405 2066 1569 2106 dicitur
1599 2067 1721 2119 quod

215 2127 356 2170 etiam
382 2128 573 2170 “odisse
605 2129 772 2170 debeat
805 2129 1003 2170 animam
1035 2142 1162 2169 suam
1180 2129 1213 2169 :’'
1244 2129 1355 2170 haec
1386 2129 1510 2170 ‘mala
1535 2136 1581 2170 et
1610 2129 1723 2170 falsa

215 2189 528 2245 significantur
567 2206 646 2246 per
689 2195 905 2246 “patrem
951 2198 998 2232 et
1039 2199 1247 2241 matrem,
1291 2205 1496 2241 uxorem,
1540 2192 1719 2241 liberos,

215 2254 377 2298 fratres
400 2262 450 2314 et
476 2269 652 2297 sorores
674 2255 708 2307 ;‘'
741 2269 846 2296 nam
873 2256 1025 2297 omnia
1050 2269 1164 2310 quae
1197 2263 1303 2297 sunt
1335 2257 1501 2297 amoris
1527 2263 1574 2297 et
1600 2257 1720 2297 vitae

216 2317 426 2368 hominis,
454 2333 533 2360 seu
558 2333 673 2373 quae
699 2326 805 2360 sunt
831 2317 1081 2360 affectionis
1107 2326 1153 2360 et
1180 2319 1284 2360 inde
1310 2320 1618 2372 cogitationis,
1644 2334 1721 2361 seu

217 2393 334 2435 quae
364 2387 470 2423 sunt
494 2382 752 2424 'voluntatis
784 2389 830 2423 et
862 2381 966 2423 inde
999 2380 1260 2423 intellectus
1290 2382 1396 2436 ejus,
1425 2382 1501 2423 illa
1529 2382 1723 2424 formata

216 2449 266 2486 et
290 2443 532 2498 conjuncsta
557 2452 676 2495 sunt,
702 2447 817 2487 sicut
843 2446 1165 2499 generationes
1189 2446 1524 2487 descendentes
1546 2460 1605 2486 ex
1633 2458 1722 2489 uno

218 2513 348 2561 patre
379 2514 428 2549 et·
459 2522 547 2549 una
579 2515 738 2558 matre,
773 2515 819 2550 et
851 2523 1029 2563 quoque
1061 2507 1278 2550 distincta
1309 2510 1425 2550 sicut
1457 2510 1500 2549 in
1532 2509 1722 2550 familias

218 2576 266 2612 et
288 2570 478 2622 domos;
511 2585 637 2612 amor
659 2573 724 2612 sui
747 2578 793 2613 et
817 2572 921 2613 inde
939 2585 1067 2613 amor
1085 2573 1239 2613 mundi
1258 2579 1362 2613 sunt
1381 2586 1535 2613 eorum
1557 2575 1723 2624 “pater

219 2639 266 2675 et
292 2634 478 2684 mater‚''
503 2641 549 2676 et
576 2635 852 2688 cupiditates
883 2636 987 2676 inde
1015 2636 1243 2684 oriundae,
1272 2649 1323 2677 ac
1351 2649 1504 2676 earum
1531 2635 1650 2676 mala
1676 2642 1722 2675 et

218 2696 344 2747 falsa,
369 2705 474 2740 sunt
499 2702 524 2719 ‘⁴
542 2697 708 2748 liberi,”
729 2699 804 2753 qui
829 2699 1027 2740 “fratres
1040 2698 1058 2714 ”
1085 2706 1131 2740 et
1161 2703 1376 2740 “sorores
1393 2698 1426 2740 :''
1463 2698 1584 2753 quod
1611 2699 1721 2739 haec

219 2760 549 2815 intelligantur,
570 2762 807 2803 manifeste
831 2769 1042 2804 constare
1065 2769 1219 2816 potest
1242 2776 1302 2803 ex
1325 2776 1394 2812 eo,
1419 2761 1540 2816 quod
1564 2761 1721 2801 Domi-

220 2836 304 2865 nus
334 2837 425 2866 non
457 2824 567 2866 velit
604 2832 654 2867 ut
685 2825 845 2879 aliquis
882 2825 988 2866 odio
1019 2825 1187 2866 habeat
1225 2831 1402 2878 patrem
1434 2831 1480 2865 et
1513 2831 1720 2869 matrem,

220 2899 304 2929 nec
340 2902 545 2939 uxorem,
579 2903 664 2930 nec
702 2889 882 2938 liberos,
917 2902 999 2930 nec
1038 2889 1198 2930 fratres
1235 2896 1282 2930 et
1313 2902 1505 2937 sororeS,
1539 2888 1642 2941 quia
1678 2887 1723 2927 id

220 2949 336 2992 soret
368 2959 529 2993 contra
559 2966 760 2994 amorem
793 2953 1073 3006 spiritualem
1112 2953 1250 3004 cuivis
1287 2967 1311 2994 e
1352 2952 1480 2994 caelo
1520 2952 1719 2999 insitum,

221 3014 296 3068 qui
321 3021 390 3057 est
416 3022 655 3070 parentum
681 3030 790 3070 erga
817 3017 982 3058 liberos
1009 3030 1060 3058 ac
1088 3015 1329 3058 liberorum
1356 3029 1465 3069 erga
1491 3021 1719 3068 parentes,
