2008 3458
358 383 468 426 2242
776 380 1101 415 APOCALYPSIS
1132 382 1376 415 EXPLICAT
1382 383 1423 415 A.

359 500 428 535 est
460 494 518 535 ab
549 494 679 547 Ipso;
713 494 832 547 quod
864 494 967 536 inde
998 494 1055 536 sit
1087 494 1341 548 conjunctio
1374 495 1486 536 caeli
1519 508 1618 536 cum
1650 482 1832 538 homine
1860 476 1867 479 μ
1942 498 1946 505 ’

357 556 576 597 ecclesiae
608 570 685 610 per
716 557 932 606 Verbum,
960 558 1164 599 videatur
1194 558 1237 598 in
1270 571 1404 611 opere
1435 558 1501 598 De
1529 557 1658 600 Caelo
1687 564 1729 599 et
1757 557 1834 599 In·

341 617 482 667 ,ferne
507 627 551 665 (n.
570 627 794 668 303-310).
856 617 935 671 (5.)
971 618 1099 659 Tunc
1126 625 1346 672 quantum
1372 619 1510 659 homo
1541 625 1730 672 peccata
1755 617 1834 659 illa

337 680 626 728 detestatur,
652 686 830 721 tantum
857 682 1027 722 intrant
1059 680 1317 723 affectiones
1342 683 1516 723 bonae:
1551 682 1665 723 sicut
1692 694 1834 736 quan·

357 749 453 783 turn
477 743 730 784 detestatur
751 743 986 794 adulteria,
1006 750 1183 785 tantum
1206 745 1344 786 intrat
1368 746 1581 795 castitas;
1614 749 1840 798 quantum

357 805 613 846 detestatur
643 806 819 846 fraudes
859 812 906 847 et
942 806 1214 847 lucrationes
1246 806 1438 855 illicitas,
1474 813 1654 848 tantum
1694 807 1835 848 intrat
1909 831 1914 834 -
1976 787 2003 830 ‘s

357 867 591 908 sinceritas
609 875 655 909 et
672 868 871 920 justitia;
904 875 1120 922 quantum
1143 869 1396 910 detestatur
1414 870 1516 909 odia
1539 875 1583 910 et
1601 867 1834 919 vindictas,

359 936 538 970 tantum
565 931 704 972 intrat
737 931 959 982 charitas;
1001 938 1217 984 quantum
1244 932 1498 972 detestatur
1523 931 1759 972 mendacia
1788 936 1836 973 et

347 991 789 1045 blasphemationes,
810 999 988 1034 tantum
1006 994 1144 1035 intrat
1162 995 1327 1035 veritas
1346 1009 1354 1044 ;
1382 1001 1428 1034 et
1447 1000 1664 1047 quantum
1682 993 1835 1035 detes-

357 1060 481 1095 tatur
497 1054 742 1096 elationem
761 1057 908 1105 animi,
930 1062 1108 1097 tantum
1126 1057 1266 1098 intrat
1294 1057 1524 1097 humilitas
1547 1069 1699 1097 coram
1718 1056 1833 1105 Deo,

357 1123 403 1157 et
430 1131 556 1158 amor
581 1119 773 1171 proximi
800 1119 913 1159 sicut
940 1119 1031 1169 sui;
1063 1125 1109 1160 et
1136 1119 1196 1159 sic
1225 1133 1369 1172 porro.
1432 1119 1613 1160 Exinde
1639 1112 1838 1172 sequitui·
1906 1168 1907 1171 Ἴ

360 1179 479 1231 quod
501 1179 652 1232 fugere
678 1180 797 1220 mala
823 1181 879 1221 sit
906 1181 1050 1221 facere
1072 1181 1203 1221 bona.
1268 1180 1346 1234 (6.)
1382 1180 1612 1233 Quantum
1633 1181 1773 1221 homo
1792 1181 1837 1222 in

357 1241 486 1281 bonis
518 1241 603 1282 illis
635 1241 940 1283 affeffionibus
972 1248 1056 1291 est,
1084 1249 1263 1283 tantum
1290 1243 1464 1284 ducitur
1494 1257 1520 1283 a
1553 1243 1762 1292 Domino,
1789 1249 1836 1284 et

358 1316 447 1343 non
474 1317 500 1344 a
525 1310 697 1353 semet;
731 1311 776 1345 et
803 1311 1019 1358 quantum
1042 1319 1101 1345 ex
1127 1305 1212 1345 illis
1236 1306 1344 1358 agit,
1369 1312 1546 1346 tanturn
1573 1306 1692 1346 bona
1713 1305 1836 1354 facit,

358 1366 460 1418 quia
478 1366 554 1406 illa
576 1380 602 1406 a
624 1367 820 1407 Domino
838 1374 884 1408 et
903 1381 992 1408 non
1015 1381 1040 1407 a
1063 1373 1207 1408 semet
1224 1367 1354 1417 facit;
1382 1369 1476 1420 agit
1499 1374 1604 1408 tunc
1623 1381 1682 1408 ex
1700 1367 1837 1409 casti·

358 1435 468 1476 tate,
493 1443 551 1469 ex
578 1430 837 1470 sinceritate
859 1436 905 1470 et
927 1429 1114 1482 justitia,
1139 1444 1197 1470 ex
1220 1430 1455 1478 charitate,
1481 1444 1539 1470 ex
1561 1430 1767 1479 veritate,
1791 1430 1836 1471 in

357 1490 615 1532 humilitate
648 1505 798 1532 coram
831 1492 943 1541 Deo,
977 1507 1036 1533 ex
1074 1489 1231 1546 quibus
1263 1506 1396 1533 nemo
1429 1498 1581 1545 potest
1612 1505 1747 1546 agere
1777 1506 1838 1533 ex

359 1567 419 1593 se.
484 1552 562 1606 (7.)
602 1552 880 1595 Affectiones
907 1554 1159 1607 spirituales
1190 1568 1303 1608 quae
1335 1569 1361 1595 a
1393 1555 1589 1595 DomIno
1613 1555 1839 1595 donantur

359 1616 544 1666 homini,
579 1617 650 1670 qui
688 1618 731 1656 in
763 1617 848 1657 illis
880 1623 949 1658 est
982 1623 1028 1658 et
1059 1631 1118 1658 ex
1150 1616 1236 1657 illis
1267 1618 1375 1670 agit,
1411 1624 1513 1658 sunt
1545 1615 1720 1658 affefiHo
1751 1617 1838 1658 sci·

361 1679 464 1719 endi
496 1693 546 1720 ac
580 1679 865 1732 intelligendi
895 1693 1001 1720 vera
1033 1685 1078 1720 et
1110 1680 1229 1720 bona
1260 1679 1372 1720 caeli
1405 1686 1449 1720 et
1487 1679 1718 1728 ecclesiae,
1751 1691 1839 1720 una

360 1755 461 1782 cum
493 1740 726 1782 affectione
754 1742 935 1782 volendi
967 1748 1012 1782 et
1043 1742 1232 1783 faciendi
1264 1742 1365 1792 illa;
1404 1748 1499 1783 tum
1531 1740 1706 1783 affectio
1737 1755 1837 1783 cum

361 1804 460 1845 zelo
482 1805 711 1857 pugnandi
735 1811 894 1845 contra
915 1804 1026 1845 falsa
1048 1811 1094 1845 et
1118 1804 1250 1854 mala,
1270 1818 1320 1845 ac
1345 1805 1611 1845 discutiendi
1634 1818 1700 1854 ea,
1721 1804 1839 1858 apud

361 1881 408 1907 se
440 1873 486 1907 et
513 1866 630 1920 apud
662 1866 802 1907 alios:
841 1867 944 1907 inde
976 1867 1145 1907 homini
1177 1873 1245 1908 est
1271 1866 1381 1907 fides
1413 1874 1458 1907 et
1491 1880 1628 1916 amor,
1657 1873 1703 1908 et
1735 1867 1839 1909 inde

361 1931 400 1970 ei
427 1929 728 1982 intelligentia
754 1936 799 1970 et
826 1930 1057 1982 sapientia.
1117 1929 1195 1983 (8.)
1232 1930 1316 1978 Ita,
1342 1935 1386 1970 et
1414 1943 1503 1969 non
1530 1929 1673 1978 aliter,
1701 1929 1839 1971 homo

361 1993 651 2042 reformatur;
685 1999 730 2032 et
754 1999 971 2045 quantum
994 1994 1078 2033 scit
1104 1999 1150 2033 et
1169 1993 1310 2033 credit
1328 2006 1447 2040 vera,
1472 2005 1522 2032 ac
1542 1992 1638 2032 vult
1665 1997 1710 2033 et
1732 1992 1839 2034 facit

362 2054 454 2103 illa,
475 2061 653 2095 tantum
676 2061 980 2107 regeneratur,
1004 2061 1050 2096 et
1076 2069 1102 2095 a
1127 2054 1319 2096 naturali
1344 2054 1393 2095 fit
1420 2054 1684 2107 spiritualis:
1718 2055 1839 2097 simi-

363 2117 465 2158 liter
491 2117 600 2157 fides
627 2116 718 2169 ejus
745 2124 790 2157 et
817 2131 943 2157 amor
969 2117 1074 2169 ejus.

444 2180 527 2234 [b.]
570 2180 616 2220 Si
634 2181 754 2220 mala
772 2194 862 2220 non
884 2187 1060 2221 remota
1081 2187 1185 2221 sunt
1203 2182 1305 2234 quia
1330 2174 1435 2221 sunt
1459 2187 1664 2233 peccata,
1688 2180 1840 2222 omnia

362 2255 475 2295 quae
501 2241 638 2281 homo
669 2242 858 2293 cogitat,
887 2241 1094 2294 loquitur,
1123 2241 1218 2282 vult
1251 2248 1296 2282 et
1322 2241 1445 2290 facit,
1475 2255 1564 2281 non
1591 2241 1710 2282 bona
1735 2248 1840 2283 sunt

363 2317 444 2344 nec
476 2317 581 2343 vera
622 2315 772 2343 coram
814 2303 927 2350 Deo,
961 2310 1186 2356 utcunque
1226 2310 1444 2356 apparent
1487 2305 1599 2344 sicut
1637 2304 1756 2344 bona
1793 2310 1840 2345 et

362 2379 468 2406 vera
490 2377 640 2405 coram
665 2365 843 2405 mundo.
895 2365 1040 2406 Causa
1062 2372 1146 2413 est,
1171 2366 1272 2418 quia
1294 2379 1384 2405 non
1406 2379 1431 2405 a
1454 2365 1663 2414 Domino,
1683 2366 1762 2407 sed
1783 2366 1842 2407 ab

363 2428 544 2468 homine
577 2434 707 2478 sunt;
740 2434 809 2468 est
842 2429 959 2468 enim
992 2428 1184 2468 hominis
1216 2434 1261 2468 et
1301 2428 1453 2467 mundi
1490 2441 1628 2476 amor,
1662 2442 1721 2468 ex
1753 2442 1841 2482 quo

363 2490 453 2539 illa,
474 2497 519 2531 et
546 2491 618 2542 qui
640 2491 683 2529 in
706 2489 805 2529 illis.
867 2489 1068 2542 Plerique
1092 2489 1224 2530 hodie
1247 2490 1435 2530 credunt
1455 2490 1573 2543 quod
1597 2491 1640 2529 in
1663 2490 1839 2531 caelum

363 2553 539 2593 venturi
565 2553 668 2599 sint,
697 2552 732 2591 si
758 2551 890 2591 fidem
916 2551 1101 2600 habent,
1129 2552 1199 2604 pie
1225 2552 1394 2599 vivunt,
1424 2558 1470 2592 et
1496 2552 1615 2592 bona
1646 2552 1840 2603 faciunt;

364 2621 409 2656 et
437 2621 589 2655 tamen
616 2627 705 2654 non
731 2620 994 2654 aversantur
1019 2613 1137 2654 mala
1165 2615 1266 2667 quia
1292 2620 1481 2666 peccata
1513 2620 1630 2662 sunt,
1659 2621 1705 2655 et
1737 2615 1841 2655 inde

363 2677 435 2718 vel
473 2677 639 2717 faciunt
677 2676 766 2725 illa,
800 2676 871 2717 vel
909 2677 1097 2717 credunt
1134 2690 1232 2717 esse
1270 2677 1418 2717 licita:
1465 2683 1510 2717 et
1542 2678 1614 2730 qui
1652 2677 1840 2718 credunt

364 2741 483 2794 quod
515 2739 638 2780 licita
669 2740 772 2787 sint,
800 2739 862 2779 illi
894 2740 1060 2780 faciunt
1093 2739 1169 2779 illa
1195 2740 1374 2792 quando
1407 2741 1535 2792 copia
1567 2740 1727 2790 datur;
1761 2740 1841 2781 sed

365 2804 509 2843 sciant
541 2802 659 2856 quod
694 2802 802 2842 fides
835 2802 1011 2842 illorum
1043 2815 1131 2842 non
1163 2801 1272 2842 fides
1305 2803 1376 2850 sit,
1410 2802 1528 2855 quod
1560 2803 1632 2855 pia
1663 2801 1839 2842 illorum

365 2879 455 2906 non
478 2867 549 2918 pia
567 2866 670 2914 sint,
688 2871 733 2906 et
756 2866 874 2918 quod
898 2865 1016 2905 bona
1037 2864 1212 2905 illorum
1236 2878 1317 2905 nec
1336 2865 1453 2904 bona
1472 2866 1575 2913 sint,
1591 2865 1840 2906 scaturiunt

365 2929 483 2968 enim
501 2942 559 2968 ex
578 2929 772 2981 impuris,
792 2937 904 2981 quae
922 2928 1041 2968 intus
1059 2927 1175 2980 apud
1194 2927 1421 2968 hominem
1441 2927 1586 2967 latent
1605 2940 1613 2967 :
1648 2933 1839 2968 externa

365 2990 552 3031 trahunt
579 2991 729 3031 omnia
753 3005 832 3031 sua
857 2990 913 3031 ab
939 2991 1151 3041 internis;
1184 2990 1292 3030 dicit
1319 2991 1436 3030 enim
1463 2990 1696 3040 Dominus,
1844 2996 1846 2998 '
