2008 3458
364 390 472 431 2422
773 388 1102 421 APOCALYPSIS
1133 388 1431 421 EXPLICATA.

363 501 521 543 ficatur
547 508 693 543 status
719 502 903 542 interius
928 515 1122 554 regnans
1149 503 1361 542 continue
1378 501 1410 556 ε)
1443 501 1546 543 inde
1573 508 1700 556 patet
1722 502 1840 557 quod

362 579 440 619 per
476 565 596 618 quod
631 565 810 604 “fumus
848 565 1068 605 cruciatus
1109 564 1285 605 illorum
1327 565 1542 605 ascendet
1579 566 1622 604 in
1663 565 1843 606 saecula

367 626 676 668 saeculorum”
700 626 989 679 significetur,
1014 627 1201 667 densum
1227 627 1384 667 falsum
1409 628 1643 680 obstipans
1668 627 1769 668 illos
1795 634 1842 669 et

363 690 585 743 profluens
617 704 675 730 ex
713 689 938 729 amoribus
974 688 1150 729 illorum
1191 690 1416 730 continue.
1480 689 1612 742 Quod
1653 690 1842 730 densum

362 753 522 794 falsum
554 753 753 805 obstipet
786 752 887 792 illos
924 758 969 792 et
1002 752 1191 805 profluat
1223 766 1282 792 ex
1314 752 1414 801 illis,
1443 754 1643 806 sequitur
1673 766 1732 793 ex
1769 766 1840 800 eo,

362 815 480 868 quod
514 816 813 867 unusquisque
845 815 902 855 sit
933 828 1059 855 suum
1090 828 1243 855 verum
1276 822 1351 855 aut
1384 828 1510 855 suum
1538 815 1710 862 falsum,
1738 815 1842 869 quia

361 884 429 918 est
462 891 565 917 suus
596 890 745 927 amor;
787 878 936 917 omnia
973 878 1090 918 enim
1132 891 1243 930 quae
1280 877 1417 918 homo
1457 879 1641 918 interius
1678 891 1756 919 seu
1797 878 1842 918 in

362 940 517 993 spiritu
539 953 618 979 suo
641 940 828 991 cogitat,
845 946 914 980 est
938 953 996 980 ex
1018 953 1170 980 amore
1192 939 1309 992 ejus;
1338 947 1383 980 et
1407 941 1556 980 omnia
1574 954 1686 993 quae
1705 939 1844 981 homo

362 1002 550 1054 cogitat,
584 1015 632 1042 se
668 1001 862 1042 referunt
900 1001 971 1042 vel
1010 1002 1067 1042 ad
1103 1016 1208 1042 vera
1245 1001 1316 1042 vel
1357 1002 1414 1042 ad
1454 1002 1590 1056 falsa;
1630 1001 1734 1043 inde
1771 1009 1841 1044 est

363 1065 500 1104 homo
531 1063 603 1104 vel
636 1077 761 1104 suum
788 1077 942 1104 verum
973 1064 1045 1105 vel
1077 1077 1204 1104 suum
1236 1064 1421 1104 falsum:
1466 1071 1511 1105 et
1544 1065 1664 1118 quod
1697 1064 1842 1106 adhuc

363 1139 573 1166 arcanum
600 1132 684 1173 est,
713 1126 851 1166 homo
875 1132 945 1167 est
971 1140 1097 1166 suum
1123 1140 1276 1167 verum
1303 1134 1379 1167 aut
1413 1140 1539 1167 suum
1571 1126 1730 1167 falsum
1753 1140 1843 1168 non

362 1188 506 1229 solum
529 1189 676 1242 quoad
699 1189 1004 1241 cogitationes
1027 1203 1140 1242 quae
1169 1203 1227 1229 ex
1251 1189 1489 1230 voluntate
1512 1189 1603 1242 ejus
1627 1195 1744 1236 sunt,
1764 1188 1843 1230 sed

364 1252 501 1291 etiam
527 1251 673 1304 quoad
697 1252 950 1291 universum
977 1264 1162 1304 corpus;
1197 1265 1300 1292 nam
1323 1265 1484 1305 corpus
1510 1265 1610 1292 cum
1637 1251 1843 1292 omnibus

363 1315 451 1354 suis
483 1314 679 1366 organis,
707 1313 951 1354 visceribus
982 1320 1028 1354 et
1065 1314 1288 1362 membris,
1317 1321 1386 1355 est
1419 1327 1603 1367 campus
1635 1315 1678 1354 in
1709 1326 1843 1368 quem

366 1377 669 1428 cogitationes
696 1390 754 1416 ex
777 1376 1015 1416 voluntate
1037 1383 1280 1417 excurrunt
1304 1383 1349 1417 et
1377 1390 1424 1417 se
1450 1376 1708 1427 effundunt;
1740 1377 1844 1417 inde

364 1445 433 1479 est
460 1445 584 1478 totus
610 1438 747 1478 homo
769 1438 916 1491 quoad
943 1439 1093 1479 omnia
1115 1439 1220 1491 ejus,
1246 1446 1340 1480 tam
1366 1440 1578 1480 interiora
1599 1451 1734 1492 quam
1760 1452 1844 1479 ex-

363 1502 542 1550 teriora,
570 1514 673 1540 suus
705 1514 843 1549 amor,
872 1507 917 1541 et
949 1501 1053 1542 inde
1080 1515 1205 1541 suum
1232 1515 1384 1542 verum
1416 1508 1493 1542 aut
1526 1514 1652 1542 suum
1682 1501 1843 1546 falsum

363 1573 417 1608 (de
431 1581 495 1609 qua
513 1581 546 1600 re
565 1572 731 1600 videantur
749 1573 850 1609 plura,
866 1581 896 1601 n.
922 1570 1015 1613 775.
1037 1563 1148 1613 837).
1208 1561 1342 1614 QUOd
1373 1575 1528 1603 verum
1558 1568 1635 1603 aut
1665 1561 1842 1609 falsum,

363 1639 475 1679 quae
512 1639 570 1665 ex
612 1625 837 1665 amoribus
879 1631 998 1672 sunt,
1032 1626 1263 1678 obstipent
1304 1626 1547 1673 hominem,
1581 1632 1626 1666 et
1668 1639 1845 1679 quoque

365 1688 588 1741 profluant
615 1702 672 1727 ex
700 1688 791 1736 illo,
812 1695 1023 1729 constare
1049 1695 1201 1741 potest
1228 1703 1286 1729 ex
1313 1703 1381 1737 eo,
1409 1690 1528 1742 quod
1555 1689 1705 1729 omnia
1731 1701 1845 1741 quae

364 1752 407 1790 in
434 1750 601 1790 mundo
629 1756 746 1797 sunt,
772 1757 866 1790 tam
892 1751 1090 1791 animata
1116 1764 1247 1804 quam
1274 1752 1535 1800 inanimata,
1560 1750 1792 1792 effundant
1819 1764 1846 1790 a

359 1827 409 1853 se
436 1813 687 1865 sphaeram,
708 1827 820 1866 quae
843 1813 1111 1867 quandoque
1134 1828 1158 1854 e
1184 1814 1430 1867 longinquo
1453 1815 1670 1864 sentitur;
1703 1819 1752 1858 ut
1780 1826 1840 1854 ex

364 1875 629 1915 animalibus
661 1876 704 1915 in
746 1875 882 1923 silvis,
916 1889 1028 1928 quae
1066 1889 1200 1916 canes
1233 1877 1458 1929 exquisite
1490 1877 1700 1924 odorant,
1734 1881 1780 1916 et
1820 1888 1846 1916 a

364 1952 519 1991 gressu
544 1939 587 1978 in
614 1951 817 1990 gressum
844 1938 1076 1978 odorando
1102 1938 1407 1989 inse&antur;
1441 1945 1536 1979 tum
1569 1953 1627 1980 ex
1653 1944 1845 1992 vegeta-

363 2000 524 2040 bilibus
551 2001 594 2040 in
627 2000 770 2040 hortis
797 2007 842 2040 et
870 2000 1006 2048 silvis,
1034 2015 1148 2054 quae
1175 2002 1412 2054 sphaeram
1445 2001 1712 2042 odoriferam
1734 2013 1845 2054 qua-

363 2076 627 2116 quaversum
668 2063 912 2113 emittunt,
960 2063 1165 2104 similiter
1205 2078 1263 2104 ex
1305 2064 1442 2104 humo
1487 2071 1533 2104 et
1579 2063 1672 2116 ejus
1711 2063 1844 2103 variis

364 2125 569 2174 mineris;
603 2125 681 2164 sed
705 2124 809 2164 illae
836 2125 1153 2166 exhalationes
1180 2133 1284 2166 sunt
1318 2125 1635 2167 exhalationes
1661 2132 1845 2166 natura-

365 2187 455 2227 les:
490 2186 693 2226 similiter
719 2186 767 2226 fit
794 2187 837 2226 in
864 2188 1032 2228 mundo
1058 2189 1302 2240 spirituali3
1335 2203 1394 2229 ex
1420 2189 1667 2241 unoquovis
1686 2188 1845 2240 spiritu

364 2256 409 2289 et
437 2249 601 2301 angelo
623 2249 799 2301 profluit
825 2249 1015 2301 sphaera
1040 2252 1218 2299 amoris,
1243 2257 1289 2291 et
1316 2251 1418 2291 inde
1437 2250 1627 2304 sphaera
1652 2250 1743 2290 veri
1765 2256 1842 2291 aut

364 2311 462 2351 falsi
494 2310 599 2362 ejus,
634 2317 680 2350 et
712 2311 797 2351 hoc
831 2312 1201 2366 circumquaque;
1241 2314 1406 2353 exinde
1438 2319 1507 2353 est
1539 2312 1658 2365 quod
1690 2325 1847 2353 omnes
1904 2366 1906 2369 ἱ

365 2374 544 2426 spiritus
582 2375 796 2425 cognosci
834 2375 1008 2426 possint
1046 2375 1200 2428 quales
1237 2382 1355 2423 sunt,
1390 2375 1534 2415 solum
1565 2389 1624 2415 ex
1656 2374 1847 2428 sphaera

365 2435 582 2488 spirituali
614 2436 877 2476 exundante
909 2451 967 2476 ex
999 2437 1100 2485 illis,
1129 2444 1174 2478 et
1206 2438 1325 2491 quod
1357 2438 1601 2478 secundum
1633 2437 1847 2490 sphaeras

366 2498 464 2538 illas
483 2496 737 2550 conjunffio
760 2499 822 2538 eis
845 2499 903 2539 sit
926 2512 1026 2539 cum
1050 2501 1484 2553 societatibus,quae
1507 2499 1661 2540 similis
1684 2500 1848 2540 amoris

366 2567 412 2600 et
443 2561 544 2600 inde
577 2560 732 2600 similis
758 2561 849 2600 veri
880 2567 957 2601 aut
990 2561 1086 2602 salsi
1118 2569 1249 2612 sunt3
1283 2562 1345 2602 illi
1377 2563 1449 2615 qui
1481 2562 1525 2602 in
1557 2575 1709 2603 amore
1740 2562 1847 2603 boni

366 2629 411 2662 et
435 2623 537 2662 inde
555 2624 646 2662 veri
670 2628 772 2663 sunt
796 2635 896 2663 cum
920 2624 1212 2664 societatibus
1234 2624 1360 2672 caeli,
1382 2630 1428 2664 et
1454 2624 1517 2664 illi
1535 2625 1607 2678 qui
1629 2625 1672 2664 in
1695 2637 1848 2666 amore

367 2684 472 2724 mali
498 2691 544 2725 et
570 2685 672 2725 inde
698 2685 795 2725 salsi
822 2692 926 2726 sunt
959 2699 1059 2726 cum
1091 2687 1384 2727 societatibus
1416 2687 1584 2727 inferni.
1645 2686 1846 2727 Asseve-

367 2761 462 2788 rare
490 2761 670 2800 possum
696 2748 814 2800 quod
842 2761 897 2788 ne
919 2749 1099 2801 quidem
1123 2762 1208 2789 una
1231 2751 1451 2802 cogitatio
1473 2750 1644 2803 spiritui
1667 2755 1712 2790 et
1735 2763 1847 2803 quo-

368 2823 453 2861 que
480 2810 649 2849 homini
676 2811 748 2858 sit,
778 2824 890 2863 quae
918 2824 1007 2851 non
1034 2825 1112 2864 per
1134 2812 1372 2864 sphaeram
1395 2811 1516 2852 illam
1543 2812 1847 2852 communicat

369 2884 470 2911 cum
502 2872 650 2925 aliqua
683 2873 929 2913 societate:
972 2874 1091 2926 quod
1123 2875 1186 2914 ita
1225 2875 1282 2914 sit
1321 2874 1457 2914 homo
1497 2873 1642 2914 adhuc
1682 2873 1844 2920 nescit,

370 2935 449 2974 sed
491 2934 576 2974 hoc
615 2949 674 2975 ex
712 2935 848 2976 mille'
871 2937 1161 2989 experientiis
1202 2938 1244 2976 in
1283 2937 1449 2976 mundo
1482 2936 1698 2990 spirituali
1738 2935 1846 2975 mihi

370 2997 541 3048 patuit;
574 3011 708 3049 quare
731 2998 866 3038 etiam
894 2999 998 3038 dum
1022 2998 1316 3052 explorantur
1338 2999 1516 3052 spiritus
1542 2998 1697 3051 quales
1723 3003 1844 3046 sunt,
