2054 3464
418 357 530 398 2180
831 365 1159 399 APOCALYPSIS
1190 366 1484 398 EXPLICATA.

418 475 666 528 percussit;
694 475 749 515 de
775 489 864 528 quo
889 475 953 515 ita
974 475 1016 515 in
1042 475 1181 516 Libro
1202 474 1361 517 Primo
1386 467 1621 524 Samuelis,

487 568 613 599 “Dixit
632 568 746 599 David
763 570 807 599 ad
828 569 978 606 Saulem,
999 569 1152 601 Pascens
1172 569 1237 600 fuit
1256 579 1379 601 servus
1399 576 1478 601 tuus
1498 570 1588 609 patri
1608 579 1672 601 suo
1691 579 1845 610 gregem,
1862 575 1898 602 et

593 612 691 643 venit
708 612 773 649 leo,
785 618 819 643 et
836 612 976 652 quidem
995 622 1073 643 cum
1091 622 1183 650 urso,
1197 618 1232 643 et
1248 613 1390 644 abstulit
1407 613 1575 652 pecudem
1592 613 1636 644 de
1652 623 1758 653 grege
1774 622 1781 650 ;
1804 613 1896 644 exivi

595 661 675 694 post
692 665 782 692 eum,
804 661 838 686 et
858 656 1013 695 percussi
1034 665 1130 687 eum.
1144 680 1151 687 .
1166 665 1192 692 .;
1217 662 1251 687 et
1271 665 1347 686 cum
1373 662 1531 695 surgeret
1550 662 1673 687 contra
1695 665 1762 694 me,
1775 665 1899 696 appre-

594 698 699 728 hendi
724 699 868 729 barbam
894 698 980 738 ejus,
1001 705 1036 729 et
1061 699 1216 738 percussi
1240 709 1320 730 eum
1345 706 1379 730 et
1403 699 1512 730 occidi
1536 708 1638 736 eum;
1662 705 1733 730 tam
1758 699 1896 730 leonem

593 751 697 781 quam
715 751 835 772 ursum
856 742 1026 781 percussit
1047 751 1169 773 servus
1193 748 1294 773 tuus:
1320 742 1385 773 erit
1409 752 1493 781 ergo
1520 741 1770 776 philisthaeus.
1785 750 1899 781 ‚prae-

593 784 756 823 putiatus,
771 785 859 815 sicut
875 794 966 815 unus
980 785 1023 815 de
1041 785 1119 822 illis,
1132 795 1174 816 eo
1187 785 1279 826 quod
1292 785 1481 825 opprobrio
1498 785 1742 825 provocaverit
1755 785 1897 817 ordines

590 827 659 857 Dei
679 827 749 858 vivi
761 826 778 838 '’
795 827 889 866 (xvii.
908 829 1027 866 34-37)
1042 837 1048 859 :

421 925 540 978 quod
559 925 723 965 Davidi
742 925 851 965 data
867 926 926 966 sit
945 926 1153 979 potentia
1170 926 1452 979 percutiendi
1470 925 1648 966 leonem
1667 931 1713 966 et
1730 937 1896 974 ursum,

421 987 494 1039 qui
524 987 714 1028 abstulit
745 988 965 1040 pecudem
1002 988 1057 1028 de
1092 1001 1248 1040 grege,
1289 994 1387 1028 erat
1422 988 1524 1040 quia
1555 1001 1633 1040 per
1672 987 1898 1028 Davidem

420 1050 853 1102 repraesentabatur
894 1050 1116 1090 Dominus
1156 1050 1305 1102 quoad
1346 1049 1559 1089 Divinum
1591 1049 1776 1098 Verum,
1809 1062 1898 1102 quo

421 1112 486 1153 illi
500 1112 573 1165 qui
591 1112 648 1152 ab
665 1111 858 1152 ecclesia
877 1111 1021 1164 Ipsius
1039 1117 1144 1152 sunt
1161 1113 1441 1152 instruuntur
1459 1125 1467 1161 ;
1494 1118 1540 1152 et
1555 1125 1633 1164 per
1647 1116 1672 1132 ‘⁶
1685 1110 1897 1152 leonem·’'

422 1173 700 1227 significatur
721 1175 928 1226 potentia
950 1173 1099 1213 Divini
1122 1173 1230 1214 Veri
1253 1174 1511 1226 spiritualis,
1534 1180 1581 1214 et
1611 1174 1655 1214 in
1685 1173 1899 1226 opposito

422 1250 571 1284 sensu,
613 1242 661 1275 ut
701 1235 787 1283 hic,
820 1236 1028 1288 potentia
1065 1235 1166 1275 falsi
1205 1235 1434 1275 infernalis
1477 1241 1638 1275 contra
1685 1235 1898 1275 Divinum

422 1297 622 1347 Verum;
654 1310 706 1337 ac
738 1311 816 1350 per
841 1297 1061 1337 “ursum'’
1079 1296 1358 1349 significatur
1382 1298 1591 1349 potentia
1616 1296 1767 1339 Divini
1788 1295 1900 1337 Veri

414 1359 658 1407 naturalis,
690 1365 736 1399 et
762 1360 805 1398 in
845 1360 1058 1411 opposito
1099 1372 1232 1398 sensu
1267 1360 1476 1411 potentia
1514 1359 1614 1399 falsi
1652 1364 1813 1400 contra
1854 1358 1899 1399 id

422 1434 606 1471 Verum;
638 1435 717 1473 per
744 1420 1037 1473 “pecudem''
1067 1426 1221 1460 autem
1247 1421 1302 1460 de
1333 1434 1486 1473 grege,
1506 1420 1816 1473 significantur
1835 1419 1900 1462 illi

423 1484 497 1536 qui
527 1483 584 1523 ab
614 1482 808 1523 ecclesia
839 1482 1023 1522 Domini
1045 1488 1180 1532 sunt;
1211 1488 1258 1522 et
1283 1483 1386 1535 quia
1417 1483 1529 1522 haec
1555 1489 1900 1535 repraesentata

423 1550 544 1593 sunt,
568 1545 671 1584 ideo
697 1545 805 1585 data
836 1551 906 1584 est
933 1544 1097 1584 Davidi
1128 1545 1336 1596 potentia
1360 1545 1642 1597 percutiendi
1671 1558 1821 1586 ursum
1851 1552 1904 1588 et

424 1607 619 1654 leonem,
634 1613 681 1647 ut
698 1621 776 1659 per
791 1607 834 1646 id
852 1612 1272 1659 repraesentaretur
1286 1612 1332 1646 et
1350 1606 1678 1658 significaretur
1692 1608 1900 1660 potentia

425 1668 609 1709 Domini
632 1668 812 1708 tutandi
834 1682 939 1708 suos
957 1669 1000 1707 in
1019 1667 1211 1708 ecclesia
1233 1681 1312 1720 per
1330 1667 1543 1708 Divinum
1569 1681 1696 1708 suum
1712 1668 1898 1718 Verum,

425 1746 450 1772 a
472 1732 593 1772 falsis
616 1732 721 1772 mali
744 1746 856 1785 quae
879 1732 935 1771 ab
952 1731 1137 1771 inferno.
1200 1730 1333 1783 Quod
1352 1731 1498 1771 David
1516 1731 1901 1785 “apprehenderit

423 1795 608 1835 barbam
629 1794 754 1842 ursi,''
771 1793 960 1834 involvit
978 1806 1205 1842 arcanum,
1225 1794 1343 1846 quod
1362 1794 1715 1847 quidem-aperiri
1732 1800 1899 1847 potest,

425 1857 503 1897 sed
530 1858 605 1896 vix
633 1856 978 1909 comprehendi:
1016 1855 1220 1896 “barba’'
1242 1855 1466 1908 significat
1494 1856 1702 1896 Divinum
1730 1855 1900 1897 Verum

425 1919 468 1958 in
491 1918 672 1966 ultimis,
696 1919 740 1958 in
767 1932 853 1971 quo
879 1919 974 1971 ipsa
997 1919 1203 1971 potentia
1228 1917 1318 1970 ejus
1345 1919 1577 1968 consistit;
1610 1918 1726 1971 quod
1748 1931 1902 1959 verum

424 1981 562 2021 etiam
594 1981 698 2020 mali
730 1981 802 2033 iqui
838 1981 881 2020 in
918 1980 1037 2020 falsis
1069 1986 1173 2020 sunt
1206 1994 1282 2020 ore
1313 1980 1491 2033 quidem
1522 1980 1681 2029 serunt,
1715 1979 1793 2021 sed
1823 1979 1901 2020 illo

425 2044 668 2084 abutuntur
686 2044 741 2084 ad
765 2044 1086 2083 destruendum
1103 2056 1112 2092 ;
1140 2057 1227 2096 quo
1245 2049 1398 2083 tamen
1417 2042 1585 2090 ablato,
1606 2055 1695 2082 non
1713 2042 1902 2096 amplius

426 2105 512 2145 illis
544 2105 690 2158 aliqua
723 2107 929 2158 potentia
961 2112 1056 2155 est;
1099 2119 1233 2158 quare
1266 2117 1414 2145 ursum
1447 2105 1611 2145 occidit
1643 2110 1688 2145 et
1725 2104 1902 2145 leonem

425 2169 643 2221 percussit
661 2183 670 2218 ;
704 2169 781 2208 sed
800 2169 855 2208 de
873 2168 956 2208 hac
980 2182 1026 2208 re
1044 2168 1147 2208 alibi
1170 2167 1307 2220 plura.
1356 2167 1436 2207 Per
1454 2167 1714 2208 Goliathum
1733 2173 1899 2215 autem,

426 2231 498 2284 qui
541 2237 638 2271 erat
684 2231 999 2279 Philisthaeus‚
1047 2237 1092 2271 et
1138 2230 1240 2270 inde
1285 2236 1472 2270 vocatur
1518 2228 1902 2282 “praeputiatus,''

427 2292 735 2345 significantur
765 2293 827 2333 illi
859 2294 931 2345 qui
967 2294 1010 2332 in
1042 2293 1157 2333 veris
1189 2292 1356 2345 absque
1393 2292 1512 2332 bono
1549 2298 1678 2340 sunt;
1721 2297 1766 2331 et
1797 2305 1902 2332 vera

427 2355 594 2408 absque
625 2355 759 2403 bono,
788 2362 891 2395 sunt
918 2368 1023 2394 vera
1054 2354 1302 2401 falsificata,
1330 2366 1442 2406 quae
1474 2354 1518 2392 in
1549 2366 1596 2393 se
1628 2352 1738 2392 falsa
1768 2359 1899 2393 sunt:

430 2420 455 2437 “
468 2418 774 2471 praeputiatus
787 2417 805 2431 ‘’
821 2417 1043 2469 significat
1058 2416 1158 2456 illos
1173 2417 1244 2469 qui
1262 2417 1305 2456 in
1322 2416 1490 2468 spurcis
1505 2415 1727 2455 amoribus
1742 2428 1902 2468 corpo-

427 2480 511 2520 reis
529 2486 647 2527 sunt,
666 2492 767 2519 nam
784 2480 1063 2532 praeputium
1078 2478 1164 2518 illis
1183 2478 1406 2518 amoribus
1421 2477 1742 2530 correspondet
1762 2491 1771 2527 ;
1798 2477 1903 2518 inde

427 2548 555 2595 patet
571 2542 674 2595 quid
692 2540 876 2581 victoria
895 2541 1078 2580 Davidis
1096 2553 1225 2593 super
1240 2539 1501 2580 Goliathum
1519 2539 1902 2592 repraesentabat.

429 2604 504 2645 Ex
530 2604 599 2644 his
625 2610 834 2644 constare
861 2609 1028 2656 potest,
1049 2602 1165 2643 unde
1191 2608 1275 2651 est,

495 2705 598 2746 Quod
617 2704 731 2736 David
749 2714 768 2735 a
782 2703 982 2743 Chuschajo
997 2710 1218 2743 comparetur
1233 2712 1315 2734 urso
1330 2703 1453 2733 orbato
1467 2701 1502 2733 in
1516 2711 1602 2742 agro
1615 2700 1648 2741 (2
1664 2701 1753 2733 Sam.
1766 2700 1847 2733 xvii.
1862 2700 1903 2742 8).

487 2805 576 2859 [d.]
619 2804 758 2858 Apud
782 2803 1026 2852 Danielem,

495 2901 616 2934 Bestia
631 2900 740 2931 altera
753 2899 946 2940 ascendens
961 2909 979 2930 e
996 2898 1094 2935 mari,
1109 2897 1260 2929 “similis
1272 2907 1364 2935 urse,
1379 2903 1413 2928 et
1429 2897 1473 2928 ad
1487 2897 1578 2928 latus
1591 2895 1667 2936 ejus
1681 2895 1791 2927 erexit
1807 2904 1854 2933 se,
1869 2900 1904 2926 et

602 2950 672 2974 tres
697 2949 815 2974 costae
843 2943 878 2973 in
907 2952 966 2972 ore
995 2942 1070 2981 ejus
1095 2942 1186 2972 inter
1209 2941 1331 2971 dentes
1356 2940 1454 2980 ejus;
1487 2940 1666 2980 insuper..
1682 2939 1840 2970 dicentes
1859 2938 1902 2975 ei,

603 2987 721 3026 Surge,
739 2986 883 3017 comede
900 2995 1040 3016 carnem
1058 2984 1204 3015 multam
1217 2983 1235 2995 ’'
1253 2983 1322 3023 (vii.
1342 2984 1391 3023 5):
