2008 3458
402 371 513 416 2254
812 371 1141 405 APOCALYPSIS
1172 373 1468 408 EXPLICATA.

400 481 678 534 spiritualem
696 483 897 531 veniunt,
918 483 960 524 in
980 490 1050 525 tot
1068 484 1189 525 salsis
1212 485 1300 526 sint
1319 491 1367 527 ut
1385 486 1463 526 vix
1481 498 1615 526 unum
1633 486 1875 539 genuinum
1918 503 1919 507 ¹
1979 477 1982 479 Α
2002 493 2008 507 ’

399 557 552 585 verum
590 546 759 586 sciant:
806 546 937 587 aliter
970 561 1076 588 vero
1110 547 1174 588 illi
1207 549 1279 601 qui
1316 562 1407 589 non
1443 548 1764 591 confirmarunt
1798 549 1884 591 illa.

398 607 515 659 apud
548 621 608 655 se,
637 613 683 648 et
715 608 844 648 simul
877 609 1071 662 aliquam
1097 611 1237 651 vitam
1270 610 1385 659 fidei,
1413 625 1527 664 quae
1559 617 1629 652 est
1661 611 1874 663 charitas,

398 669 609 710 vixerunt
631 684 638 719 ;
673 670 717 710 hi
740 678 927 723 possunt
951 673 1107 712 instrui
1131 673 1175 712 in
1198 673 1313 713 veris
1336 672 1453 721 fidei,
1477 679 1523 713 et
1546 686 1646 714 cum
1671 673 1876 717 instruffi

400 737 518 779 sunt,
546 733 681 785 recipi
707 733 824 773 inter
849 734 1038 786 angelos
1065 735 1108 774 in
1136 734 1288 776 caelo:
1328 748 1432 775 nam
1458 749 1637 788 prorsus
1661 735 1779 776 aliud
1805 742 1898 778 est‘

399 792 508 833 talia
540 795 722 835 credere
755 794 841 836 fide
878 796 1156 845 confirmata,
1192 804 1238 838 et
1275 798 1336 838 sic
1374 798 1524 846 corde,
1559 811 1610 838 ac
1647 798 1767 839 aliud
1803 805 1875 841 est
1905 794 1907 797 ’

399 855 581 896 credere
604 856 681 897 illa
703 857 789 898 fide
817 871 906 898 non
930 858 1210 901 confirmata.
1885 854 1898 862 x

480 916 566 971 (x.)
621 918 748 969 Quod
771 920 889 973 fides
922 921 1106 962 salvans
1132 928 1330 974 prorsus
1360 921 1452 963 alia
1488 922 1579 971 sz't,·
1621 921 1678 963 de
1711 936 1798 977 qua
1830 923 1876 964 in
1907 947 1916 953 ·

400 992 510 1020 mox
533 982 836 1034 sequentibus.

477 1051 616 1093 806.
655 1053 861 1097 “Quot-um
890 1067 966 1093 non
994 1054 1149 1107 sumpta
1177 1055 1334 1095 nomina
1362 1054 1401 1094 in
1428 1055 1529 1095 libro
1560 1055 1661 1099 vitae
1683 1055 1879 1108 lym?—

400 1110 533 1164 Quod
563 1114 785 1166 significet
817 1114 871 1155 ab
902 1115 1097 1156 omnibus
1129 1116 1207 1169 qui
1233 1129 1315 1156 non
1346 1115 1606 1168 spirituales
1625 1115 1751 1168 sadi
1775 1121 1881 1158 sunt

392 1181 478 1226 per
518 1177 884 1228 regenerationem
924 1192 951 1218 a
990 1178 1186 1227 Domino,
1230 1184 1412 1219 constat
1449 1193 1508 1219 ex
1549 1178 1877 1231 significatione

401 1239 710 1288 “nominum,’'
743 1241 861 1293 quod
894 1241 950 1281 sit
982 1240 1136 1294 quales
1168 1248 1286 1289 sunt,
1320 1254 1423 1282 nam
1455 1255 1533 1294 per
1566 1241 1802 1282 “nomen'’
1832 1241 1876 1283 in

399 1299 554 1341 Verbo
577 1301 850 1354 significatur
871 1304 1002 1356 quale
1025 1305 1085 1344 rei
1108 1310 1154 1345 et
1177 1310 1336 1352 status,
1361 1310 1407 1345 et
1432 1304 1518 1345 hoc
1541 1318 1600 1344 ex
1622 1317 1755 1345 causa
1776 1305 1877 1358 quia

397 1363 441 1403 in
479 1364 646 1404 mundo
682 1366 898 1418 spirituali
939 1380 1029 1406 non
1070 1373 1172 1407 sunt
1214 1367 1415 1419 personis
1455 1367 1637 1407 nomina
1677 1367 1792 1408 sicut
1831 1367 1876 1408 in

398 1426 566 1466 mundo
589 1427 793 1476 naturali,
815 1429 892 1468 sed
915 1429 1099 1482 quisque
1121 1429 1179 1469 ibi
1202 1430 1459 1470 nominatur
1481 1429 1727 1470 secundum
1745 1429 1877 1483 quale

397 1500 525 1527 suum
548 1497 603 1535 (de
618 1507 682 1535 qua
696 1508 728 1527 re
741 1499 884 1528 videatur
899 1509 1003 1537 supra,
1021 1509 1050 1530 n.
1066 1490 1184 1541 676);
1211 1496 1258 1530 et
1277 1504 1335 1530 eX
1353 1490 1684 1542 Significatione
1704 1491 1876 1532 “scribi

396 1547 440 1587 in
466 1547 578 1588 libro
600 1549 719 1590 vitae
742 1549 906 1602 Agni,’‘
928 1551 1047 1603 quod
1070 1551 1127 1591 sit
1149 1551 1192 1591 in
1215 1564 1367 1591 amore
1390 1557 1435 1591 et
1458 1550 1543 1592 fide
1565 1551 1609 1591 in
1633 1551 1876 1592 Dominum

397 1621 496 1648 esse
523 1619 577 1656 (de
593 1629 656 1656 qua
670 1629 774 1658 supra,
791 1630 820 1650 n.
841 1622 929 1662 199,
955 1622 1048 1655 222,
1070 1621 1182 1663 299),
1210 1612 1273 1652 ita
1303 1625 1481 1664 quoque
1512 1611 1754 1664 spiritualis
1784 1611 1876 1652 fieri

397 1682 475 1720 per
499 1672 889 1722 regenerationem
916 1672 972 1711 ab
1000 1672 1129 1725 Ipso;
1157 1685 1260 1712 nam
1286 1672 1348 1712 illi
1374 1673 1446 1725 qui
1471 1673 1515 1712 in
1541 1685 1693 1713 amore
1719 1678 1765 1713 et
1790 1671 1877 1714 fide

395 1731 438 1771 in
472 1732 713 1773 Dominum
745 1747 771 1773 a
803 1733 998 1774 Domino
1030 1740 1147 1782 sunt,
1176 1734 1427 1787 spirituales
1459 1734 1583 1782 fiunt,
1607 1747 1733 1775 amor
1757 1735 1875 1775 enim

396 1800 441 1834 et
481 1793 591 1835 fides
631 1794 809 1836 illorum
846 1796 1087 1848 spiritualis
1127 1803 1210 1844 est,
1253 1803 1299 1837 et
1340 1810 1515 1850 quoque
1554 1795 1618 1836 illi
1659 1801 1763 1837 sunt
1802 1797 1876 1850 qui

394 1863 614 1897 vocantur
654 1860 921 1910 regenerati,
957 1873 1007 1899 ac
1046 1859 1360 1911 intelliguntur
1397 1872 1475 1911 per
1510 1857 1612 1898 illos
1652 1862 1875 1911 “quorum

395 1920 578 1960 nomina
603 1922 770 1973 scripta
796 1928 900 1961 sunt
932 1922 975 1961 in
1009 1921 1120 1962 libro
1146 1923 1266 1962 vitae
1293 1920 1455 1974 Agni.”
1528 1921 1639 1961 Inde
1665 1926 1876 1962 constare

394 1988 547 2034 potest
574 1984 691 2036 quod
719 1998 796 2036 per
821 1985 1040 2024 “nomina
1062 1985 1228 2037 scripta
1255 1985 1299 2024 in
1326 1984 1438 2024 libro
1460 1984 1580 2024 vitae
1607 1982 1762 2036 Agni''
1784 1996 1874 2024 non

394 2044 675 2097 intelligatur
697 2046 815 2099 quod
847 2060 999 2086 eorum
1032 2047 1213 2086 nomina
1245 2046 1303 2086 ibi
1335 2047 1440 2094 sint,
1467 2046 1546 2086 sed
1573 2046 1691 2098 quod
1722 2058 1874 2086 eorum

397 2106 528 2159 quale
551 2108 614 2147 ita
638 2109 708 2156 sit,
734 2122 909 2161 nempe,
935 2109 1053 2162 quod
1076 2108 1329 2162 spirituales
1350 2106 1453 2149 facti
1476 2109 1565 2149 sint
1587 2122 1665 2161 per
1685 2121 1874 2160 regene-

394 2170 615 2209 rationem
652 2184 677 2210 a
712 2170 921 2211 Domino.
998 2171 1049 2211 In
1083 2171 1387 2223 praecedente
1420 2169 1609 2210 articulo
1643 2176 1874 2211 ostensum

394 2238 464 2272 est
488 2229 626 2285 mquid
649 2232 758 2273 fides
781 2248 894 2286 quae
912 2240 1094 2286 recepta
1117 2240 1186 2274 est
1209 2247 1234 2273 a
1257 2234 1482 2273 communi
1505 2239 1638 2273 coetu
1659 2233 1703 2273 in
1726 2233 1873 2274 eccle-

394 2295 483 2345 sia3
517 2308 691 2348 nempe,
721 2302 768 2336 ut
798 2297 1006 2336 credatur
1031 2296 1150 2349 quod
1183 2296 1304 2336 Deus
1336 2296 1469 2342 Pater
1494 2295 1662 2335 miserit
1695 2294 1872 2343 Filium,

395 2362 443 2397 ut
480 2370 557 2409 per
598 2357 729 2397 Illum
771 2358 827 2398 sit
869 2359 1142 2410 propitiatio,
1182 2357 1499 2405 misericordia,
1538 2357 1790 2410 redemptio
1826 2364 1873 2398 et

394 2418 599 2467 salvatio,
620 2426 714 2460 tum
734 2421 852 2472 quod
877 2420 1012 2460 Filius
1037 2420 1119 2460 Dei
1137 2421 1382 2472 portaverit
1401 2420 1659 2472 iniquitates
1677 2425 1870 2468 nostras,

394 2482 512 2535 quod
534 2482 786 2522 intercedat
809 2496 888 2535 pro
911 2482 1051 2529 nobis,
1076 2482 1282 2535 quodque
1308 2482 1514 2522 meritum
1539 2481 1680 2534 Ipsius
1707 2481 1874 2534 suppli-

395 2545 600 2585 cantibus
627 2559 685 2584 ex
712 2544 872 2585 fiducia
898 2551 944 2584 et
976 2544 1251 2584 confidentia
1282 2544 1540 2594 addicatur;
1573 2543 1692 2596 quod
1723 2544 1874 2584 omnia

394 2606 470 2647 illa
500 2607 589 2648 sint
621 2620 763 2647 vanae
795 2620 942 2655 voces,
977 2607 1020 2646 in
1052 2607 1207 2659 quibus
1240 2605 1348 2646 nihil
1373 2607 1465 2646 veri
1497 2606 1742 2646 secundum
1774 2606 1870 2659 opi-

394 2670 574 2710 nionem
606 2670 892 2717 eruditorum,
926 2675 972 2709 et
1003 2669 1106 2708 inde
1138 2667 1246 2708 nihil
1284 2668 1440 2708 salutis
1472 2668 1544 2716 sit,
1577 2668 1620 2708 in
1659 2668 1872 2720 superiori

393 2731 582 2772 articulo
619 2732 877 2783 expositum
911 2737 992 2771 est.
1060 2729 1193 2782 Quod
1230 2729 1307 2770 illa
1342 2743 1485 2770 vanae
1518 2742 1653 2770 voces
1689 2731 1792 2777 sint,
1829 2730 1873 2770 in

393 2794 551 2846 quibus
597 2793 706 2833 nihil
746 2794 851 2841 veri,
894 2798 1103 2833 constare
1148 2798 1302 2845 potest
1348 2806 1407 2832 ex
1448 2791 1603 2832 Verbo
1641 2791 1696 2832 de
1736 2804 1871 2832 causa

393 2857 616 2897 adventus
653 2856 834 2896 Domini
867 2856 909 2895 in
948 2855 1177 2903 mundum,
1218 2860 1263 2895 et
1305 2867 1380 2895 cur
1416 2867 1573 2907 passus
1610 2860 1706 2904 est;
1749 2853 1868 2906 quod

394 2932 555 2972 nempe
588 2918 806 2958 Dominus
838 2918 880 2957 in
908 2917 1121 2957 mundum
1147 2917 1318 2957 venerit
1345 2917 1402 2956 ad
1433 2915 1699 2956 salvandum
1730 2928 1872 2968 genus

393 2980 651 3030 humanum,
685 2980 803 3033 quod
835 2980 998 3033 alioqui
1023 2979 1238 3033 'periisset
1271 2985 1416 3019 morte
1455 2984 1665 3028 aeterna;
1708 2983 1753 3018 et
1790 2989 1871 3029 per
