2008 3458
398 375 507 419 2352
813 374 1143 408 APOCALYPSIS
1174 375 1472 408 EXPLICATA.

396 487 520 528 tione
551 493 634 535 est,
669 486 743 527 ille
776 493 928 539 potest
959 500 1064 528 vera
1100 487 1315 529 ecclesiae
1347 488 1498 529 videre
1529 489 1808 533 rationaliter
1835 491 1882 544 in

397 550 578 597 mundo,
606 563 657 589 ac
691 549 980 602 spiritualiter
1005 556 1107 602 post
1134 557 1339 591 mortem.
1400 551 1466 591 At
1492 565 1598 592 vero
1625 565 1683 593 ex
1715 551 1881 596 lumine

397 611 588 652 naturali
629 618 839 664 separato
879 626 904 652 a
938 611 1035 652 luce
1077 613 1306 666 spirituali,
1341 627 1453 667 quae
1491 621 1559 655 est
1597 614 1675 655 lux
1708 614 1880 659 caeli-a

397 673 608 721 Domino,
637 675 802 714 intrare
828 675 871 714 in
898 688 967 715 res
999 675 1230 723 ecclesiae,
1259 689 1371 728 quae
1403 677 1586 716 interius
1618 683 1722 718 sunt
1753 677 1881 730 spiri·-

395 736 541 776 tuales
568 742 613 776 et
640 736 873 785 caelestes,
899 743 967 777 est
990 737 1198 790 progredi
1224 738 1399 778 inverso
1424 739 1592 787 ordine,
1617 746 1721 779 nam
1740 745 1880 781 *flatui-

395 798 485 838 rale
509 812 597 838 non
621 805 772 851 potest
795 799 958 839 intrare
981 799 1024 839 in
1047 799 1289 851 spirituale,
1309 800 1387 840 sed
1411 800 1638 852 spirituale
1661 807 1813 854 potest
1833 801 1879 842 in

395 860 623 911 naturale;
657 874 746 901 non
768 861 885 901 enim
908 862 1039 902 datur
1059 862 1251 902 influxus
1273 862 1487 903 naturalis
1509 863 1626 915 apud
1652 863 1879 905 hominem

394 924 436 962 in
480 922 571 975 ejus
612 923 789 975 spiritus
826 925 1127 976 cogitationes
1163 938 1213 965 ac
1251 925 1540 974 intentiones,
1573 926 1647 978 qui
1685 924 1880 969 influxus

394 985 530 1025 etiam
547 992 734 1026 vocatur
752 986 974 1038 physicus,
988 986 1066 1027 sed
1089 987 1220 1027 datur
1236 987 1428 1027 influxus
1451 987 1702 1039 spiritualis,
1717 1001 1878 1041 nempe

393 1048 719 1099 cogitationum
745 1061 797 1088 ac
829 1049 1130 1089 intentionum
1162 1050 1340 1102 spiritus
1366 1050 1409 1090 in
1437 1063 1610 1102 corpuS,
1638 1063 1690 1091 ac
1715 1050 1759 1091 in
1785 1049 1879 1103 ejus

392 1108 590 1150 affiones
617 1117 662 1150 et
689 1111 981 1151 sensationes.

471 1174 600 1227 847.
632 1174 918 1214 “Efnumems
939 1174 1027 1227 ejus
1050 1178 1249 1215 sexcenta
1270 1175 1487 1228 sexaginta
1508 1179 1552 1215 et
1568 1173 1878 1228 sust—Quod

393 1238 613 1290 significet
636 1239 754 1292 quod
773 1253 908 1292 usque
928 1239 1056 1292 quale
1075 1240 1164 1293 <jus
1187 1239 1247 1280 sz't
1267 1254 1322 1279 ex
1342 1239 1538 1280 omnibus
1549 1239 1694 1292 falsis
1717 1246 1760 1280 et
1779 1240 1881 1282 inde

392 1301 588 1341 omnibns
614 1301 744 1342 malis
770 1301 815 1342 in
845 1301 1080 1354 complexu,
1110 1308 1289 1343 constat
1316 1316 1373 1342 ex
1402 1301 1728 1354 significatione
1755 1306 1876 1344 “nu-

393 1363 539 1411 meri,”
553 1364 671 1416 quod
695 1365 750 1404 sit
773 1364 903 1417 quale
927 1363 1028 1404 fidei
1051 1371 1286 1416 separatae
1309 1378 1333 1404 a
1351 1365 1442 1405 vita
1462 1378 1471 1415 ;
1504 1371 1549 1405 et
1573 1378 1631 1405 ex
1654 1364 1876 1417 significa-

392 1426 514 1465 tione
540 1429 797 1466 “sexcenta
829 1427 1071 1479 sexaginta
1103 1426 1224 1475 sex,”
1247 1426 1367 1479 quod
1394 1427 1482 1467 sint
1514 1427 1663 1467 omnia
1693 1427 1806 1468 falsa
1829 1433 1877 1470 et

391 1489 493 1528 inde
516 1489 665 1529 omnia
691 1489 808 1529 mala
834 1490 876 1529 in
900 1489 1168 1541 complexu3
1202 1490 1320 1542 quod
1347 1490 1382 1530 is
1405 1503 1612 1530 numerus
1633 1489 1711 1530 illa
1735 1491 1876 1544 signi-

392 1550 509 1599 ficet,
538 1557 606 1591 est
633 1552 732 1604 quia
760 1555 879 1592 “sex
893 1551 911 1567 ''
937 1551 1190 1604 significant
1217 1552 1379 1600 omnia,
1405 1565 1455 1592 ac
1482 1552 1799 1604 praedicantur
1819 1553 1876 1594 de

391 1614 505 1653 veris
537 1620 582 1654 et
613 1614 715 1654 inde
747 1614 889 1662 bonis,
918 1627 968 1654 ac
1001 1614 1045 1654 in
1077 1614 1286 1667 opposito
1312 1628 1444 1654 sensu
1471 1615 1526 1654 de
1553 1613 1673 1655 salsis
1699 1621 1746 1656 et
1772 1615 1877 1656 inde

392 1676 546 1726 malis;
580 1689 787 1716 numerus
810 1677 928 1717 enim
951 1676 1025 1716 ille
1048 1682 1118 1716 est
1141 1677 1415 1729 compositus
1437 1691 1496 1716 ex
1520 1677 1713 1718 numeris
1735 1687 1759 1718 2
1782 1683 1829 1718 et
1853 1687 1876 1730 3

390 1738 433 1777 in
461 1751 507 1778 se
534 1737 691 1787 ductis,
716 1753 766 1779 ac
794 1731 1002 1779 numerus
1028 1742 1052 1759 ‘⁴
1069 1738 1187 1779 duo'’
1209 1739 1492 1791 praedicatur
1516 1739 1571 1779 de
1594 1739 1736 1788 bonis,
1760 1746 1806 1781 et
1831 1740 1876 1780 in

392 1802 601 1852 opposito
633 1815 765 1841 sensu
802 1801 857 1841 de
895 1801 1037 1850 malis,
1070 1814 1121 1841 ac
1159 1814 1366 1841 numerus
1401 1801 1555 1841 ¹‘tria''
1587 1802 1642 1842 de
1673 1803 1788 1843 veris
1823 1815 1875 1844 ac

392 1863 435 1902 in
462 1864 670 1915 opposito
697 1877 829 1904 sensu
861 1863 916 1904 de
948 1863 1081 1912 falsis,
1110 1877 1160 1904 ac
1194 1876 1402 1903 numerus
1433 1865 1707 1916 compositus
1733 1864 1876 1906 simile

392 1925 614 1977 significat
646 1939 747 1966 cum
779 1927 971 1966 numeris
1009 1926 1282 1979 simplicibus
1318 1940 1376 1966 ex
1413 1927 1570 1979 quibus
1601 1927 1876 1979 compositus

391 1995 487 2038 est;
525 1989 628 2029 inde
660 2003 775 2039 nunc
809 1995 878 2030 est
908 1989 1029 2042 quod
1058 1988 1209 2029 “sex”
1235 1988 1486 2041 significent
1519 1990 1669 2030 omnia
1693 2002 1798 2030 vera
1828 1996 1875 2032 et

390 2051 492 2091 inde
519 2052 668 2091 omnia
693 2053 811 2092 bona
836 2053 879 2092 in
907 2051 1164 2104 complexu,
1189 2064 1240 2091 ac
1266 2052 1310 2091 in
1336 2053 1544 2104 opposito
1570 2065 1702 2092 sensu
1725 2053 1877 2107 omnia

391 2113 500 2153 falsa
522 2120 568 2154 et
591 2114 692 2154 inde
712 2114 829 2154 mala
850 2115 894 2154 in
913 2114 1167 2167 complexu.
1218 2113 1284 2154 Ut
1307 2113 1611 2166 significentur
1629 2114 1783 2160 omnia
1797 2114 1876 2156 illa

391 2176 447 2215 ad
474 2175 668 2228 plenum,
694 2177 793 2217 ideo
817 2177 1066 2229 triplicatur
1088 2175 1162 2216 ille
1185 2189 1406 2224 numerus,
1432 2189 1482 2216 ac
1509 2189 1586 2228 per
1608 2175 1874 2228 triplicatio-

391 2251 494 2278 nem
512 2240 716 2291 exsurgit
735 2245 955 2279 sexcenta
972 2239 1213 2290 sexaginta
1231 2245 1275 2278 et
1299 2251 1380 2278 sex
1399 2252 1407 2287 ;
1435 2252 1511 2290 per
1532 2242 1556 2257 “
1570 2237 1843 2290 triplicatum
1855 2237 1876 2254 ”

391 2301 508 2341 enim
527 2301 801 2354 significatur
819 2315 996 2354 prorsus
1019 2314 1069 2341 ac
1089 2301 1270 2353 plenum
1287 2314 1312 2340 a
1330 2301 1544 2353 principio
1561 2300 1617 2340 ad
1635 2299 1783 2349 finem,
1803 2300 1874 2342 hic

391 2364 540 2416 itaque
567 2365 685 2416 quod
713 2377 892 2416 prorsus
918 2363 1026 2403 nihil
1052 2363 1143 2403 veri
1167 2369 1213 2403 et
1239 2362 1345 2403 boni
1372 2363 1575 2414 supersit.
1638 2361 1772 2415 Quod
1798 2375 1877 2415 per

392 2438 572 2466 ornnem
599 2438 830 2465 numerum
856 2426 900 2466 in
922 2425 1077 2465 Verbo
1102 2424 1376 2477 significetur
1400 2424 1566 2477 aliquid
1591 2425 1654 2465 rei
1679 2430 1754 2466 aut
1781 2431 1876 2465 sta-

392 2494 476 2536 tus,
497 2494 542 2528 et
558 2488 685 2541 quod
707 2485 837 2541 quale
860 2487 952 2541 ejus
970 2487 1291 2527 determinetur
1310 2500 1386 2538 per
1409 2499 1615 2527 numeros
1638 2487 1711 2540 qui
1732 2499 1874 2539 appo·

392 2554 572 2597 nuntur‚
599 2548 809 2588 videatur
833 2561 968 2601 supra
999 2557 1044 2593 (n.
1061 2557 1266 2599 203,429,
1286 2556 1377 2598 574.
1394 2547 1518 2597 841);
1555 2547 1675 2600 quod
1701 2547 1875 2588 numer-i

391 2611 580 2664 majores
607 2618 653 2652 et
680 2612 945 2664 congregati
971 2625 1029 2651 ex
1053 2611 1296 2651 minoribus
1319 2610 1476 2651 similia
1498 2610 1750 2663 significent
1772 2623 1874 2652 cum

392 2675 635 2715 minoribus
666 2681 711 2714 et
743 2674 1030 2726 simplicibus,
1064 2687 1124 2713 ex
1155 2673 1313 2726 quibus
1345 2687 1422 2726 per
1453 2672 1875 2725 multiplicationem

391 2741 646 2788 exsurgunt
678 2746 723 2783 (n.
751 2745 880 2786 430);
921 2735 985 2775 ita
1014 2747 1225 2774 numerus
1258 2738 1521 2774 “sexcenta
1551 2734 1797 2785 sexaginta
1826 2738 1874 2774 et

392 2813 473 2839 sex
489 2799 508 2814 ”
535 2799 693 2839 similia
719 2813 819 2840 cum
849 2798 1008 2847 “seX,''
1031 2805 1076 2839 et
1106 2797 1255 2838 “sex”
1281 2798 1439 2838 similia
1465 2810 1564 2838 cum
1593 2797 1802 2838 “tribus”
1827 2803 1875 2839 et

392 2875 492 2902 cum
520 2862 729 2902 “duobus
742 2861 759 2876 '’
782 2876 840 2902 ex
867 2861 1024 2914 quibus
1050 2874 1128 2913 per
1153 2860 1572 2913 multiplicationem
1595 2866 1872 2912 exsurgunt;

392 2925 512 2978 quod
552 2924 705 2965 “tria”
746 2922 999 2976 significent
1038 2923 1233 2975 plenum,
1276 2922 1565 2974 completum,
1608 2935 1785 2974 prorsus
1825 2927 1872 2962 et

392 2988 555 3037 omnia,
577 3001 601 3027 a
623 2987 838 3040 principio
863 2987 920 3027 ad
946 2986 1093 3035 finem,
1118 2999 1168 3026 ac
1192 2986 1395 3026 dicantur
1418 2985 1473 3025 de
1496 2985 1609 3025 veris
1635 2990 1680 3025 et
1707 2984 1763 3025 de
1789 2982 1872 3024 fal-
