2054 3464
382 378 433 409 221»
443 379 494 410 10
802 374 1127 408 APOCALYPSIS
1156 374 1450 409 EXPLICATA.

447 488 557 521 Dives
581 488 760 528 cogitabat
783 488 877 528 apud
900 498 949 525 se,
975 489 993 502 “
1006 488 1129 520 Dicam
1153 487 1292 520 animae
1316 497 1426 526 meae,
1451 487 1594 526 Anima,
1617 486 1726 519 habes
1750 484 1862 520 multa

554 533 651 563 bona
674 532 831 572 reposita
854 532 891 562 in
915 541 1031 563 annos
1054 531 1207 570 multos;
1237 531 1376 569 feriare,
1396 531 1471 568 ede,
1491 531 1582 568 bibe,
1607 535 1643 562 et
1663 531 1760 562 bono
1782 536 1861 563 esto

553 576 694 607 animo:
721 575 783 606 sed
794 575 882 606 dixit
898 575 930 606 ei
949 574 1056 613 Deus,
1071 574 1260 615 Insipiens,
1273 575 1339 606 hac
1352 573 1458 606 notite
1470 574 1626 606 animam
1640 579 1736 606 tuam
1748 574 1862 615 requi·

554 624 634 650 rent
650 628 671 649 a
687 625 721 650 te
731 617 749 631 ”
767 617 838 658 (xii.
855 627 904 658 19,
922 618 998 658 20);

381 695 500 748 apud
525 694 692 743 Mosen,

447 767 703 835 “CuntiJexiret
726 765 875 841 :guimas
894 766 1085 805 Rachelis„
1100 791 1107 798 .
1123 767 1153 798 .“
1164 766 1306 798 vocavit
1329 776 1461 798 nomen
1481 765 1559 806 ejus
1579 763 1752 799 Benoai”
1766 764 1864 807 (Gen.

566 816 575 830 ¹
588 820 691 842 XXXV.
708 818 722 841 1
773 820 779 826 “

447 855 466 868 “
477 853 608 885 Mortui
622 860 704 885 sunt
721 811 846 885 cirines
862 853 929 884 viri
946 853 1003 894 qui
1021 853 1270 894 quaesiverunt
1283 853 1439 884 animam
1453 858 1550 884 tuam
1562 851 1581 864 '’
1593 851 1716 891 (Exod.
1727 851 1773 884 iv.
1789 850 1863 893 19);

384 913 449 968 [et
476 913 616 967 alibi‚]

447 980 543 1011 “Per
556 989 699 1011 manum
714 980 955 1021 quaerentium
968 979 1124 1011 animam
1134 979 1152 991 ”
1166 985 1263 1011 tuam
1277 978 1418 1021 (Jerem.
1431 980 1501 1012 xix,
1520 987 1548 1019 7,
1562 989 1602 1020 9;
1621 989 1696 1020 cap.
1709 976 1863 1012 [dxxxiv.

555 1031 594 1054 21
623 1032 630 1039 ·

448 1066 545 1108 “Qui
573 1023 760 1098 dztsciverit
791 1066 835 1098 ad
867 1066 1081 1098 Chaldaeos.
1096 1066 1238 1104 ..vivet,
1263 1072 1298 1098 et
1322 1066 1381 1098 fiet
1405 1065 1455 1096 illi
1478 1066 1599 1098 anima
1621 1066 1657 1098 in
1681 1064 1864 1107 spolium'·

555 1109 695 1151 (Jerem.
712 1109 781 1141 xxi.
799 1110 851 1150 9);

448 1152 579 1184 “Dabo
596 1154 750 1184 animam
769 1159 864 1184 tuam
882 1153 917 1184 in
936 1152 1102 1193 praedam
1114 1151 1133 1165 ''
1150 1151 1291 1194 (Jerem.
1309 1153 1378 1184 xlv.
1398 1152 1450 1192 5);

449 1196 572 1228 “Num
592 1196 657 1231 erit
680 1197 746 1227 hoc
764 1196 938 1236 jejunium
958 1196 1052 1236 quod
1076 1196 1216 1236 eligam,
1233 1196 1309 1227 dies
1333 1206 1403 1237 quo
1427 1195 1558 1236 affliget
1580 1196 1690 1228 homo
1706 1195 1862 1228 animam

556 1249 657 1271 suam
666 1239 699 1272 ?’'
723 1239 833 1280 (Esai.
851 1239 935 1271 lviii.
957 1247 973 1278 5
990 1239 1012 1278 ;)

451 1282 550 1314 Dixit
575 1282 722 1314 Reuben
753 1283 798 1314 ad
822 1282 948 1314 fratres
972 1283 1015 1314 de
1039 1281 1208 1324 josepho,
1229 1281 1311 1313 “Ne
1335 1283 1573 1322 percutiamus
1592 1281 1691 1314 illum
1714 1282 1836 1314 anima
1845 1281 1864 1295 ”

575 1326 652 1358 Gen.
670 1326 800 1358 xxxvii.
821 1334 859 1356 21
889 1335 896 1363 ;

452 1370 471 1383 “
482 1325 615 1400 Aniina
631 1379 695 1409 pro
709 1370 837 1406 anima,
856 1327 980 1400 deuius
997 1378 1061 1409 pro
1078 1368 1190 1406 oculo,
1208 1368 1296 1400 dens
1316 1378 1380 1408 pro
1397 1368 1503 1400 dente
1516 1367 1534 1381 ’'
1551 1367 1684 1408 (Deutr.
1700 1368 1770 1400 xix.
1788 1367 1842 1408 21)
1856 1377 1863 1406 ;

451 1413 470 1427 “
483 1412 564 1443 Non
579 1410 763 1452 [³1accipies
777 1413 909 1443 molam
926 1418 987 1443 aut
1003 1412 1174 1443 molarem
1191 1412 1227 1443 in
1245 1412 1384 1452 pignus,
1398 1421 1480 1443 nam
1493 1412 1650 1443 animam
1667 1412 1725 1444 ille
1741 1411 1865 1453 recipit

558 1456 593 1486 in
611 1456 739 1495 pignus
752 1455 768 1468 '’
786 1456 920 1495 (Deutr.
937 1455 1030 1486 xxiv.
1047 1455 1080 1495 6)
1095 1465 1101 1492 ;

450 1498 575 1530 “Dixit
592 1499 788 1536 Schimson,
804 1499 978 1530 Moriatur
993 1498 1113 1529 anima
1129 1508 1208 1530 mea
1224 1508 1301 1530 cum
1322 1497 1576 1532 Philisthaeis⁷'
1588 1498 1692 1540 (Jud.
1704 1498 1773 1530 xvi.
1787 1497 1842 1538 30)
1856 1507 1864 1535 ;

449 1542 547 1574 Dixit
566 1541 681 1573 Isabel
698 1543 742 1573 ad
761 1542 873 1573 Eliam
892 1542 985 1582 quod
1002 1551 1078 1573 cras
1096 1547 1204 1582 ponet
1220 1542 1376 1573 animam
1394 1541 1470 1581 ejus
1488 1542 1577 1574 sicut
1589 1542 1746 1573 animam
1758 1541 1864 1575 unius

556 1586 600 1617 de
618 1586 686 1616 illis
704 1595 711 1623 ;
740 1587 804 1616 “et
820 1586 931 1617 abivit
941 1584 958 1597 '¹
978 1585 1073 1616 Elias
1092 1586 1184 1625 “pro
1200 1585 1320 1616 anima
1336 1583 1463 1616 l⁴lsua”
1479 1585 1511 1624 (1
1529 1585 1610 1626 Reg.
1626 1585 1696 1616 xix.
1714 1592 1743 1622 2,
1761 1585 1814 1625 3);

451 1628 576 1660 Petrus
600 1629 697 1667 dixit,
723 1629 918 1660 “Animam
942 1638 1059 1659 meam
1082 1638 1214 1668 ponam
1239 1638 1304 1668 pro
1323 1628 1394 1665 Te:
1419 1628 1617 1668 respondit.
1631 1627 1761 1670 Jesus·
1778 1627 1865 1660 Ani-

557 1682 700 1703 mamne
717 1678 813 1703 tuam
832 1682 896 1712 pro
914 1671 974 1703 Me
992 1673 1127 1712 pones?
1171 1672 1287 1703 Amen
1305 1671 1394 1709 dico,
1413 1681 1485 1703 non
1503 1678 1605 1703 canet
1620 1671 1736 1712 gallus
1751 1681 1862 1713 usque

558 1716 642 1747 dum
661 1715 721 1747 Me
740 1721 792 1747 ter
808 1715 1042 1755 abnegaveris
1052 1714 1070 1727 '¹
1086 1715 1184 1757 (Jolz.
1202 1715 1272 1746 xiii.
1290 1722 1341 1754 37,
1359 1715 1431 1754 38):

385 1791 429 1832 in
455 1791 524 1831 his
547 1790 658 1832 locis
681 1791 842 1831 dicitur
863 1791 1012 1831 anima
1038 1804 1118 1844 pro
1143 1790 1236 1831 vita
1259 1791 1470 1844 corporis.
1531 1789 1744 1831 Similiter
1769 1789 1864 1831 Do-

384 1855 529 1895 minus
555 1855 671 1894 dixit
698 1854 753 1894 de
780 1854 844 1894 sui
871 1854 1068 1907 corporis
1093 1853 1201 1902 vita,
1229 1853 1346 1906 apud
1371 1852 1704 1906 Evangelz'stas,

449 1933 575 1965 “Sicut
599 1933 709 1964 Filius
730 1932 885 1963 hominis
905 1942 978 1963 non
1002 1931 1101 1963 venit
1124 1938 1162 1963 ut
1187 1931 1260 1972 Ipsi
1285 1932 1513 1970 ministretur,
1531 1932 1593 1964 sed
1616 1937 1654 1964 ut
1678 1931 1864 1970 ministret,

555 1977 673 2051 Ξῖίαεξῑ
684 1976 853 2059 {migma}
874 1985 974 2007 suam
994 1975 1276 2016 redemptionem
1301 1985 1366 2016 pro
1390 1974 1539 2007 multis'’
1558 1975 1700 2015 (Matth.
1720 1985 1778 2008 xx.
1801 1976 1865 2014 28;

661 2043 667 2051 .
710 2028 751 2057 .4
801 2030 807 2051 :

389 2081 469 2136 [sic
497 2081 637 2134 alibi‚]

449 2150 467 2163 “
479 2148 567 2180 Ecce
583 2148 658 2188 Ego
676 2158 756 2179 amo
774 2148 825 2179 Te
839 2157 846 2184 ;
872 2148 951 2179 ideo
968 2148 1060 2179 dabo
1072 2147 1254 2179 hominem
1268 2147 1346 2179 loco
1360 2147 1437 2186 Tui,
1451 2153 1486 2179 et
1503 2147 1653 2188 populos
1666 2157 1730 2188 pro
1746 2147 1867 2179 anima

556 2198 616 2223 tua
626 2191 642 2203 ’'
661 2191 769 2230 (Esai.
788 2191 870 2222 xliii.
887 2192 942 2230 4);

447 2234 552 2277 Jesus
577 2235 673 2273 dixit,
700 2235 904 2274 “Majorem
933 2235 998 2266 hac
1026 2232 1254 2265 dileffionem
1278 2244 1385 2266 nemo
1404 2234 1519 2270 habet,
1539 2238 1578 2265 ut
1605 2233 1684 2275 quis
1707 2233 1865 2266 animam

559 2288 658 2309 suam
677 2283 786 2318 ponat
806 2287 869 2318 pro
883 2278 1006 2309 amicis
1024 2277 1127 2309 suis”
1143 2277 1242 2319 (Joh.
1259 2288 1316 2309 xv.
1337 2277 1388 2316 13)
1404 2287 1411 2315 ;

447 2321 551 2363 Jesus
568 2322 666 2359 dixit,
681 2323 699 2335 ‘¹
711 2321 785 2361 Ego
803 2331 881 2352 sum
898 2321 1024 2352 Pastor
1040 2322 1155 2352 bonus
1169 2330 1176 2358 ;
1204 2321 1332 2352 Pastor
1347 2322 1462 2352 bonus
1475 2321 1630 2352 animam
1648 2329 1748 2352 suam
1765 2320 1867 2361 ponit

557 2374 621 2404 pro
648 2365 786 2395 ovibus.
839 2388 846 2396 .
862 2389 868 2395 .
883 2389 890 2396 .
905 2364 998 2404 ,Ego
1027 2374 1122 2404 pono
1149 2364 1306 2395 animam
1335 2373 1461 2400 meam,
1486 2370 1521 2395 et
1551 2373 1672 2395 rursus
1695 2363 1866 2404 accipiam

557 2408 671 2439 illam:
699 2417 804 2438 nemo
822 2408 914 2443 tollit
930 2407 1027 2438 illam
1045 2417 1066 2438 a
1084 2407 1154 2445 Me,
1172 2408 1234 2438 sed
1256 2407 1331 2447 Ego
1349 2417 1445 2447 pono
1464 2417 1486 2438 a
1506 2406 1566 2438 Me
1584 2406 1688 2447 Ipso;
1712 2412 1868 2446 potesta-

558 2458 628 2482 tem
652 2451 727 2490 Ego
746 2450 860 2481 habeo
881 2450 1036 2490 ponendi
1058 2451 1163 2488 illam,
1182 2456 1216 2482 et
1236 2456 1450 2491 potestatem
1469 2450 1584 2481 habeo
1603 2459 1725 2481 rursus
1745 2449 1868 2490 recipi-

558 2495 640 2525 endi
658 2493 782 2525 illam”
799 2494 896 2535 (Joh.
915 2503 947 2525 x.
970 2502 1019 2531 11,
1040 2501 1088 2532 12,
1109 2501 1158 2532 15,
1178 2500 1227 2532 17,
1248 2494 1309 2532 18).

468 2578 558 2633 [ὦ]
595 2578 692 2632 (iii.)
722 2578 856 2630 Quod
874 2577 1093 2618 “anima‘'
1108 2578 1330 2630 significet
1351 2578 1492 2618 vitam
1514 2578 1697 2631 spiritus
1718 2577 1865 2618 horni-

387 2642 470 2690 nis,
503 2654 617 2694 quae
648 2645 836 2680 vocatur
866 2640 961 2679 vita
991 2638 1231 2692 spiritualis
1263 2638 1370 2692 ejus,
1404 2644 1587 2680 constat
1619 2653 1678 2691 ex
1713 2638 1783 2680 his
1799 2652 1869 2680 :—

387 2703 525 2757 Apud
550 2701 883 2755 Evangelz'stas,

451 2783 557 2825 Jesus
578 2782 676 2819 dixit,
695 2783 712 2796 ‘⁶
725 2781 777 2812 Ne
798 2782 918 2812 timete
936 2782 981 2812 ab
998 2781 1067 2813 illis
1087 2782 1144 2823 qui
1164 2781 1322 2825 occidere
1342 2791 1468 2821 corpus
1488 2787 1648 2822 possunt,
1668 2781 1840 2813 animam.
1855 2805 1862 2813 .

561 2825 719 2856 occidere
739 2835 812 2855 non
830 2831 999 2865 possunt:
1025 2825 1162 2856 timete.
1177 2825 1310 2864 ,potius
1331 2824 1453 2864 Ipsum
1470 2825 1529 2865 qui
1549 2830 1667 2865 potest
1685 2831 1720 2856 et
1739 2834 1866 2865 corpus

560 2875 595 2900 et
612 2869 768 2899 animam
786 2868 932 2908 perdere
949 2869 985 2899 in
1004 2867 1197 2908 gehenna‘’
1213 2867 1354 2908 (Matth.
1375 2878 1406 2899 x.
1426 2868 1486 2906 28;
1507 2868 1590 2900 Luc.
1603 2868 1661 2900 xii.
1678 2876 1708 2906 4,
1728 2867 1780 2907 5);

454 2913 472 2927 “
485 2912 652 2954 Quisquis
664 2912 744 2942 >vult
765 2911 925 2942 invenire
941 2911 1097 2942 animam
1114 2920 1225 2949 suam,
1246 2911 1368 2951 perdet
1387 2911 1482 2942 illam
1497 2921 1504 2948 ;
1529 2917 1564 2942 et
1580 2911 1737 2952 quisquis
1754 2910 1869 2951 perdi-

561 2955 652 2986 derit
683 2955 960 3037 animam›S1)2am
980 2953 1151 2995 propter’'
1167 2954 1302 2996 Jesum,
1323 2954 1509 2986 “inveniet
1528 2953 1653 2986 illam”
1672 2954 1813 2995 (Matth.
1829 2963 1867 2986 x-

561 3007 623 3039 39;
643 2998 724 3029 Luc.
742 2998 823 3029 xvii.
842 3006 882 3037 33
909 3007 916 3037 ;
