2054 3464
592 361 698 395 cAP.
723 362 846 404 xm„
870 362 1009 396 VERS.
1037 363 1179 396 1.—N.
1201 364 1297 409 775.
1581 365 1694 410 2159

194 475 424 518 constabit
455 489 481 518 a
512 476 832 530 sequentibus;
870 483 917 518 et
954 477 997 518 in
1034 491 1202 531 genere
1238 489 1304 519 ex'
1329 477 1430 527 hoc,
1464 477 1585 532 quod
1618 478 1692 531 qui

193 545 407 593 separant
429 538 563 580 fidem
585 553 612 580 a
632 540 740 589 vita,
760 553 851 581 non
873 539 1005 582 aliter
1027 541 1215 594 possint,
1241 541 1343 595 quia
1363 540 1440 582 illa
1465 541 1692 593 separatio

193 609 264 644 est
301 609 462 644 contra
498 603 649 644 omnia
685 609 730 644 et
768 603 946 657 singula
977 603 1145 655 Verbi;
1179 617 1283 645 nam
1316 605 1361 645 in
1398 604 1605 645 omnibus
1629 609 1691 661 ‘et

192 665 380 719 singulis
405 665 546 707 Verbi
572 672 642 707 est
675 665 931 719 conjugium
957 666 1063 708 boni
1095 674 1142 708 et
1167 668 1274 716 veri,
1301 667 1422 721 quod
1454 666 1691 708 manifeste

193 733 323 781 patet
345 741 404 770 ex
428 741 562 770 sensu
585 729 804 782 spirituali
822 729 989 780 Verbi;
1021 736 1126 771 sunt
1149 730 1250 771 ideo
1272 731 1316 771 in
1334 730 1558 784 plerisque
1580 729 1691 770 locis

191 789 325 832 binae
341 792 658 844 expressiones
675 805 788 845 quae
807 799 1027 845 apparent
1045 793 1159 835 sicut
1177 794 1473 846 repetitiones
1491 791 1691 845 ejusdem

190 854 268 904 rei,
293 854 372 896 sed
399 868 539 908 usque
565 868 653 896 una
678 854 854 896 illarum
877 869 924 896 se
945 856 1079 898 refert
1102 856 1158 897 ad
1182 856 1366 905 bonum,
1391 863 1437 898 et
1463 856 1608 897 altera
1634 857 1691 897 ad

190 929 361 967 verum,
386 923 433 959 et
455 918 516 958 sic
544 917 705 959 ambae
727 917 894 959 faciunt
921 919 1035 960 sicut
1062 919 1334 973 conjugium,
1357 920 1477 974 quod
1503 926 1692 961 vocatur

190 979 448 1034 conjugium
467 981 696 1030 Divinum,
713 981 971 1035 conjugium
989 982 1202 1032 caeleste,
1223 989 1269 1024 et
1288 983 1544 1036 conjugium
1563 983 1690 1036 spiri·

189 1043 327 1093 tuale,
351 1044 472 1098 quod
494 1044 539 1085 in
561 1058 609 1085 se
632 1043 888 1097 speetatum
910 1051 981 1087 est
1005 1045 1261 1100 conjugium
1283 1046 1390 1088 boni
1412 1053 1458 1088 et
1483 1047 1600 1097 veri;
1635 1046 1690 1087 de

189 1118 280 1159 quo
301 1105 514 1159 conjugio
535 1105 748 1147 videatur
769 1119 904 1160 supra
922 1117 969 1155 (n.
990 1108 1085 1159 238,
1106 1109 1251 1157 288[b]‚
1266 1109 1363 1159 484,
1378 1107 1496 1157 660):
1542 1107 1690 1148 simile

188 1169 447 1224 conjugium
465 1171 547 1212 erit
567 1169 669 1212 fidei
691 1177 738 1212 et
762 1172 940 1221 amoris,
956 1185 1035 1212 seu
1057 1171 1159 1214 fidei
1177 1179 1223 1214 et
1242 1173 1464 1214 bonorum
1487 1186 1690 1225 operum,

188 1239 295 1274 narn
319 1233 432 1275 fides
458 1241 528 1275 est
554 1235 647 1275 veri
678 1247 729 1275 ac
755 1247 911 1293 verum
938 1241 1008 1276 est
1034 1234 1150 1285 fidei,
1180 1242 1226 1277 et
1253 1249 1379 1277 amor
1404 1242 1474 1277 est
1505 1236 1611 1276 boni
1638 1249 1689 1276 ac

188 1295 359 1338 bonum
381 1303 451 1338 est
473 1298 637 1338 amoris
655 1312 664 1348 ;
698 1298 866 1339 exinde
891 1304 1020 1352 patet
1043 1299 1164 1352 quod
1187 1300 1261 1353 qui
1283 1297 1532 1353 fflseparant
1554 1298 1690 1339 fidem

187 1373 215 1402 a
234 1361 330 1402 vita
354 1360 461 1414 ejus,
481 1375 559 1402 seu
581 1361 702 1416 quod
729 1361 862 1411 idem,
887 1362 945 1403 ab
970 1375 1136 1412 amore,
1162 1362 1224 1404 illi
1247 1376 1338 1404 non
1361 1363 1536 1416 possint
1559 1362 1691 1403 aliter

187 1437 323 1480 quarn
359 1424 591 1466 falsificare
625 1425 842 1474 Verbum,
877 1426 979 1479 quia
1018 1425 1254 1479 explicant
1290 1440 1472 1467 sensum
1509 1426 1690 1467 litterae

187 1487 282 1542 ejus
313 1494 475 1530 contra
506 1487 765 1542 conjugium
797 1489 904 1530 boni
941 1495 986 1531 et
1018 1491 1124 1539 veri,
1158 1489 1279 1543 quod
1316 1490 1359 1530 in
1398 1490 1605 1530 omnibus
1642 1496 1690 1531 et

186 1551 376 1606 singulis
407 1551 548 1605 Verbi
589 1558 672 1593 est.
739 1550 922 1593 Di&um
964 1558 1034 1594 est
1071 1553 1191 1607 quod
1227 1552 1432 1605 “caput'‘
1464 1552 1689 1606 significet

187 1615 456 1670 sapientiam
479 1621 525 1657 et
552 1614 920 1667 intelligentiam,
945 1622 991 1657 et
1017 1616 1138 1670 quod
1161 1616 1280 1670 apud
1307 1615 1408 1656 illos
1430 1616 1503 1669 qui
1527 1629 1617 1656 non
1643 1616 1688 1657 in

186 1679 411 1733 sapientia
441 1684 487 1720 et
527 1678 833 1732 intelligentia
872 1686 994 1728 sunt,
1027 1678 1251 1733 significet
1288 1679 1550 1730 scientiam;
1584 1679 1688 1720 inde

186 1741 306 1796 apud
328 1741 429 1783 illos
450 1743 524 1796 qui
546 1741 786 1783 falsificant
807 1748 854 1783 et
873 1748 1139 1795 pervertunt
1157 1742 1375 1791 Verbum,
1395 1741 1620 1795 significat
1643 1743 1688 1784 id

185 1799 411 1847 insaniam
433 1811 480 1847 et
502 1805 765 1855 stultitiam,
785 1806 901 1847 sicut
924 1806 1064 1847 etiam
1086 1820 1222 1860 supra
1243 1817 1288 1856 (n.
1306 1815 1419 1859 715),
1439 1806 1514 1846 ubi
1537 1806 1687 1859 expli-

186 1874 340 1910 catum
371 1874 442 1909 est
469 1867 574 1921 quid
606 1866 887 1921 significatur
912 1881 991 1922 per
1017 1871 1233 1921 “septem
1260 1869 1411 1921 capita
1437 1867 1688 1919 draconis;’'

185 1931 291 1973 inde
314 1930 459 1972 simile
486 1931 556 1972 hic
580 1945 758 1985 quoque
785 1944 864 1984 per
888 1935 1062 1985 “caput
1088 1932 1260 1972 bestiae
1272 1930 1291 1946 ”
1314 1930 1440 1984 hujus
1463 1931 1687 1984 significa-

185 2001 272 2045 tur,
296 2008 401 2036 nam
424 1994 571 2036 bestia
597 1995 707 2036 haec
730 2001 799 2035 est
823 1995 960 2036 draco
982 1995 1131 2049 quoad
1154 1995 1388 2036 ratiocinia
1411 2009 1471 2035 ex
1494 1995 1687 2036 naturali

183 2057 367 2100 homine
415 2057 731 2099 confirmantia
780 2059 1112 2111 separationem
1162 2057 1265 2099 fidei
1309 2072 1336 2098 a
1379 2058 1485 2099 vita.
1551 2058 1687 2112 Quod

187 2121 392 2176 “caput‘’
418 2121 643 2175 significet
675 2123 959 2175 sapientiam,
987 2122 1340 2176 intelligentiam
1372 2129 1418 2163 et
1450 2123 1686 2163 scientiam

183 2185 444 2235 veritatum,
484 2191 530 2226 et
572 2185 615 2226 in
658 2186 870 2239 opposito
911 2199 1046 2226 sensu
1087 2186 1344 2235 stultitiam,
1381 2186 1601 2227 insaniam
1640 2192 1686 2227 et

156 2251 161 2257 '
183 2249 421 2290 scientiam
443 2248 707 2298 falsitatum,
725 2255 795 2290 est
813 2249 916 2303 quia
937 2249 1014 2290 illa
1036 2250 1237 2290 resident
1260 2250 1303 2290 in
1326 2250 1489 2303 capite,
1510 2256 1556 2290 et
1580 2256 1685 2291 sunt

43 2303 86 2338 ¹³⁸³
123 2359 126 2364 ,
183 2312 244 2353 ibi
274 2312 319 2353 in
350 2313 440 2353 suis
473 2313 725 2365 principiis;
759 2313 879 2366 quod
918 2313 1155 2354 manifeste
1192 2319 1402 2354 constare
1435 2318 1588 2366 potest
1626 2327 1686 2353 ex

183 2389 252 2426 eo,
269 2375 390 2430 quod
409 2375 468 2416 ibi
486 2376 682 2429 origines
701 2377 902 2416 omnium
920 2375 1130 2417 fibrarum
1149 2377 1252 2425 sint,
1274 2390 1386 2430 quae
1405 2376 1508 2417 inde
1528 2389 1696 2433 proce-¹

183 2439 298 2480 dunt
324 2439 380 2480 ad
407 2439 558 2480 omnia
584 2452 756 2492 organa
782 2440 983 2480 sensoria
1009 2445 1055 2480 et
1082 2441 1277 2481 motoria
1307 2439 1434 2480 faciei
1465 2446 1512 2480 et
1545 2440 1685 2480 totius

183 2503 408 2556 corporis;
448 2510 552 2544 sunt
585 2503 643 2544 ibi
669 2503 951 2544 substantiae
983 2503 1159 2545 infinito
1186 2517 1373 2545 numero
1399 2517 1514 2557 quae
1545 2517 1684 2556 appa-

182 2572 284 2608 rent
307 2566 422 2607 sicut
443 2566 723 2620 sphaerulae,
743 2573 790 2608 et
813 2567 870 2608 ab
893 2568 1161 2608 anatomicis
1184 2574 1406 2609 vocantur
1428 2567 1686 2607 substantia

181 2629 408 2672 corticalis
440 2637 486 2671 et
519 2631 749 2682 cineritia;
782 2645 842 2672 ex
874 2631 942 2672 his
974 2631 1227 2685 procedunt
1259 2630 1462 2680 fibrillae‚
1497 2644 1684 2685 quarum

181 2693 351 2748 primae
377 2700 482 2736 sunt
508 2694 842 2747 inconspicuae,
871 2700 918 2736 et
950 2695 1052 2736 dein
1086 2695 1403 2743 confasciatae,
1432 2709 1492 2735 ex
1525 2693 1684 2747 quibus

181 2757 443 2811 producitur
480 2757 737 2798 substantia
772 2757 1032 2799 medullaris
1070 2758 1212 2800 totius
1248 2758 1434 2807 cerebri,
1473 2756 1684 2798 cerebelli

37 2801 76 2847 ’ζ
112 2861 114 2863 ,
181 2825 228 2860 et
243 2818 467 2860 medullae
483 2819 761 2873 oblongatae
781 2835 789 2871 ;
809 2835 867 2861 ex
881 2821 1135 2862 substantia
1149 2821 1232 2863 hac
1249 2821 1483 2862 medullari
1499 2826 1682 2873 proten-

180 2882 348 2923 duntur
374 2881 510 2923 fibrae
543 2884 827 2936 conspicuae,
857 2898 970 2938 quae
1003 2883 1270 2938 conjunctae
1295 2890 1516 2926 vocantur
1542 2883 1680 2932 nervi,

180 2958 260 2999 per
276 2959 387 2999 quos
405 2946 652 2995 cerebrum,
673 2947 947 2989 cerebellum
965 2954 1012 2989 et
1031 2948 1229 2989 medulla
1247 2947 1430 3001 spinalis
1448 2945 1680 2988 [²¹formant

180 3014 329 3050 totum
362 3022 536 3063 corpus,
570 3023 620 3051 ac
654 3011 805 3052 omnia
836 3017 883 3053 et
915 3011 1094 3066 singula
1124 3010 1243 3065 ejus;
1286 3017 1332 3053 et
1364 3023 1443 3064 per
1468 3010 1513 3051 id
1549 3008 1598 3052 fit
1630 3016 1679 3052 ut
