2054 3464
616 358 723 391 CAP.
746 358 870 400 xm„
892 358 1031 392 VERs.
1054 359 1200 392 2.-—N.
1221 350 1317 404 783.
1604 336 1712 403 2187

107 479 170 530 'er
221 464 343 528 apud
366 470 545 522 Lucam,

134 536 160 563 ἓξ
194 552 198 556 ι

375 559 394 573 “
406 557 506 590 Haec
526 563 646 590 vestra
664 563 720 589 est
730 557 837 596 -hora,
857 563 892 590 et
914 563 1073 598 potestas
1093 559 1321 590 tenebrarum
1334 557 1352 570 ’'
1369 556 1465 598 (xxii.
1484 557 1561 598 53);

97 647 167 717 ⁴5-
219 672 267 709 et
298 665 403 708 alibi
434 665 612 720 pluries.
673 664 950 720 supradietis
987 666 1246 708 addendum
1278 673 1348 708 est
1381 666 1502 721 quod
1535 667 1716 720 spiritus

221 724 462 775 infernales
487 743 534 770 se
560 729 749 771 credant
771 729 945 771 validos
971 736 1017 771 et
1045 737 1258 783 potentes
1285 744 1390 784 prae
1415 730 1608 784 reliquis,
1637 730 1716 771 sed

220 788 309 833 hoc
333 802 396 832 ex
419 803 557 832 causa
581 791 685 844 quia
709 790 868 831 valent
894 797 1055 832 contra
1079 791 1183 831 illos
1209 792 1284 845 qui
1311 792 1355 832 in
1381 791 1513 832 malis
1538 797 1585 832 et
1611 791 1716 832 inde

220 850 347 896 falsis
363 859 486 902 sunt,
499 853 564 894 ita
579 853 811 894 infernalis
829 853 1012 907 spiritus
1030 859 1193 894 contra
1207 853 1475 894 infernalem
1493 854 1715 907 spiritum,

104 909 177 970 ‘'f-3
223 927 305 956 seu
325 915 496 956 malum
528 929 607 969 per
636 915 799 956 falsum
825 922 988 957 contra
1018 916 1187 956 malum
1218 930 1298 970 per
1326 916 1516 967 falsum;
1548 930 1607 957 ex
1638 916 1734 957 illa·

113 1016 131 1030 ,-
164 986 173 993 ”’
221 978 491 1032 apparentia
511 983 598 1027 est,
615 978 736 1032 quod
756 978 947 1019 credant
966 992 1014 1019 se
1034 984 1251 1032 potentes
1269 992 1277 1018 :
1306 979 1386 1019 sed
1409 980 1618 1032 potentia
1639 979 1717 1019 illa

198 1040 476 1094 ,comparari
506 1047 662 1094 potest
698 1041 902 1094 myricae
933 1047 1096 1082 contra
1127 1041 1360 1094 myricam,
1388 1042 1524 1094 pulici
1555 1048 1718 1082 contra

223 1099 438 1157 pulicem,
456 1103 632 1156 pulveri
649 1110 812 1144 contra
828 1103 1080 1156 pulverem,
1098 1110 1144 1144 et
1163 1103 1322 1157 paleae
1340 1111 1502 1144 contra
1520 1104 1716 1158 paleam,

224 1167 418 1219 “quorum
453 1165 664 1219 potentia
708 1172 779 1206 est
817 1166 1012 1206 relativa
1058 1166 1116 1206 ad
1160 1179 1316 1207 eorum
1360 1173 1542 1207 mutuas
1584 1167 1716 1208 vires.

96 1247 149 1265 ,ι
221 1226 425 1270 Accedit
455 1229 578 1283 quod
614 1229 799 1283 spiritus
834 1229 1080 1270 infernales
1111 1231 1265 1270 animo
1295 1230 1407 1270 elati
1441 1231 1547 1279 sint,
1579 1237 1626 1271 et
1657 1244 1716 1271 ex

219 1291 448 1333 levissima
463 1305 605 1333 causa
620 1292 765 1333 velint
780 1293 971 1342 robusti,
987 1293 1130 1334 fortes
1147 1299 1194 1334 et
1211 1293 1375 1334 heroes
1393 1294 1549 1334 audiri.
1600 1293 1718 1347 Quia

218 1353 291 1396 hic
315 1355 469 1408 agitur
498 1355 555 1396 de
577 1357 790 1409 potentia
815 1362 862 1396 et
887 1357 943 1397 de
966 1362 1202 1410 potestate
1228 1369 1399 1410 magna
1421 1370 1557 1410 quam
1580 1357 1718 1399 draco

218 1429 280 1458 ex
304 1430 352 1458 se
377 1417 507 1459 dedit
535 1418 713 1459 bestiae
738 1432 798 1459 ex
824 1419 934 1459 mari
956 1419 1241 1468 ascendenti,
1265 1426 1312 1460 et
1337 1420 1443 1460 inde
1469 1420 1525 1460 de
1551 1426 1716 1473 poten-

94 1511 131 1536 3
218 1478 284 1520 tia
307 1479 546 1533 spirituum
580 1480 867 1521 infernalium
898 1481 1017 1522 inter
1041 1495 1103 1530 se,
1127 1481 1266 1522 velim
1291 1481 1444 1535 aliqua
1468 1495 1636 1523 arcana
1660 1482 1717 1523 de

217 1541 392 1583 artibus
417 1541 599 1584 illorum
625 1544 927 1597 comparandi
953 1543 1036 1584 sibi
1062 1544 1296 1598 potentias
1321 1544 1364 1584 in
1391 1545 1562 1586 mundo
1587 1546 1717 1599 spiri-

88 1624 138 1661 -η,
167 1648 175 1654 ,
220 1602 336 1655 tuali
372 1604 608 1659 detegere.
668 1604 868 1659 Quidam
907 1612 1182 1660 comparant
1224 1606 1309 1647 sibi
1349 1608 1608 1660 potentiam
1639 1621 1719 1661 per
1767 1603 1773 1614 '

91 1663 116 1729 J
131 1666 134 1671 ’
149 1675 173 1684 ““’
218 1666 424 1713 Verbum
443 1683 453 1720 ;
485 1675 653 1710 norunt
672 1670 794 1710 enim
811 1669 965 1724 aliqua
987 1670 1090 1711 loca
1106 1670 1227 1719 inde,
1242 1676 1290 1711 et
1307 1670 1385 1711 illa
1402 1671 1716 1724 pronuntiant,

219 1744 282 1772 ex
305 1731 468 1786 quibus
489 1731 538 1773 fit
564 1732 654 1773 illis
679 1733 1039 1774 communicatio
1063 1745 1166 1774 cum
1192 1732 1473 1786 simplicibus
1499 1734 1644 1782 bonis,
1671 1741 1718 1775 et

218 1793 326 1836 inde
358 1807 461 1835 cum
492 1794 581 1835 illis
607 1794 869 1847 conjunctio
896 1795 1048 1849 quoad
1078 1802 1302 1846 externa;
1343 1802 1390 1836 et
1420 1802 1642 1850 quantum
1673 1797 1717 1837 in

124 1856 126 1858 ’
159 1864 162 1874 ²
221 1857 303 1899 illa
333 1857 655 1911 conjunctione
686 1864 807 1906 sunt,
840 1864 1022 1899 tantum
1053 1858 1212 1899 valent
1243 1872 1378 1912 super
1407 1859 1547 1900 alios:
1580 1872 1718 1900 causa

220 1925 308 1977 est,
331 1921 435 1974 quia
455 1920 610 1960 omnia
631 1919 774 1960 Verbi
800 1926 906 1961 sunt
927 1934 1050 1969 vera,
1077 1926 1124 1962 et
1149 1921 1267 1962 veris
1290 1928 1359 1962 est
1382 1923 1528 1965 omnis
1551 1928 1715 1976 poten-

218 1976 300 2032 tia,
325 1988 375 2024 et
404 1982 638 2037 simplices
664 1983 772 2023 boni
793 1984 837 2024 in
862 1984 981 2024 veris
1006 1990 1140 2034 sunt;
1167 1984 1288 2025 unde
1310 1998 1370 2025 ex
1393 1984 1714 2038 conjunctione

217 2058 322 2088 cum
356 2045 448 2088 illis
482 2052 554 2087 est
592 2046 818 2099 potentia,
850 2047 930 2087 sed
966 2046 1182 2100 quamdiu
1212 2047 1257 2087 in
1288 2047 1610 2100 conjunfflone
1639 2049 1719 2090 illa

217 2114 341 2158 sunt,
371 2122 489 2163 quae
519 2114 676 2150 tamen
711 2122 803 2149 non
837 2110 911 2150 diu
942 2115 1135 2163 perstat,
1168 2110 1272 2164 quia
1302 2123 1328 2150 a
1359 2110 1561 2151 Domino
1591 2108 1718 2152 brevi

219 2176 326 2225 post
372 2170 431 2212 ab
473 2171 668 2225 invicem
716 2178 1000 2225 separantur.
1067 2171 1266 2225 Quidam
1310 2179 1584 2226 comparant
1631 2174 1718 2214 sibi

218 2234 477 2288 potentiam
509 2247 589 2287 per
618 2233 857 2275 simulatas
895 2233 1160 2275 affeffiones
1195 2234 1303 2276 boni
1333 2241 1381 2275 et
1411 2236 1519 2285 veri,
1547 2250 1717 2290 perque

217 2288 482 2338 affectiones
525 2310 642 2351 quae
689 2303 795 2338 sunt
837 2298 1006 2338 amoris
1047 2297 1212 2338 sinceri
1247 2303 1294 2338 et
1333 2298 1444 2351 justi
1488 2313 1568 2352 per
1606 2313 1718 2353 quas

80 2338 110 2363 ⁴⁵
147 2359 150 2362 ’
217 2361 361 2402 etiam
387 2359 619 2415 simplices
645 2361 791 2402 bonos
817 2362 876 2402 ad
905 2361 1024 2402 bene
1049 2362 1341 2403 sentiendum
1368 2362 1425 2403 de
1455 2362 1559 2411 illis,
1587 2369 1633 2404 et
1659 2364 1717 2404 ad

217 2423 336 2464 bene
356 2422 606 2464 volendum
631 2423 736 2472 illis,
764 2424 1007 2465 attrahunt
1037 2430 1085 2465 et
1110 2423 1397 2478 adjungunt;
1429 2431 1476 2466 et
1498 2426 1717 2479 quamdiu

217 2484 547 2527 benevolentia
571 2485 650 2526 illa
675 2487 921 2528 intercedit
951 2487 1068 2528 sicut
1094 2494 1267 2536 mutua,
1294 2488 1470 2528 tamdiu
1496 2495 1717 2542 potentes

217 2555 326 2591 sunt
347 2562 454 2603 prae
475 2548 674 2603 reliquis.
734 2548 932 2602 Quidam
955 2557 1226 2604 comparant
1251 2551 1335 2591 sibi
1353 2553 1614 2604 potentiam
1636 2566 1717 2606 per

217 2611 614 2666 repraesentativa
634 2612 747 2652 varii
769 2613 965 2665 generis,
988 2627 1104 2667 quae
1126 2619 1232 2654 sunt
1254 2613 1422 2655 abusus
1443 2627 1716 2668 correspon-

219 2675 506 2725 dentiarum3
547 2675 730 2728 quidam
756 2675 917 2716 aliter:
959 2682 1006 2717 et
1031 2677 1137 2730 quia
1157 2677 1276 2718 veris
1302 2691 1418 2731 quae
1443 2691 1469 2718 a
1498 2678 1620 2719 bono
1646 2685 1716 2719 est

219 2739 368 2781 omnis
398 2739 622 2792 potentia,
651 2745 697 2780 et
727 2739 806 2780 illa
836 2740 956 2794 apud
987 2740 1181 2793 angelos
1205 2741 1424 2790 resident,
1451 2742 1556 2782 inde
1588 2742 1717 2782 malis

221 2801 454 2856 spiritibus
480 2800 591 2841 nihil
615 2802 913 2855 optatiustest
934 2815 1071 2856 quam
1097 2803 1333 2844 attrahere
1359 2804 1506 2844 bonos
1531 2804 1716 2858 spiritus

219 2864 264 2906 in
286 2877 390 2904 suas
420 2868 590 2916 partes,
623 2865 727 2918 quia
758 2865 866 2906 mali
896 2865 958 2906 sic
985 2865 1175 2916 valent;
1215 2872 1263 2907 at
1293 2879 1402 2907 vero
1442 2873 1490 2907 ut
1521 2867 1715 2920 primum

220 2927 280 2971 ab
309 2925 400 2967 illis
425 2933 709 2979 separantur,
732 2933 837 2968 sunt
869 2928 913 2968 in
944 2927 1069 2968 salsis
1100 2929 1167 2969 sui
1196 2929 1332 2980 mali;
1372 2934 1420 2969 et
1445 2942 1547 2970 cum
1578 2930 1622 2970 in
1647 2930 1716 2972 his

220 2992 342 3036 sunt,
370 2992 478 3028 tunc
507 2986 656 3028 orbati
682 2994 788 3028 sunt
819 2988 942 3028 omni
967 2989 1191 3041 potentia.
1251 2988 1380 3030 Haec
1406 2989 1546 3030 etiam
1578 3003 1716 3032 causa
