2054 3464
393 372 504 412 2040
692 371 1021 404 APOCALYPSIS
1054 373 1350 406 EXPLICATA.

390 483 513 524 illum
542 490 728 533 statum,
759 489 917 526 “terra
943 485 1197 526 solitudinis
1225 491 1270 526 et
1297 485 1476 526 foveae'’
1499 485 1723 539 significat
1748 484 1874 528 illum

390 547 537 599 quoad
570 547 690 587 mala
723 554 767 588 et
801 547 912 587 falsa
944 562 1056 600 quae
1090 554 1342 601 emergunt,
1380 552 1538 589 “terra
1576 549 1796 590 siccitatis
1827 555 1874 590 et

395 609 577 649 umbrae
604 609 804 650 densae’'
830 609 1052 662 significat
1086 611 1424 663 perceptionem
1457 611 1562 651 boni
1595 617 1640 652 et
1667 610 1875 652 intellec-

391 678 486 717 tum
527 673 618 712 veri
660 672 975 712 obscuratum:
1025 679 1173 713 status
1214 673 1408 713 hominis
1449 671 1552 725 post
1593 673 1909 725 tentationes*

391 734 657 774 describitur
686 748 764 787 per
789 734 949 774 “Duxi
977 749 1056 775 vos
1090 736 1132 775 in
1166 741 1332 775 terram
1364 735 1515 788 frugis,
1543 735 1599 775 ad
1632 735 1876 781 comeden-

391 797 495 836 dum
534 795 722 836 frud'mm
761 796 852 848 ejus
890 803 935 837 et
974 797 1140 838 bonum
1179 795 1318 850 ejus,''
1344 811 1421 851 per
1453 812 1565 851 quae
1597 797 1876 851 significatur

393 858 512 911 quod
539 857 781 899 introduc‘ti
807 859 849 898 in
878 858 1130 906 ecclesiam,
1156 860 1228 900 ubi
1255 874 1360 900 vera
1386 859 1631 908 doetrinae,
1659 873 1737 914 per
1762 873 1876 914 quae

391 922 696 974 appropriatio
727 921 832 962 boni
865 923 1029 962 amoris
1057 929 1102 962 et
1129 923 1363 963 charitatis
1386 937 1393 972 ;
1430 923 1619 963 “terra''
1645 922 1874 976 significat

395 983 648 1032 ecclesiam,
676 988 836 1024 “terra
858 984 1023 1037 srugis”
1047 984 1170 1025 illam
1194 985 1341 1038 quoad
1365 999 1469 1025 vera
1491 983 1736 1034 doftrinae,
1759 988 1875 1026 “co-

394 1046 606 1086 medere”
636 1046 863 1099 significat
902 1048 1189 1101 appropriari,
1227 1046 1461 1088 “fruEtus'’
1492 1048 1659 1088 bonum
1695 1048 1875 1097 amoris,

392 1123 443 1149 ac
479 1110 715 1150 “bonum’'
748 1110 914 1150 bonum
956 1111 1190 1151 charitatis
1225 1117 1270 1151 et
1301 1112 1436 1151 vitae.
1499 1110 1637 1164 Apud
1668 1110 1876 1152 Ezechie-

394 1171 490 1220 lem,

458 1267 642 1299 “Educam
662 1278 727 1299 vos
752 1278 794 1299 ex
820 1268 968 1308 populis,
990 1274 1024 1300 et
1043 1269 1269 1309 congregabo
1289 1278 1353 1300 vos
1373 1279 1392 1300 e
1412 1269 1542 1306 terris„
1557 1293 1565 1301 .
1578 1293 1586 1301 .
1600 1276 1651 1301 ,et
1666 1268 1792 1300 ducam
1810 1277 1877 1300 vos

567 1312 601 1342 in
617 1312 793 1343 desertum
814 1312 1034 1352 populorum,
1049 1318 1084 1343 et
1097 1313 1300 1352 disceptabo
1314 1312 1362 1343 ibi
1375 1313 1558 1343 vobiscum
1573 1311 1681 1343 facies
1695 1312 1740 1343 ad
1756 1311 1877 1349 facies,

567 1355 864 1395 quemadmodum
890 1356 1085 1396 disceptavi
1109 1365 1189 1386 cum
1215 1356 1373 1395 patribus
1391 1356 1519 1386 vestris
1545 1356 1580 1386 in
1604 1355 1746 1386 deeerto
1763 1361 1878 1390 terrae

566 1398 722 1438 Aegypti
737 1408 759 1435 ;.
775 1423 781 1429 .
796 1424 802 1430 .
819 1405 916 1430 .tunc
935 1399 1084 1430 transire
1103 1399 1229 1430 faciam
1243 1409 1307 1430 vos
1322 1399 1387 1430 sub
1401 1399 1510 1439 virga.
1528 1405 1563 1430 et
1575 1399 1746 1430 adducam
1760 1407 1825 1430 vos
1842 1398 1878 1430 in

566 1442 743 1473 vinculum
762 1442 944 1473 foederis'’
961 1443 1030 1481 (xx.
1050 1443 1189 1482 34-37):

391 1545 463 1585 hic
487 1559 662 1599 quoque
688 1546 986 1586 “desertum'’
1009 1560 1088 1599 pro
1114 1552 1239 1586 statu
1263 1546 1598 1595 tentationum;
1632 1545 1705 1598 qui
1728 1550 1878 1586 status

392 1607 463 1648 hic
490 1615 678 1648 vocatur
703 1609 972 1649 “desertum
1005 1604 1312 1661 populorumss’
1334 1615 1380 1649 et
1406 1617 1582 1661 quoque
1607 1608 1878 1648 “desertum

392 1677 540 1711 terrae
563 1670 810 1724 Aegypti.''
833 1672 935 1724 quia
966 1671 1235 1723 intelligitur
1258 1677 1405 1711 status
1429 1669 1646 1711 naturalis
1684 1669 1878 1711 hominis

393 1740 500 1774 ante
524 1735 930 1786 regenerationem,
956 1735 1028 1787 qui
1055 1747 1113 1773 ex
1141 1747 1194 1773 eo
1217 1733 1336 1786 quod
1362 1733 1420 1773 ibi
1447 1745 1538 1773 non
1564 1732 1683 1773 bona
1709 1738 1755 1773 et
1787 1745 1878 1773 non

393 1810 498 1836 vera
521 1802 642 1843 tune,
667 1796 746 1836 sed
774 1796 892 1836 mala
920 1803 965 1836 et
993 1796 1118 1844 salsa,
1144 1802 1212 1836 est
1241 1795 1470 1836 desertum
1496 1801 1542 1835 et
1570 1794 1796 1845 solitudo;
1829 1801 1877 1836 at

393 1859 574 1912 quando
610 1858 714 1898 inde
747 1858 858 1898 salsa
890 1865 935 1898 et
968 1858 1086 1898 mala
1119 1858 1427 1898 exterminata
1459 1863 1577 1906 sunt,
1610 1870 1662 1897 ac
1694 1871 1800 1898 vera
1830 1863 1877 1898 et

393 1921 512 1960 bona
535 1921 636 1961 loco
661 1933 813 1960 eorum
838 1920 1124 1973 implantata,
1150 1927 1256 1960 tunc
1281 1919 1329 1960 fit
1356 1919 1430 1960 ille
1453 1934 1511 1960 ex
1535 1920 1717 1960 deserto
1743 1919 1879 1960 Liba-

394 1995 475 2022 nus
502 1989 548 2022 et
575 1983 759 2022 hortus:
799 1983 1092 2035 “disceptare
1119 1995 1220 2022 cum
1252 1982 1339 2022 illis
1371 1983 1414 2022 in
1442 1982 1624 2022 deserto
1654 1982 1789 2022 facies
1821 1981 1879 2024 ad

393 2045 559 2085 facies”
578 2045 800 2097 significat
823 2052 1075 2085 monstrare
1098 2045 1184 2085 illis
1203 2045 1258 2086 ad
1278 2046 1427 2085 vivum
1450 2051 1496 2085 et
1519 2045 1575 2084 ad
1597 2045 1879 2097 agnitionem

394 2107 549 2160 quales
581 2114 700 2156 sunt,
732 2121 835 2147 nam
869 2108 912 2147 in
946 2107 1276 2148 tentationibus
1309 2113 1547 2159 emergunt
1580 2113 1626 2147 et
1658 2114 1879 2160 apparent

395 2170 514 2210 mala
539 2176 585 2210 et
612 2170 723 2210 salsa
755 2170 977 2220 hominis;
1015 2170 1187 2210 “facies
1212 2170 1269 2210 ad
1301 2169 1466 2210 sacies”
1488 2175 1557 2210 est
1580 2170 1636 2210 ad
1658 2170 1810 2209 vivum
1833 2175 1880 2210 et

394 2232 453 2272 ad
488 2233 794 2285 agnitionem:
844 2233 963 2285 quod
1002 2239 1242 2285 postquam
1279 2232 1417 2272 homo
1453 2232 1563 2272 dura
1599 2245 1756 2285 passus
1793 2238 1878 2280 est,

395 2293 650 2347 conjunffitio
681 2294 759 2335 fiat
793 2308 893 2335 cum
927 2295 1137 2341 Domino,
1163 2308 1276 2347 quae
1308 2301 1377 2335 est
1410 2294 1683 2343 reformatio,
1709 2293 1879 2348 signifi-

395 2364 524 2397 catur
545 2371 623 2410 per
644 2361 668 2377 ‘⁶
683 2357 808 2397 Tunc
836 2358 1026 2397 transire
1044 2370 1124 2397 vos
1148 2357 1306 2397 faciam
1330 2357 1411 2397 sub
1429 2358 1569 2410 virga,
1589 2362 1635 2398 et
1657 2356 1879 2397 adducam

394 2434 475 2460 vos
507 2421 551 2460 in
583 2420 761 2460 vincula
792 2420 984 2460 foederis
1003 2419 1036 2469 ;''
1067 2420 1296 2460 “transire
1327 2420 1472 2460 facere
1505 2420 1586 2460 sub
1618 2419 1775 2472 virga'’
1807 2425 1878 2460 est

396 2483 506 2523 dura
552 2484 660 2535 pati,
704 2489 749 2522 et
795 2482 1058 2522 “vinculum
1100 2481 1323 2522 foederis”
1365 2488 1434 2522 est
1481 2480 1736 2535 conjunffio
1778 2494 1880 2522 cum

398 2545 606 2586 Domino.
670 2545 806 2598 Apud
830 2545 1088 2592 Hosclzeam,

464 2640 653 2671 “Visitabo
674 2650 778 2680 super
799 2640 894 2671 illam
915 2640 990 2671 dies
1010 2640 1190 2677 baalium,.
1207 2665 1213 2671 .
1229 2664 1236 2671 .
1251 2640 1392 2680 ,quibus
1413 2639 1476 2671 ivit
1501 2645 1581 2679 post
1599 2639 1754 2671 amasios
1774 2649 1880 2677 suos;

576 2709 583 2715 .
599 2709 605 2715 .
620 2708 627 2715 .
643 2690 843 2723 ,propterea
857 2694 950 2715 ecce.
967 2708 973 2714 .
988 2684 1173 2715 ‚deducam
1189 2681 1288 2714 [¹]vos
1306 2683 1341 2713 in
1359 2683 1548 2720 desertum,
1563 2689 1597 2713 et
1614 2689 1739 2723 postea
1757 2683 1881 2723 loquar

571 2737 676 2766 super
692 2737 752 2758 cor
776 2727 863 2766 ejus,
882 2734 916 2758 et
932 2728 1024 2758 dabo
1042 2727 1090 2757 illi
1107 2727 1229 2757 vineas
1249 2726 1326 2766 ejus
1351 2727 1442 2764 inde,
1461 2732 1495 2757 et
1515 2726 1643 2757 vallem
1664 2726 1816 2758 Achoris
1842 2726 1879 2757 in

571 2771 700 2801 ostium
722 2770 806 2810 spei,
824 2777 858 2801 et
878 2770 1106 2810 respondebit
1126 2770 1195 2800 illic
1218 2770 1318 2809 juxta
1341 2770 1416 2800 dies
1441 2770 1702 2800 adolescentiae
1727 2779 1822 2807 suae,
1844 2775 1880 2801 et

571 2814 671 2854 juxta
693 2814 768 2844 dies
792 2814 982 2844 ascendere
1007 2814 1082 2853 ejus
1108 2823 1126 2844 e
1151 2819 1244 2844 terra
1263 2813 1439 2853 Aegypti;
1467 2819 1502 2843 et
1526 2813 1561 2843 in
1586 2813 1642 2843 die
1668 2813 1743 2844 illo.
1758 2837 1787 2845 ..
1802 2821 1881 2844 .vo-

572 2857 695 2940 c1·abis(‚))
707 2857 834 2888 Marite
866 2858 924 2894 mi,
953 2862 987 2888 et
1019 2867 1090 2887 non
1119 2857 1261 2887 vocabis
1289 2856 1440 2896 amplius
1474 2855 1544 2893 Me,
1574 2856 1662 2887 Baal
1690 2855 1769 2887 mi'⁷
1796 2853 1880 2896 (12lii.

597 2909 656 2939 3—1
709 2910 715 2931 :

399 3010 478 3049 per
499 2995 689 3036 “baales
705 2995 723 3010 ''
742 3001 787 3036 et
810 2994 1080 3045 “amasios‚’‘
1099 3001 1200 3048 post
1225 3008 1335 3048 quos
1359 2995 1453 3043 ivit,
1474 2992 1784 3047 significantur
1801 2991 1879 3033 illa
