2054 3464
371 366 395 396 2
404 365 483 408 140
780 365 1108 400 APOCALYPSIS
1139 364 1436 400 EXPLICATA.

373 478 534 519 “dies”
553 478 804 532 significant
822 485 967 520 status
985 479 1106 530 lucis,
1126 481 1197 534 qui
1215 487 1318 522 sunt
1337 487 1482 522 status
1499 479 1861 523 illustrationum*

370 542 566 581 omnium
590 555 667 594 per
690 542 901 582 Divinum
919 542 1113 583 Verum:
1147 544 1265 596 quod
1287 544 1370 584 hoc
1394 558 1419 584 a
1442 544 1604 583 Divino
1627 543 1768 596 Ipsius
1789 542 1847 584 ad

370 603 634 644 salvandum
660 617 802 656 genus
828 604 1084 653 humanum,
1110 605 1383 658 significatur
1409 618 1486 658 per
1508 605 1626 658 quod
1650 604 1847 646 “volun-

369 672 438 706 tas
458 666 655 718 Jehovae
679 679 757 719 per
779 680 959 707 manum
983 667 1125 720 Ipsius
1147 667 1516 721 prosperabitur‚''
1576 667 1714 720 Apud
1739 680 1847 709 eun-
1884 728 1900 730 V

369 728 487 776 dem,

434 816 515 848 “Ne
535 817 668 855 timeto,
687 817 770 858 quia
789 817 921 849 Tecum
943 817 1018 858 Ego
1035 827 1042 854 ;
1066 819 1110 849 ab
1130 818 1266 849 oriente
1285 818 1456 849 adducam
1477 827 1599 849 semen
1622 823 1730 856 tuum,
1749 823 1787 850 et
1802 818 1848 850 ab

541 861 722 891 occidente
747 861 911 900 colligam
940 867 996 898 te;
1027 861 1140 892 dicam
1165 862 1407 901 septentrioni,
1434 861 1510 898 Da:
1542 868 1577 892 et
1601 861 1768 900 meridiei,
1794 859 1848 898 Ne

539 903 684 978 {2333
697 904 919 987 (aggiucsfilfiss
933 914 1031 936 meos
1045 914 1063 935 e
1081 904 1285 945 longinquo,
1299 911 1334 936 et
1351 905 1438 936 filias
1452 914 1549 936 meas
1566 905 1611 935 ab
1627 905 1848 936 extremitate

785 971 792 978 .
833 972 839 985 ,
905 972 912 980 .

367 1035 567 1075 crediturv
579 1035 696 1088 quod
720 1049 797 1088 per
818 1035 928 1076 haec
948 1034 1222 1088 significetur
1243 1033 1443 1076 reduffio
1464 1034 1653 1076 filiorum
1669 1034 1847 1077 Israelis

367 1098 410 1137 in
451 1103 616 1137 terram
654 1097 911 1138 Canaanem
930 1112 939 1147 ;
982 1098 1061 1138 sed
1102 1098 1186 1138 hoc
1227 1098 1285 1138 ibi
1325 1111 1412 1138 non
1456 1097 1734 1150 intelligitur,
1767 1097 1848 1139 sed

367 1159 632 1212 intelligitur
649 1160 838 1200 salvatio
860 1174 885 1200 a
908 1160 1104 1200 Domino
1121 1161 1318 1200 omnium
1337 1161 1408 1213 qui
1435 1159 1490 1200 ab
1514 1160 1618 1212 Ipso
1637 1159 1847 1200 Divinum

368 1221 536 1262 Verum
559 1223 792 1274 recipiunt,
816 1236 842 1262 a
863 1222 1020 1275 quibus
1043 1236 1158 1262 nova
1180 1222 1393 1275 ecclesia;
1426 1223 1535 1263 haec
1559 1235 1636 1274 per
1655 1225 1847 1263 “semen

368 1283 510 1336 Ipsius
522 1284 539 1299 ”
558 1284 676 1336 quod
703 1284 759 1324 ab
781 1285 953 1324 oriente
977 1284 1237 1332 adducetur,
1258 1285 1314 1324 ab
1336 1284 1571 1324 occidente
1594 1283 1846 1337 colligetur,

367 1354 412 1387 et
456 1347 575 1399 quod
617 1341 867 1399 septentrio
903 1347 1041 1395 dabit,
1075 1353 1121 1387 et
1163 1345 1405 1387 fflmeridies
1447 1360 1535 1386 non
1577 1346 1846 1399 prohibebit,

367 1408 665 1461 significatur:
704 1423 837 1462 quare
869 1409 1004 1449 etiam
1036 1409 1245 1462 sequitur,
1283 1408 1488 1449 “Adduc
1520 1408 1632 1449 filios
1662 1422 1788 1450 meos
1823 1423 1848 1451 e

367 1471 627 1524 longinquo,
652 1477 698 1511 et
724 1470 835 1511 filias
857 1484 979 1511 meas
1005 1471 1061 1511 ab
1083 1471 1374 1512 extremitate
1401 1478 1545 1512 terrae
1566 1471 1599 1522 ;”
1626 1485 1703 1525 per
1727 1470 1848 1512 “fili-

367 1547 416 1574 os
431 1533 449 1548 ’'
472 1533 780 1586 significantur
805 1534 877 1587 qui
903 1534 946 1573 in
969 1535 1083 1574 veris
1109 1534 1324 1574 ecclesiae
1351 1541 1468 1582 sunt,
1494 1541 1538 1574 et
1565 1547 1643 1586 per
1667 1533 1815 1575 “filias
1827 1534 1848 1550 ”

367 1594 439 1646 qui
465 1594 508 1634 in
535 1594 664 1634 bonis
687 1594 793 1646 ejus.
852 1605 931 1643 (Sed
949 1605 1028 1634 haec
1047 1605 1214 1634 videantur
1231 1614 1336 1643 supra,
1353 1614 1382 1634 n.
1398 1594 1734 1647 422[b],[²]724[d],
1749 1605 1849 1644 expli-

366 1664 460 1702 cata.)
518 1654 657 1706 Apud
681 1654 892 1702 eundem,

432 1747 517 1778 “Ad
536 1748 695 1778 dextram
717 1754 750 1779 et
770 1748 949 1779 sinistram
970 1758 1142 1788 erumpes,
1164 1754 1198 1779 et
1222 1758 1343 1779 semen
1365 1754 1463 1780 tuum
1483 1755 1608 1789 gentes
1627 1749 1847 1788 hereditabit,

537 1797 574 1822 et
589 1792 693 1822 urbes
710 1791 886 1822 desolatas
902 1792 1052 1822 habitari
1069 1792 1199 1823 facient
1213 1791 1231 1803 ”
1248 1792 1318 1832 (liv.
1336 1791 1387 1831 3):

366 1878 474 1919 haec
501 1878 557 1919 de
583 1878 773 1919 ecclesia
804 1892 829 1918 a
861 1879 1056 1919 Domino
1081 1879 1198 1932 apud
1230 1886 1403 1932 gentes,
1432 1893 1543 1932 quae
1569 1878 1759 1921 ecclesia
1787 1880 1847 1923 ibi

366 1940 632 1992 intelligitur
663 1954 740 1992 per
774 1940 1045 1981 “sterilem'’
1076 1955 1189 1994 quae
1221 1955 1310 1982 non
1343 1949 1591 1994 pepererat,
1619 1943 1688 1983 cui
1718 1942 1847 1984 multi

367 2002 440 2042 filii
466 2002 596 2055 (vers.
615 2014 647 2051 1,
665 2002 743 2055 ibi)
763 2016 771 2043 ε
806 2016 883 2055 per
899 2007 1091 2043 “semen
1114 2004 1232 2056 quod
1255 2004 1525 2045 hereditabit
1547 2004 1739 2057 gentes”
1755 2006 1846 2059 sig-

368 2064 572 2105 nificatur
598 2065 808 2105 Divinum
832 2065 1002 2106 Verum
1033 2066 1152 2118 quod
1178 2067 1388 2118 gentibus
1414 2067 1617 2117 dabitur;
1650 2080 1728 2120 per
1752 2067 1847 2108 “ad

367 2128 576 2168 dextram
610 2134 655 2168 et
689 2128 745 2167 ad
779 2128 1004 2168 sinistram
1037 2141 1268 2181 erumpere
1281 2128 1299 2143 ”
1330 2128 1605 2181 significatur
1637 2130 1847 2170 extensio

367 2197 412 2230 et
443 2189 781 2242 multiplicatio;
820 2203 898 2242 per
931 2189 1211 2230 “dextram'’
1239 2190 1512 2243 significatur
1543 2204 1695 2232 verum
1727 2191 1847 2245 quod

366 2253 409 2292 in
441 2252 539 2292 luce
569 2259 652 2300 est,
680 2258 725 2292 et
759 2265 836 2304 per
864 2253 1126 2292 “sinistram
1139 2252 1157 2267 ’¹
1176 2266 1335 2292 verum
1366 2253 1485 2306 quod
1517 2253 1560 2293 in
1592 2253 1760 2302 umbra,
1788 2267 1847 2295 ex

367 2328 499 2355 causa
530 2315 631 2367 quia
666 2315 710 2354 in
742 2315 909 2355 mundo
940 2314 1154 2366 spirituali
1191 2315 1247 2354 ad
1284 2315 1494 2355 dextram
1526 2322 1594 2356 est
1626 2316 1845 2366 meridies,

367 2377 439 2416 ubi
475 2376 536 2416 illi
576 2377 649 2429 qui
688 2377 732 2416 in
770 2377 889 2417 clara
925 2377 1022 2417 luce
1063 2378 1154 2417 veri
1190 2375 1308 2425 sunt,
1342 2384 1387 2418 et
1424 2378 1480 2417 ad
1517 2378 1741 2419 sinistram
1777 2386 1847 2421 est

367 2440 630 2491 septentrio,
674 2440 747 2480 ubi
793 2439 855 2479 illi
896 2440 968 2492 qui
1009 2440 1053 2479 in
1094 2439 1283 2480 obscura
1324 2440 1422 2480 luce
1463 2441 1554 2481 veri
1594 2447 1724 2492 sunt;
1769 2455 1848 2495 per

370 2501 538 2541 “urbes
571 2501 798 2542 desolatas
834 2502 1023 2542 habitari
1061 2501 1235 2542 sacere’'
1267 2502 1540 2554 significatur
1571 2503 1663 2543 vita
1693 2517 1846 2545 eorum

367 2563 612 2602 secundum
640 2563 801 2603 Divina
825 2577 943 2611 vera,
972 2577 1083 2616 quae
1110 2564 1301 2604 antehac
1329 2565 1562 2616 deperdita
1587 2571 1716 2616 sunt;
1739 2569 1849 2607 “ur-

367 2624 474 2665 bes''
500 2631 603 2665 sunt
635 2639 740 2665 vera
780 2624 1009 2666 do&rinae
1051 2640 1109 2666 ex
1143 2626 1309 2675 Verbo,
1342 2627 1600 2668 “habitari”
1626 2627 1847 2681 significat

368 2687 514 2726 vivere
555 2688 800 2727 secundum
839 2688 927 2737 illa,
959 2688 1126 2728 “urbes
1162 2687 1737 2742 desolatae”1³¹significant
1771 2691 1848 2732 illa

368 2763 470 2789 vera
506 2749 698 2790 antehac
737 2751 983 2802 deperdita,
1024 2764 1185 2804 nempe
1222 2752 1338 2804 apud
1375 2759 1561 2804 gentem
1602 2753 1846 2806 Judaicam.

371 2811 508 2865 Apud
535 2812 739 2861 eundem,

434 2909 594 2940 “Notum
609 2909 667 2940 fiet
685 2909 720 2940 in
734 2909 900 2948 gentibus
914 2919 1035 2941 semen
1053 2919 1185 2948 eorum,
1199 2916 1233 2941 et
1246 2911 1408 2950 prognati
1423 2921 1543 2942 eorum
1558 2911 1592 2942 in
1607 2911 1724 2943 medio
1737 2920 1847 2952 popu-

539 2952 674 2989 lorum;
706 2962 832 2983 omnes
856 2953 1016 2984 videntes
1041 2963 1102 2984 eos
1130 2961 1323 2994 agnoscent
1348 2964 1418 2991 eos,
1444 2955 1537 2995 quod
1566 2955 1614 2986 illi
1645 2964 1767 2986 semen
1791 2954 1850 2989 cui

540 2995 719 3026 benedixit
735 2995 895 3036 Jehovah
909 2995 926 3008 ''
943 2996 1014 3035 (lxi.
1032 2996 1084 3037 9):
