2054 3464
355 369 379 399 2
389 370 403 399 1
412 369 467 410 24
766 367 1096 402 APOCALYPSIS
1127 367 1424 401 EXPLICATA.

353 477 669 518 habitantibus
691 483 860 518 terram
883 484 930 519 et
953 477 1116 519 mare.''
1168 489 1280 528 (Quod
1294 498 1351 527 per
1366 485 1522 518 “caelum
1538 493 1570 518 et
1584 487 1727 518 terram·'
1742 487 1837 527 signi-

353 536 463 565 ficetur
477 536 608 565 ecclesia
628 536 750 565 interna
771 545 853 573 quae
874 537 1049 574 spiritualis,
1065 541 1096 566 et
1117 537 1248 566 eeclesia
1269 542 1397 566 externa
1417 546 1500 574 quae
1521 537 1680 571 naturalis.
1695 536 1838 568 videatur

352 594 458 623 supra,
478 594 508 615 n.
528 585 620 626 304.
676 586 773 622 Quod
787 595 844 623 per
859 583 1003 615 “terram
1016 586 1032 596 ''
1049 586 1143 615 etiam
1158 587 1352 624 significetur
1367 587 1538 620 damnatio,
1554 595 1585 615 n.
1601 585 1695 627 742.
1739 585 1838 623 Quod

351 647 408 675 per
421 635 438 646 ‘¹
450 639 549 667 maria
560 638 576 647 '’
593 638 809 675 significentur
823 643 965 668 extrema
979 639 1061 668 vitae
1079 639 1225 674 hominis,
1242 648 1324 676 quae
1340 644 1494 668 vocantur
1512 631 1679 673 sensualia,
1694 647 1726 668 n.
1742 636 1837 680 275,

354 691 446 731 342,
466 690 511 732 51
526 691 540 720 1
558 700 564 720 :
589 692 678 727 quod
693 691 786 720 etiam
802 692 980 728 significent
994 692 1124 726 inferna,
1139 701 1170 722 n.
1191 691 1209 734 5
1218 693 1239 733 3
1245 692 1282 733 7,
1302 691 1320 733 5
1329 683 1407 732 38.)

430 751 557 795 753.
596 742 726 787 “Ouia
754 743 966 783 deseendit
990 743 1171 784 diabolus
1200 745 1256 783 ad
1283 742 1584 795 tuisf—Quod
1614 738 1872 796 significet(
1897 752 1913 768 -2

352 803 455 855 quia
486 803 700 855 recipiunt
730 804 849 844 mala
884 818 939 844 ex
973 804 1160 856 inferno,
1194 811 1375 845 constat
1413 818 1472 844 ex
1510 803 1836 857 significatione

355 868 379 883 ‘⁸
393 863 603 913 diaboli‚⁷'
621 865 742 917 quod
761 865 819 905 sit
837 865 1059 906 infernum
1077 879 1136 906 ex
1154 879 1243 919 quo
1265 865 1385 905 mala
1403 875 1458 913 (de
1471 884 1534 912 qua
1545 884 1651 913 supra,
1664 884 1695 905 n.
1709 873 1808 916 740)
1824 877 1836 915 ;

351 930 397 964 et
423 938 481 964 ex
509 925 837 978 significatione
862 926 1175 967 “descendere
1198 926 1254 967 ad
1277 926 1415 975 illos,'’
1438 939 1539 966 cum
1561 926 1617 966 de
1639 925 1835 976 diabolo,

351 987 470 1039 quod
503 988 560 1028 sit
592 1002 690 1028 esse
722 989 839 1029 inter
869 988 984 1038 illos,
1013 989 1225 1030 seducere
1257 989 1370 1037 illos,
1399 995 1444 1029 et
1476 989 1611 1041 recipi
1642 988 1698 1029 ab
1722 988 1836 1040 illis;

352 1062 430 1101 per
459 1049 574 1099 illos,
603 1051 659 1091 ad
691 1065 803 1104 quos
829 1051 1064 1092 descendit
1091 1051 1309 1099 diabolus,
1333 1050 1645 1104 intelliguntur
1673 1051 1836 1093 “inha-

352 1112 549 1153 bitantes
572 1119 737 1154 terram
760 1120 805 1154 et
829 1113 988 1162 mare‚”
1007 1127 1085 1166 per
1106 1128 1217 1167 quos
1239 1113 1547 1166 significantur
1563 1126 1683 1154 mere
1706 1120 1838 1155 natu-

351 1174 465 1214 rales
487 1181 532 1215 et
555 1175 798 1224 sensualeS,
819 1177 892 1229 qui
916 1175 1029 1216 tales
1052 1174 1155 1217 facti
1177 1183 1279 1216 sunt
1304 1177 1406 1229 quia
1427 1175 1676 1227 rejecerunt
1697 1176 1837 1217 vitam

352 1236 467 1286 fidei,
495 1251 607 1290 quae
634 1245 821 1278 vocatur
847 1238 1068 1289 charitas;
1106 1244 1152 1279 et
1178 1239 1251 1292 qui
1283 1239 1397 1278 hanc
1425 1237 1626 1291 rejiciunt
1651 1252 1709 1279 ex
1735 1237 1836 1280 reli-

352 1300 498 1351 gione,
524 1300 761 1341 credentes
787 1307 833 1341 et
860 1301 1064 1341 dicentes
1089 1301 1223 1341 corde
1255 1314 1335 1341 suo
1361 1300 1481 1354 quod
1506 1298 1622 1341 faeta
1647 1300 1755 1341 nihil
1779 1300 1838 1342 ad

353 1361 545 1402 salutem
581 1363 760 1411 faciant,
800 1364 878 1404 sed
917 1363 1061 1404 solum
1098 1363 1222 1412 fides,
1261 1370 1307 1404 et
1345 1364 1488 1415 pietas
1523 1363 1568 1403 in
1605 1363 1742 1412 cultu,
1774 1363 1838 1404 illi

353 1433 538 1466 manent
576 1426 815 1475 naturales,
854 1427 991 1467 immo
1031 1425 1143 1467 fiunt
1183 1426 1425 1474 sensuales,
1465 1431 1681 1479 quantum
1720 1425 1840 1471 bona

353 1486 454 1528 aciu
480 1502 557 1529 seu
583 1487 699 1529 fasta
720 1488 936 1541 rejiciunt,
962 1495 1007 1529 et
1034 1503 1081 1529 se
1107 1489 1292 1529 tradunt
1314 1487 1622 1540 voluptatibus
1644 1488 1839 1530 oriundis

353 1565 411 1591 ex
430 1551 652 1591 amoribus
675 1553 739 1591 sui
762 1558 808 1592 et
832 1551 1009 1592 mundi:
1043 1551 1087 1592 hi
1109 1551 1211 1605 quia
1233 1551 1460 1591 naturales
1483 1556 1682 1599 manent,
1701 1551 1838 1601 immo

353 1613 580 1654 sensuales
606 1613 731 1662 fiunt,
761 1614 880 1654 mala
911 1628 970 1654 ex
1003 1614 1174 1654 inferno
1203 1614 1496 1654 ascendentia
1521 1626 1623 1653 cum
1641 1612 1839 1666 jucundo

353 1677 584 1728 recipiunt,
614 1690 717 1717 nam
744 1677 961 1717 naturalis
987 1677 1124 1717 homo
1149 1677 1193 1716 in
1219 1676 1304 1717 illis
1331 1690 1389 1716 ex
1417 1676 1655 1717 nativitate
1679 1682 1764 1725 est,
1791 1681 1839 1718 et
1892 1698 1894 1700 ·

355 1741 436 1780 nisi
466 1740 705 1793 spiritualis
737 1742 876 1781 etiam
908 1740 999 1789 fiat,
1027 1741 1071 1780 in
1103 1740 1189 1780 illis
1220 1746 1400 1790 manet;
1439 1752 1542 1780 nam
1573 1752 1673 1780 cum
1703 1738 1840 1781 homo

354 1802 402 1843 fit
429 1803 667 1855 spiritualis
694 1803 997 1843 communicat
1024 1815 1124 1843 cum
1147 1802 1295 1851 caelis,
1319 1808 1365 1842 et
1386 1801 1494 1858 inde
1520 1801 1642 1842 bona
1665 1801 1836 1854 recipit,

354 1872 399 1905 et
425 1865 545 1905 bona
570 1879 648 1918 per
674 1865 848 1906 caelum
876 1880 901 1906 a
928 1865 1125 1906 Domino
1150 1870 1384 1905 removent
1407 1864 1537 1913 mala,
1566 1864 1685 1918 quod
1711 1863 1838 1904 unice

354 1927 402 1968 fit
429 1941 507 1980 per
532 1929 673 1968 vitam
699 1922 946 1968 secundum
973 1934 1215 1980 praecepta
1240 1941 1298 1967 ex
1327 1927 1494 1967 Verbo.

432 2001 560 2046 754.
603 1992 790 2032 “Habeas
828 1992 931 2031 iram
968 1990 1389 2044 maynamst-Quod
1429 1989 1652 2043 significet
1690 1989 1840 2031 odium

353 2060 503 2093 contra
538 2067 644 2093 vera
683 2059 724 2093 et
764 2052 874 2093 bona
910 2052 1181 2105 spiritualia,
1221 2066 1330 2104 quae
1369 2058 1472 2092 sunt
1493 2051 1611 2105 fidei
1644 2057 1686 2091 et
1721 2051 1840 2092 vitae

353 2130 409 2156 ex
443 2115 591 2164 Verbo,
614 2115 802 2168 proinde
831 2122 982 2155 contra
1012 2129 1081 2155 eos
1112 2115 1191 2167 qui
1217 2115 1261 2154 in
1293 2114 1384 2154 illis
1415 2120 1530 2162 sunt,
1564 2119 1743 2154 constat
1775 2127 1834 2154 ex

356 2177 679 2231 significatione
723 2179 850 2218 “irae
892 2177 1121 2230 magnae,”
1159 2190 1259 2217 cum
1297 2177 1352 2217 de
1389 2175 1581 2224 diabolo,
1619 2175 1738 2229 quod
1778 2176 1836 2217 sit

355 2241 531 2281 odium:
573 2240 702 2280 “ira'’
728 2241 860 2287 enim,
893 2253 993 2280 curn
1025 2239 1080 2280 de
1112 2239 1320 2287 Domino,
1355 2237 1575 2290 significat
1607 2238 1765 2287 zelum,
1792 2238 1836 2278 in

355 2317 442 2356 quo
465 2309 617 2343 tamen
635 2303 754 2343 intus
777 2309 845 2342 est
873 2302 1071 2352 caelum;
1105 2308 1152 2342 at
1178 2314 1279 2341 cum
1302 2301 1355 2340 de
1379 2299 1648 2349 diabolo,est
1671 2300 1836 2348 odium,

355 2367 398 2405 in
430 2379 517 2418 quo
554 2366 671 2405 intus
709 2372 776 2405 est
809 2365 1054 2414 infernum;
1097 2364 1216 2417 quod
1253 2364 1363 2404 haec
1401 2370 1447 2404 et
1483 2363 1609 2416 plura
1641 2363 1726 2403 alia
1762 2376 1840 2416 per

358 2429 506 2468 “iram
519 2427 537 2442 ’‘
559 2435 604 2468 et
626 2427 1122 2468 “excandescentiam'’
1145 2426 1463 2479 significentur,
1483 2426 1687 2466 videatur
1708 2439 1840 2478 supra

358 2500 403 2537 (n.
423 2500 519 2540 413,
539 2490 618 2539 481
648 2500 713 2533 fin„
733 2488 828 2540 647,
852 2488 965 2540 693).
1025 2487 1159 2540 Quod
1195 2488 1347 2527 odium
1383 2487 1552 2527 diaboli
1587 2488 1644 2527 sit
1679 2492 1840 2527 contra

355 2564 459 2591 vera
485 2556 530 2590 et
562 2550 680 2590 bona
706 2550 964 2602 spiritualia,
993 2555 1062 2590 est
1089 2549 1190 2602 quia
1215 2562 1319 2588 vera
1345 2554 1389 2588 et
1421 2548 1540 2588 bona
1566 2561 1685 2588 mere
1712 2554 1841 2588 natu-

357 2613 465 2653 ralia
491 2618 594 2652 sunt
625 2612 710 2652 illis
738 2625 915 2664 prorsus
941 2612 1177 2664 opposita;
1214 2624 1320 2650 vera
1345 2611 1461 2650 enim
1493 2616 1539 2651 et
1570 2609 1689 2650 bona
1719 2622 1839 2650 mere

357 2674 577 2716 naturalia
599 2681 703 2714 sunt
728 2675 772 2714 in
798 2688 876 2714 sua
902 2674 1099 2714 essentia
1120 2673 1230 2714 falsa
1255 2679 1300 2713 et
1327 2672 1458 2721 mala,
1483 2672 1664 2712 tametsi
1690 2684 1839 2712 coram

355 2737 441 2777 illis
473 2738 545 2790 qui
577 2750 697 2777 mere
730 2736 955 2777 naturales
988 2742 1033 2776 et
1066 2735 1293 2776 sensuales
1325 2741 1443 2783 sunt,
1476 2740 1694 2787 apparent
1725 2734 1840 2774 sicut

355 2814 460 2840 vera
485 2806 530 2840 et
557 2800 688 2848 bona,
714 2800 816 2852 quia
841 2799 960 2840 bona
985 2812 1138 2839 eorum
1161 2804 1264 2838 sunt
1287 2797 1544 2850 voluptates
1567 2803 1613 2837 et
1634 2796 1838 2849 jucundi-

355 2869 475 2902 tates
497 2863 794 2902 scaturientes
817 2876 875 2902 ex
898 2861 1121 2902 amoribus
1143 2861 1208 2900 sui
1233 2867 1279 2900 et
1302 2859 1468 2908 mundi,
1493 2865 1538 2900 et
1562 2873 1666 2899 vera
1687 2871 1838 2900 eorum

357 2931 459 2965 sunt
486 2939 598 2977 quae
625 2924 711 2965 illis
737 2924 872 2965 bonis.
891 2925 1069 2974 favent;
1107 2929 1153 2964 et
1182 2923 1283 2976 quia
1309 2935 1484 2963 amores
1511 2923 1576 2962 sui
1607 2928 1653 2963 et
1685 2920 1836 2962 mundi

355 3001 414 3027 ex
446 2987 617 3028 inferno
648 2993 765 3037 sunt,
800 2987 900 3028 ideo
931 2987 974 3027 in
1007 3000 1084 3028 sua
1115 2985 1310 3028 essentia
1341 2991 1445 3026 sunt
1482 2984 1600 3026 mala
1636 2991 1681 3026 et
1712 2983 1835 3026 salsa.
