2008 3458
319 371 430 412 2314
729 367 1062 401 APOCALYPSIS
1091 369 1388 402 EXPLICATA.
1421 384 1425 388 .

322 481 515 535 [potest]
535 481 686 522 videre
705 482 822 535 quod
846 481 1003 522 falsum
1022 483 1093 523 sit.
1142 483 1344 536 Propone
1361 482 1541 536 aliquod
1561 481 1733 532 falsum,
1749 488 1798 524 et

318 547 387 586 dic
412 545 530 598 quod
556 545 600 584 id
624 558 776 584 verum
799 546 870 593 sit,
895 546 995 598 quia
1017 545 1074 585 ab
1096 547 1411 598 antesignano,
1436 546 1507 598 qui
1534 545 1591 585 ab
1613 545 1797 586 asseclis

319 608 513 648 creditur
544 606 794 647 illustratus
832 613 908 647 aut
947 608 1200 660 inspiratus,
1235 606 1402 648 dictum
1444 613 1543 657 est;
1586 613 1632 647 et
1665 607 1796 648 deme

320 671 504 710 rationis
524 682 663 717 usum,
684 675 730 709 et
748 670 809 709 sic
828 669 978 710 inhibe
997 683 1051 710 ne
1070 668 1326 711 intellectus
1345 669 1442 710 luce
1461 669 1610 722 aliqua
1627 670 1766 710 intret
1786 683 1796 720 ;

318 733 488 772 visurus
521 746 567 771 es
602 732 752 772 omnia
784 732 899 772 sicut
924 746 1043 780 vera,
1074 739 1119 773 et
1147 732 1509 786 persuadeberis:
1544 745 1679 772 causa
1709 738 1795 781 est,

318 795 418 847 quia
443 795 583 846 prima
610 795 858 846 propositio
885 794 1094 843 creditur,
1119 801 1165 835 et
1197 808 1287 835 non
1319 795 1508 848 primum
1535 794 1800 848 exploratur

318 869 421 896 num
459 855 535 896 illa
567 869 722 896 verum
760 857 817 896 sit
850 856 920 896 vel
956 857 1129 897 falsum.
1191 857 1256 898 Ut
1289 858 1454 897 sciatur
1486 857 1606 910 quod
1637 857 1809 902 falsum⁴

317 933 456 972 aeque
489 917 740 958 confirmari
772 920 914 971 possit
947 920 1061 959 sicut
1094 933 1262 967 verum,
1297 920 1354 960 sit
1393 919 1478 959 hoc
1524 919 1797 960 levissimum

317 981 603 1033 exemplum:
643 994 843 1033 propone
875 981 960 1022 hoc
993 981 1295 1030 ridiculosum,
1325 982 1444 1035 quod
1477 995 1637 1022 corvus
1669 981 1798 1022 albus

318 1044 389 1090 sit,
421 1049 467 1083 et
504 1041 719 1083 confirma
756 1043 798 1083 id
837 1057 914 1096 per
944 1043 1073 1092 haec,
1107 1044 1226 1097 quod
1263 1057 1422 1084 corvus
1461 1057 1551 1084 non
1588 1050 1800 1084 nascatur

318 1120 496 1159 prorsus
528 1107 667 1158 niger,
701 1106 820 1158 quod
852 1106 957 1146 dum
995 1107 1190 1146 senescit
1222 1106 1438 1154 albescat,
1473 1106 1591 1159 quod
1623 1119 1798 1159 pennae

318 1169 410 1221 ejus
424 1169 609 1209 interius
632 1168 760 1208 albae
784 1169 886 1216 sint,
908 1175 953 1209 et
972 1182 1148 1222 quoque
1166 1170 1295 1218 cutis,
1320 1175 1366 1209 et
1384 1169 1503 1222 quod
1526 1169 1586 1209 sic
1610 1168 1798 1221 nigredo

319 1233 375 1271 sit
408 1231 544 1271 modo
575 1231 732 1270 umbra
763 1230 876 1270 albis
904 1230 1280 1281 circumindu&a;
1313 1238 1359 1271 et
1386 1231 1653 1271 ratiocinare
1679 1229 1799 1283 quod

321 1293 459 1334 homo
501 1293 679 1347 quidem
721 1294 966 1333 secundum
1006 1292 1237 1347 aspectum
1279 1295 1422 1347 possit
1464 1294 1598 1347 loqui,
1637 1306 1799 1346 nempe

319 1356 467 1396 dicere
493 1356 611 1409 quod
635 1357 692 1396 sit
720 1356 859 1408 niger,
884 1356 963 1396 sed
986 1370 1123 1410 usque
1146 1371 1205 1397 ex
1229 1355 1462 1397 intellectu
1485 1357 1650 1397 debeat
1673 1356 1798 1408 cogi-

320 1425 430 1468 tare,
465 1420 566 1472 quia
605 1418 743 1458 homo
783 1426 867 1467 est,
901 1420 1019 1472 quod
1046 1419 1172 1459 albus
1206 1420 1277 1468 sit,
1311 1420 1412 1472 quia
1449 1420 1634 1459 interius
1671 1417 1799 1458 albus

307 1485 416 1530 ‘est;
453 1481 569 1519 sicut
600 1479 705 1519 licet
732 1479 787 1519 de
818 1479 924 1519 solis
955 1481 1272 1532 progressione
1299 1481 1465 1520 circum
1496 1479 1708 1520 tellurem
1738 1475 1802 1519 ex'
1858 1483 1861 1486 '

319 1541 506 1594 aspectu
542 1541 677 1594 loqui,
715 1547 763 1581 ut
797 1555 974 1594 quoque
1010 1543 1173 1582 dicitur
1204 1543 1248 1582 in
1279 1542 1450 1589 Verbo,
1483 1541 1603 1595 quod
1635 1553 1798 1594 nempe

319 1606 489 1644 oriatur
511 1609 556 1644 et
583 1603 778 1651 occidat,
802 1604 881 1643 sed
904 1618 1042 1657 usque
1065 1605 1230 1644 debeat
1257 1618 1315 1644 ex
1337 1603 1574 1644 intellectu
1595 1603 1799 1656 cogitare

319 1667 439 1720 quod
465 1667 603 1707 tellus
627 1680 674 1706 se
705 1667 1048 1716 circumvolvat,
1071 1673 1118 1707 et
1143 1667 1279 1708 faciat
1304 1667 1429 1707 illam
1454 1667 1798 1720 apparentiam;

319 1730 435 1770 adde
457 1729 694 1769 ratiocinia
720 1742 778 1768 ex
805 1728 1046 1776 coloribus,
1070 1729 1190 1782 quod
1217 1727 1375 1770 omnes
1401 1729 1492 1769 albi
1516 1729 1606 1768 sint
1629 1741 1687 1768 ex
1709 1728 1798 1768 ori-

319 1793 439 1844 gine,
464 1792 567 1844 quia
591 1797 696 1831 sunt
718 1804 777 1830 ex
804 1791 904 1831 luce
926 1791 1070 1842 caeli;
1102 1797 1148 1832 et
1171 1805 1230 1831 ex
1253 1805 1321 1840 eo,
1345 1791 1465 1844 quod
1488 1791 1634 1831 omnis
1656 1790 1796 1839 color,

319 1853 425 1893 dum
457 1852 748 1894 commolitur
777 1853 820 1892 in
858 1853 1104 1906 pulverem,
1137 1854 1275 1893 etiam
1307 1853 1574 1906 crystallum
1606 1853 1796 1905 nigrum,

319 1916 448 1955 albus
479 1916 551 1964 sit,
584 1915 639 1955 de
670 1928 758 1968 qua
788 1928 834 1954 re
865 1916 956 1955 cita
986 1914 1193 1956 auctores
1225 1916 1426 1968 optices;
1467 1915 1647 1968 insuper
1677 1914 1800 1955 aufer

317 1978 506 2018 rationis
537 1990 678 2025 usum,
712 1983 757 2017 et
790 1977 860 2017 dic
892 1978 1012 2030 quod
1042 1978 1108 2017 vir
1138 1977 1422 2018 auctoritatis
1453 1983 1499 2018 et
1534 1978 1799 2018 eruditionis

318 2040 403 2080 hoc
425 2040 603 2088 viderit,
631 2046 677 2079 et
703 2039 790 2092 fige
817 2046 1018 2087 mentem
1044 2041 1088 2080 in
1114 2039 1530 2080 confirmationibus
1555 2046 1602 2080 et
1633 2053 1724 2080 non
1753 2040 1797 2080 in

318 2103 461 2154 prima
491 2102 819 2154 propositione,
846 2101 964 2142 forte
991 2103 1074 2142 erit
1100 2103 1173 2155 qui
1199 2102 1568 2155 persuadebitur:
1602 2102 1681 2142 sed
1711 2102 1823 2147 hoc,

318 2164 609 2204 ridiculosum
641 2164 819 2212 dicitur,
843 2165 945 2218 quia
974 2164 1147 2204 fatuum
1178 2170 1248 2204 est
1280 2178 1409 2204 avem
1441 2178 1500 2204 ex
1531 2164 1620 2205 alio
1645 2164 1800 2207 colore

319 2236 453 2276 quam
485 2237 543 2263 ex
570 2237 664 2271 suo,
692 2224 734 2263 in
761 2237 849 2276 quo
880 2230 1087 2276 apparet,
1109 2223 1323 2276 judicare,
1350 2224 1412 2263 sic
1440 2224 1559 2263 enim
1581 2225 1733 2265 omnia
1754 2225 1799 2266 in

319 2285 489 2325 mundo
514 2285 773 2325 dicerentur
797 2285 915 2325 alba.
974 2285 1129 2326 Simile
1156 2291 1225 2326 est
1250 2299 1351 2326 cum
1375 2285 1499 2325 falsis
1530 2285 1799 2335 haeresium,-

318 2354 366 2388 ut
403 2360 502 2388 cum
539 2348 741 2387 maxima
777 2347 868 2395 illa,
901 2361 1015 2400 quae
1049 2347 1130 2388 suit
1166 2348 1209 2387 in
1246 2347 1429 2395 Babele‚
1467 2348 1522 2388 de
1557 2362 1644 2401 qua
1679 2349 1799 2402 apud

317 2410 561 2458 Danielem,
581 2410 701 2462 quod
724 2423 806 2449 rex
828 2410 887 2449 ibi
909 2409 1127 2450 indictum
1150 2410 1308 2457 ederit,
1328 2416 1375 2450 ut
1398 2424 1478 2463 pro
1501 2410 1602 2450 Deo
1623 2411 1798 2452 colere-

319 2480 390 2512 tur
409 2486 416 2522 ;
444 2478 492 2512 ut
510 2485 687 2524 quoque
710 2478 780 2511 est
803 2485 903 2511 cum
925 2472 1173 2513 ratiociniis
1194 2472 1388 2519 illorum,
1412 2486 1526 2525 quae
1548 2486 1608 2512 ex
1622 2473 1798 2515 inferno

319 2540 439 2582 sunt,
463 2534 585 2587 quod
607 2534 759 2573 omnia
784 2533 988 2574 Naturae
1013 2534 1117 2582 sint,
1141 2535 1280 2574 immo
1301 2535 1421 2587 quod
1448 2534 1626 2575 Natura
1651 2542 1801 2576 semet

321 2597 556 2644 creaverit,
584 2602 629 2635 et
657 2609 747 2635 non
775 2596 898 2636 Deus
924 2596 1076 2646 illam;
1108 2602 1154 2636 et
1180 2597 1214 2636 si
1240 2597 1380 2636 ausim
1404 2597 1568 2646 dicere,
1591 2598 1655 2638 ita
1685 2611 1797 2651 quo-

306 2672 405 2710 ,que
428 2664 498 2698 est
521 2670 622 2697 cum
644 2657 730 2697 fide
748 2657 1022 2709 justificante
1048 2658 1218 2711 absque
1244 2657 1410 2698 actuali
1431 2659 1552 2700 vitae
1577 2672 1797 2713 coopera-

320 2721 457 2760 tione.
516 2719 647 2760 Talia
682 2720 1001 2772 intelliguntur
1031 2720 1101 2761 hic
1138 2734 1215 2773 per
1244 2722 1412 2774 “signa
1442 2721 1651 2774 magna,'’
1681 2735 1797 2775 quae

319 2783 424 2823 fecit
447 2783 595 2822 bestia
613 2796 636 2822 e
654 2788 773 2822 terra
795 2783 1064 2830 ascendens,
1083 2789 1129 2823 et
1146 2796 1259 2835 quae
1277 2783 1381 2823 fecit
1399 2789 1447 2823 ut
1469 2784 1584 2836 ignis
1602 2784 1795 2824 descen-

321 2845 438 2884 derit
461 2858 484 2884 e
511 2844 639 2896 caelo
665 2845 708 2884 in
731 2851 899 2885 terram
925 2857 1077 2885 coram
1099 2844 1371 2894 hominibus,
1396 2852 1441 2885 et
1463 2845 1647 2886 seduxit
1668 2845 1797 2886 habi-

319 2913 474 2946 tantes
497 2920 629 2959 super
650 2913 785 2953 terra,
805 2913 991 2959 propter
1008 2907 1137 2959 signa
1154 2921 1268 2960 quae
1290 2907 1398 2947 data
1419 2908 1459 2947 ei
1479 2907 1626 2948 facere
1643 2920 1796 2948 coram

319 2969 480 3017 bestia,
505 2974 552 3009 ut
575 2969 619 3008 in
642 2969 726 3009 hoc
750 2982 881 3008 versu
903 2975 948 3009 et
970 2970 1014 3008 in
1037 2975 1255 3022 sequente
1278 2969 1454 3010 dicitur.
