2054 3464
440 361 550 410 2214
849 361 1176 396 APOCALYPSIS
1208 364 1503 397 EXPLICATA.

440 475 554 523 fidei,
579 481 624 516 et
646 476 764 529 quod
787 475 990 518 doetrina
1011 477 1145 526 vitae,
1165 492 1278 531 quae
1295 485 1484 520 vocatur
1506 477 1741 531 theologia
1762 490 1912 520 mora-

440 538 507 586 lis,
532 539 588 578 sit
614 537 817 579 d0&rina
843 539 1073 587 forinseca,
1101 540 1344 581 inserviens
1371 541 1604 589 ecclesiae,
1633 541 1668 580 si
1695 540 1832 590 libet;
1865 545 1912 582 et

440 599 669 653 spectatur
683 602 796 641 sicut
816 601 924 641 nihil
943 602 1101 642 salutis
1118 603 1161 642 in
1181 617 1246 651 ea,
1263 604 1365 656 quia
1383 603 1490 643 nihil
1506 602 1622 650 fidei,
1639 615 1740 643 cum
1758 608 1913 642 tamen

440 663 548 703 fides
581 670 788 716 separata
819 677 845 703 a
874 665 967 705 vita
999 678 1088 704 non
1119 666 1254 714 vivit;
1296 672 1343 706 et
1375 679 1464 705 non
1496 666 1659 712 vivum,
1693 663 1811 717 quod
1842 668 1913 704 est

441 732 679 773 mortuum,
718 727 942 767 neminem
981 727 1139 768 salvat.
1201 728 1477 769 Autumatur
1513 727 1632 780 quod
1674 727 1813 767 homo
1852 738 1912 767 ex

441 787 642 828 doctrina
664 788 765 829 fidei
783 796 1019 842 separatae
1042 791 1184 842 possit
1207 791 1388 831 credere
1411 791 1530 843 quod
1555 789 1679 830 Deus
1700 790 1772 837 sit,
1793 787 1913 842 quod

441 850 614 890 caelum
642 857 687 891 et
715 851 933 892 infernum
960 853 1064 901 sint,
1090 853 1207 905 quod
1231 853 1324 893 vita
1350 859 1452 905 post
1479 858 1671 892 mortem
1698 853 1770 900 sit,
1794 851 1914 905 quod

440 912 639 953 Verbum
668 914 877 954 Divinum
900 915 971 962 sit,
996 921 1042 955 et
1068 915 1186 968 quod
1208 915 1309 955 ideo
1332 915 1556 955 credenda
1578 915 1667 955 sint
1690 929 1803 968 quae
1824 915 1883 956 ibi
1903 928 1913 966 ;

440 975 551 1016 haec
579 976 756 1028 quidem
783 983 936 1029 potest
964 977 1101 1017 homo
1127 978 1253 1025 scire,
1278 983 1431 1030 potest
1458 979 1671 1030 cogitare,
1695 978 1833 1018 immo
1854 991 1914 1018 ex

440 1037 625 1077 rationis
658 1038 822 1078 lumine
854 1044 1008 1091 potes't
1039 1039 1323 1092 aliquatenus
1355 1040 1623 1092 intelligere,
1658 1040 1737 1080 sed
1774 1053 1914 1093 usque

441 1112 530 1138 non
554 1106 705 1152 potest
727 1100 903 1140 illorum
922 1101 1088 1142 habere
1106 1101 1238 1142 fidem
1262 1116 1374 1154 quae
1397 1103 1469 1142 diu
1492 1108 1644 1143 manet
1667 1108 1771 1155 post
1794 1115 1913 1143 rnor-

441 1167 533 1201 tem
553 1176 560 1210 ;
594 1161 702 1202 fides
721 1163 838 1202 enim
856 1164 976 1204 vitae
995 1170 1162 1211 manet,
1183 1164 1261 1204 sed
1286 1177 1375 1204 non
1395 1163 1503 1204 fides
1521 1170 1730 1217 separata
1751 1178 1777 1205 a
1793 1165 1913 1214 vita3

440 1230 485 1264 et
512 1225 604 1264 vita
631 1226 844 1265 unicuivis
870 1232 938 1266 est
965 1227 1080 1266 sicut
1107 1226 1244 1266 homo
1270 1227 1469 1266 abstinet
1495 1240 1520 1266 a
1553 1226 1695 1274 malis,
1723 1239 1774 1267 ac
1801 1226 1914 1279 fugit

440 1292 486 1326 et
523 1293 754 1327 aversatur
791 1287 879 1335 illa,
918 1289 1020 1340 quia
1061 1294 1221 1328 contra
1257 1288 1457 1328 Verbum
1500 1295 1617 1336 sunt,
1656 1289 1720 1328 ita
1755 1295 1915 1330 contra

442 1349 709 1399 Dominum;
747 1349 856 1390 fides
887 1364 946 1390 ex
978 1351 1062 1391 hac
1089 1352 1183 1391 vita
1216 1357 1370 1391 manet
1402 1351 1631 1391 hominem
1661 1357 1764 1404 post
1795 1364 1913 1392 mor-

441 1418 548 1458 tem,
577 1412 678 1464 quia
704 1418 772 1452 est
805 1426 830 1452 a
862 1413 1071 1461 Domino,
1100 1420 1146 1454 et
1178 1414 1282 1453 inde
1309 1414 1489 1453 Domini
1516 1414 1633 1466 apud
1659 1414 1912 1454 hominem:

441 1488 498 1513 ex
525 1473 592 1513 his
619 1481 828 1515 constare
851 1482 1003 1528 potest
1030 1475 1148 1528 quod
1175 1475 1312 1516 homo
1338 1490 1396 1516 ex
1423 1476 1520 1516 sola
1542 1476 1627 1516 fide
1654 1489 1710 1516 ne
1735 1475 1914 1529 quidem

441 1537 621 1577 credere
654 1538 795 1589 possit
826 1538 944 1590 quod
983 1538 1104 1577 Deus
1142 1539 1225 1588 sit;
1268 1539 1370 1591 quid
1409 1544 1514 1578 tunc
1548 1538 1729 1579 credere
1761 1544 1914 1591 potest

376 1596 377 1601 ’
439 1599 636 1652 reliqua?
698 1599 808 1639 Inde
831 1613 946 1640 nunc
970 1600 1169 1653 sequitur
1187 1601 1305 1653 quod
1329 1598 1532 1640 doctrina
1553 1600 1655 1640 fidei
1678 1607 1915 1654 separatae

440 1663 643 1702 destruat
666 1661 904 1702 ecclesiam
927 1663 1074 1716 quoad
1098 1663 1246 1702 omnia
1269 1663 1388 1703 bona
1414 1670 1459 1703 et
1487 1677 1592 1704 vera
1614 1663 1719 1715 ejus.
1780 1662 1913 1716 Quod

439 1727 502 1765 ita
534 1726 606 1773 sit,
636 1738 694 1764 ex
727 1724 891 1765 talibus
918 1731 1021 1778 post
1049 1732 1256 1772 mortem,
1286 1738 1386 1765 cum
1414 1726 1570 1778 quibus
1598 1726 1775 1774 locutus
1800 1738 1912 1774 sum,

440 1788 615 1828 abunde
648 1787 754 1827 mihi
791 1789 963 1840 patuit;
1005 1786 1253 1828 sectatores
1285 1794 1330 1828 et
1363 1788 1619 1829 defensores
1651 1787 1752 1829 fidei
1783 1802 1913 1842 sepa-

439 1857 580 1898 ratae,
604 1851 676 1903 qui
704 1851 839 1890 modo
861 1857 1102 1891 externum
1125 1850 1273 1903 poculi
1300 1857 1345 1891 et
1373 1852 1553 1903 patinae
1581 1857 1842 1904 purgarunt,
1866 1857 1913 1892 et

440 1926 529 1953 non
552 1914 790 1961 internum,
811 1919 913 1966 post
932 1911 1142 1953 exactum
1166 1919 1357 1966 tempus,
1378 1915 1528 1954 omnia
1546 1927 1658 1967 quae
1680 1915 1723 1954 in
1747 1914 1914 1955 mundo

439 1976 651 2015 dixerunt
679 1981 724 2015 et
755 1975 1039 2015 crediderunt
1066 1989 1171 2015 suae
1203 1975 1303 2015 fidei
1334 1989 1432 2016 esse
1458 1975 1732 2027 rejecerunt;
1769 1982 1816 2016 et
1841 1975 1914 2018 vel

440 2052 501 2086 se,
525 2038 596 2078 vel
623 2038 749 2084 alios,
774 2039 846 2090 qui
872 2039 1080 2091 potentia
1105 2044 1150 2078 et
1176 2038 1345 2078 artibus
1371 2039 1415 2078 in
1441 2039 1612 2079 inferno
1638 2039 1758 2079 notis
1783 2052 1913 2092 prae-

440 2106 578 2148 stant,
595 2114 674 2152 pro
692 2100 773 2139 diis
791 2107 1045 2152 agnoscunt
1064 2114 1072 2150 ;
1105 2101 1243 2140 immo
1261 2100 1316 2140 ad
1335 2115 1439 2141 vera
1458 2100 1610 2150 Verbi,
1627 2115 1740 2154 quae
1758 2099 1913 2142 sansta

440 2163 650 2202 dixerunt
677 2163 719 2202 in
747 2163 926 2210 mundo,
954 2163 1114 2203 rident.

516 2238 641 2282 797.
681 2240 787 2277 [Vm-s.
805 2241 848 2277 6.]
889 2230 966 2269 “Et
986 2230 1146 2282 aperuit
1163 2243 1208 2271 os
1228 2244 1342 2271 suum
1362 2231 1401 2270 ln
1417 2230 1699 2282 blasphemiam
1718 2230 1915 2271 adver-sus

440 2290 795 2343 Deum.''-Quod
830 2291 1055 2343 significet
1078 2293 1448 2346 falsificationem
1485 2293 1653 2333 Divini
1695 2291 1812 2341 Veri,
1845 2293 1915 2333 z'ta

449 2354 593 2401 Verbi,
626 2354 744 2406 quod
772 2368 799 2394 a
834 2354 1020 2394 Domino
1052 2362 1094 2395 et
1126 2356 1244 2408 quod
1271 2362 1338 2396 est
1369 2355 1602 2401 Dominus,
1634 2361 1817 2395 constat
1852 2368 1912 2395 ex

439 2414 764 2467 significatione
790 2416 996 2467 “aperire
1020 2430 1068 2456 os
1091 2416 1248 2456 suum''
1271 2429 1370 2457 curn
1394 2430 1470 2469 per
1495 2420 1582 2456 “os
1597 2415 1616 2430 ’‘
1638 2414 1914 2468 significatur

439 2475 657 2523 doffiina,
672 2482 717 2515 et
735 2476 839 2515 inde
857 2476 1109 2525 instructio,
1124 2478 1400 2530 praedicatio
1418 2484 1463 2517 et
1481 2477 1772 2517 ratiocinatio
1784 2486 1838 2525 (de
1850 2486 1914 2524 qua·

437 2557 541 2585 supra,
558 2557 587 2577 n.
605 2546 751 2589 [11794)‚
776 2538 895 2590 quod
922 2538 978 2578 sit
1004 2539 1240 2587 instruere,
1265 2539 1527 2591 praedicare
1553 2544 1599 2578 et
1624 2539 1910 2588 ratiocinari;

439 2616 497 2642 ex
519 2601 845 2654 significatione
866 2601 1249 2655 “blasphemiae‚'’
1271 2604 1389 2656 quod
1417 2604 1473 2642 sit
1499 2601 1751 2643 falsificatio
1773 2601 1912 2642 Verbi

439 2676 577 2715 usque
599 2662 655 2701 ad
678 2662 1033 2702 destructionem
1057 2663 1207 2703 Divini
1233 2663 1356 2708 Veri,
1381 2663 1513 2716 quale
1539 2669 1608 2703 est
1634 2663 1678 2702 in
1704 2662 1833 2703 caelo
1858 2673 1914 2711 (de

438 2743 501 2771 qua
512 2743 615 2771 supra,
629 2743 659 2762 n.
674 2725 790 2774 778);
817 2730 862 2764 et
881 2737 939 2763 ex
957 2724 1284 2776 significatione
1305 2729 1329 2745 ‘¹
1344 2725 1468 2771 Dei,''
1485 2725 1604 2778 quod
1622 2725 1679 2765 sit
1698 2724 1911 2765 Divinum

439 2787 621 2835 Verum,
638 2788 701 2827 ita
717 2787 916 2827 Verbum
934 2801 943 2838 ;
971 2794 1016 2828 et
1035 2789 1136 2841 quia
1155 2788 1363 2828 Divinum
1382 2789 1549 2828 Verum
1568 2795 1637 2829 est
1656 2802 1681 2828 a
1700 2788 1909 2836 Domino,

439 2856 483 2889 et
507 2856 576 2889 est
603 2849 820 2889 Dominus
847 2851 890 2889 in
917 2850 1056 2898 caelo,
1081 2850 1182 2890 ideo
1204 2864 1281 2903 per
1306 2851 1670 2903 “blasphemiam
1697 2850 1910 2890 adversus

440 2911 584 2951 Deum
601 2911 620 2926 ’'
642 2911 917 2964 significatur
938 2912 1190 2953 falsificatio
1214 2913 1361 2952 Divini
1386 2913 1492 2953 Veri
1515 2927 1591 2953 seu
1615 2913 1767 2960 Verbi,
1791 2912 1910 2966 quod

439 2987 463 3013 a
491 2973 698 3022 Domino,
723 2981 768 3014 et
795 2974 914 3027 quod
941 2981 1010 3015 est
1038 2975 1281 3015 Dominus:
1321 2976 1439 3028 quod
1466 2977 1602 3016 etiam
1626 2975 1825 3016 Verbum
1851 2975 1910 3016 sit
