2054 3464
371 364 479 415 2038
781 368 1112 402 APOCALYPSIS
1142 359 1440 400 EXPLICATA.

370 483 607 524 infestetur
632 497 657 523 a
689 481 817 522 malis
849 487 895 522 et
927 480 1063 529 falsis,
1090 480 1205 521 adeo
1236 486 1284 521 ut
1307 481 1384 520 vix
1417 479 1530 520 sciat
1562 478 1693 520 aliter
1714 491 1847 533 quam

370 546 489 599 quod
520 546 564 585 in
596 545 766 586 inferno
793 545 865 592 sit,
893 543 1163 596 intelligitur
1188 557 1266 596 per
1292 543 1410 596 quod
1435 541 1677 594 f‘Jehovah
1703 541 1847 582 duxe-

369 609 426 648 rit
468 614 514 648 te
556 621 633 660 per
664 607 894 646 desertum
937 618 1150 658 magnum
1192 611 1238 645 et
1280 603 1575 652 formidabile,
1609 603 1846 656 serpentis,

367 670 594 723 presteris,
623 669 885 721 scorpionis,
914 673 959 708 et
992 668 1088 708 sitis
1115 668 1188 707 ubi
1215 681 1304 707 non
1332 680 1473 720 aquae
1491 665 1524 706 :”
1555 679 1633 719 per
1657 665 1846 707 “deser-

367 739 462 772 tum
482 744 696 783 magnum
714 737 759 771 et
782 729 1094 770 formidabile”
1112 729 1422 782 significantur
1439 742 1601 781 graves
1624 728 1845 769 tentatio-

366 807 444 834 nes
463 808 471 844 ;
499 807 577 846 per
591 796 616 813 ‘⁴
630 798 902 846 serpentem,
919 798 1182 845 presterem,
1199 790 1522 844 scorpionem,”
1538 789 1848 843 significantur

366 855 485 896 mala
516 862 562 895 et
594 855 706 895 falsa
732 868 832 895 cum
865 854 1226 907 persuasionibus
1258 853 1539 906 emergentia
1565 867 1623 893 ex
1650 852 1848 894 sensuali

365 925 410 958 et
436 918 630 958 naturali
650 917 861 967 homine;
889 921 913 937 “
931 923 1165 970 serpentes
1178 916 1197 932 ''
1219 923 1323 956 sunt
1351 916 1469 956 mala
1495 916 1612 964 inde,
1635 918 1846 968 “preste-

364 995 433 1021 res
446 980 466 995 ''
492 987 596 1021 sunt
628 980 740 1020 falsa
770 980 889 1028 inde,
923 986 969 1020 et
1004 980 1301 1032 “scorpiones
1315 979 1333 993 ”
1366 985 1469 1019 sunt
1502 979 1844 1031 persuasiones;

364 1057 442 1095 per
470 1043 631 1083 “sitim
665 1042 738 1082 ubi
770 1056 860 1082 non
892 1041 1064 1095 aquae”
1092 1040 1369 1094 significatur
1397 1039 1596 1081 defeetus,
1628 1046 1674 1081 et
1705 1041 1846 1082 inter-

365 1105 506 1146 clusio
533 1106 637 1145 veri.
701 1104 786 1145 Illa
812 1119 987 1158 quoque
1013 1104 1330 1157 intelliguntur
1355 1118 1434 1157 per
1459 1104 1579 1157 quod
1604 1103 1846 1156 “Jehovah

364 1167 576 1208 afflixerit
600 1174 660 1216 te,
685 1173 731 1208 et
754 1167 1003 1208 tentaverit
1027 1173 1088 1215 te,
1113 1173 1161 1207 ut
1189 1173 1488 1219 cognosceret
1511 1166 1616 1220 quid
1642 1167 1686 1206 in
1709 1165 1845 1207 corde

364 1230 482 1270 tuo.''
546 1229 624 1284 (2.)
670 1229 803 1282 Quod
836 1230 1057 1270 Dominus
1084 1229 1201 1282 apud
1233 1229 1463 1269 hominem
1489 1234 1660 1281 pugnet
1687 1234 1847 1270 contra

365 1292 483 1332 mala
512 1299 558 1333 et
591 1292 702 1332 falsa
733 1306 847 1346 quae
873 1292 930 1332 ab
961 1292 1147 1340 inferno,
1176 1291 1454 1344 significatur
1479 1305 1557 1344 per
1588 1291 1707 1344 quod
1735 1291 1846 1344 “Je-

364 1355 515 1395 hovah
542 1356 763 1395 invenerit
787 1355 1006 1407 Jacobum
1032 1356 1076 1395 in
1103 1355 1300 1400 deserto,
1328 1355 1372 1394 in
1398 1355 1633 1402 inanitate,
1662 1353 1844 1406 ejulatu,

364 1417 620 1466 solitudine,
637 1418 933 1458 custodiverit
953 1430 1054 1458 eum
1074 1418 1187 1457 sicut
1211 1416 1427 1470 pupillam
1450 1416 1566 1457 oculi
1588 1417 1653 1456 sui
1671 1416 1704 1467 ;”
1726 1416 1846 1470 quod

367 1481 654 1533 “portaverit
688 1494 788 1520 eum
822 1482 937 1520 sicut
970 1486 1125 1534 portat
1157 1481 1222 1520 vir
1252 1479 1390 1520 filium
1423 1479 1602 1530 suum;”
1638 1479 1846 1533 quodque

367 1543 647 1594 “praeiverit
694 1543 781 1583 illis
830 1544 874 1583 in
921 1544 1025 1595 igne
1070 1541 1219 1590 noctu,
1267 1549 1312 1583 et
1358 1543 1401 1582 in
1451 1542 1568 1583 nube
1616 1540 1847 1582 interdiu.''
1908 1598 1911 1599 ⁷

367 1603 445 1658 (3.)
496 1604 630 1657 Quod
670 1605 890 1646 Dominus
926 1606 1100 1646 interea
1131 1611 1360 1645 sustentet
1398 1604 1628 1645 hominem
1663 1604 1764 1644 cibo
1799 1609 1846 1644 et

363 1674 474 1719 potu
504 1667 737 1720 spirituali,
766 1682 879 1721 quae
912 1675 1016 1708 sunt
1048 1668 1167 1708 bona
1199 1674 1244 1708 et
1278 1681 1382 1707 vera
1414 1666 1540 1715 caeli,
1569 1665 1848 1719 significatur

363 1744 441 1782 per
475 1731 594 1783 quod
635 1731 891 1771 “cibaverit
929 1730 1030 1771 illos
1067 1730 1272 1778 manna‚''
1315 1730 1434 1783 quod
1474 1729 1722 1770 “eduxerit
1759 1728 1846 1770 illis

363 1806 500 1846 aquas
537 1807 561 1834 e
597 1800 727 1846 petra
764 1793 983 1846 scopuli‚”
1015 1799 1060 1834 et
1097 1793 1216 1846 quod
1252 1793 1470 1832 “duxerit
1502 1798 1548 1832 et
1580 1792 1845 1832 instruxerit

363 1855 464 1896 illos
482 1856 515 1906 ;”
542 1870 620 1909 per
646 1861 671 1876 ‘⁶
687 1870 899 1897 mannam
912 1856 930 1871 ”
952 1856 1222 1909 intelligitur
1243 1856 1410 1896 bonum
1433 1856 1597 1895 amoris
1620 1854 1844 1904 caelestis,

363 1924 409 1958 et
446 1932 525 1971 per
564 1923 739 1972 “aquas
780 1933 803 1960 e
838 1925 967 1972 petra
1004 1918 1207 1972 scopuli”
1236 1918 1552 1970 intelliguntur
1582 1931 1689 1959 vera
1727 1917 1846 1958 illius

364 1981 468 2020 boni
495 1995 520 2020 a
547 1981 758 2022 Domino.
823 1981 902 2035 (4.)
948 1981 1082 2034 Quod
1115 1980 1331 2021 naturalis
1358 1980 1495 2020 homo
1521 1979 1596 2020 illa
1621 1980 1665 2020 in
1692 1985 1844 2021 tenta-

365 2043 560 2083 tionibus
587 2043 805 2092 fastidiat,
833 2043 1102 2096 intelligitur
1134 2057 1212 2096 per
1243 2043 1361 2096 quod
1394 2042 1469 2082 filii
1502 2041 1680 2082 Israelis
1707 2043 1846 2082 toties

365 2107 601 2158 conquesti
624 2107 714 2146 sint
743 2106 799 2146 de
823 2119 1001 2154 manna,
1026 2112 1072 2147 et
1095 2106 1214 2159 quod
1236 2106 1485 2158 cupiverint
1508 2105 1631 2145 cibos
1654 2103 1845 2158 Aegyp-

365 2168 425 2217 ti;
468 2181 604 2220 quare
636 2167 706 2208 hic
739 2168 902 2208 dicitur
934 2169 1054 2221 quod
1080 2168 1319 2220 “Jehovah
1352 2167 1562 2207 afflixerit
1592 2173 1652 2215 te,
1681 2168 1846 2208 esurire

364 2229 518 2269 fecerit
537 2236 597 2278 te,
618 2236 663 2270 et
690 2230 905 2271 cibaverit
932 2230 1133 2271 manna.”
1198 2229 1275 2284 (5.)
1311 2229 1444 2283 Quod
1469 2243 1606 2283 usque
1629 2229 1846 2270 naturalis

365 2291 502 2332 homo
534 2292 756 2341 dometur,
785 2299 831 2333 et
865 2293 990 2346 quasi
1022 2293 1237 2334 moriatur
1268 2306 1367 2333 cum
1400 2292 1492 2345 ejus
1524 2292 1845 2345 concupiscen-

365 2355 452 2403 tiis,
486 2360 532 2395 et
570 2355 829 2407 subjiciatur
869 2356 1089 2409 spirituali
1130 2356 1312 2404 homini,
1346 2361 1737 2408 repraesentatum
1775 2361 1845 2396 est

366 2430 444 2469 per
466 2417 585 2470 quod
611 2431 768 2458 omnes
791 2418 863 2471 qui
887 2418 1107 2471 Aegypto
1130 2419 1383 2466 exiverunt,
1409 2425 1454 2458 et
1477 2417 1580 2458 illuc
1604 2418 1747 2458 redire
1769 2430 1845 2458 cu-

365 2480 587 2532 piverunt,
609 2493 659 2520 ac
684 2481 727 2520 in
750 2486 918 2520 terram
937 2480 1195 2521 Canaanem
1218 2481 1384 2520 intrare
1402 2487 1659 2528 renuerunt,
1679 2481 1844 2521 mortui

365 2543 455 2582 sint
493 2543 536 2582 in
575 2543 771 2591 deserto,
806 2549 851 2583 et
884 2544 1003 2596 quod
1039 2543 1233 2583 infantes
1265 2543 1441 2583 illorum
1473 2543 1516 2582 in
1548 2542 1672 2582 illam
1703 2543 1846 2583 intro—

365 2603 487 2645 ducti
514 2605 628 2645 sint:
663 2605 782 2658 quod
808 2605 919 2645 haec
946 2619 1024 2658 per
1049 2605 1126 2645 illa
1151 2611 1493 2658 repraesentata
1519 2610 1566 2645 et
1592 2604 1847 2657 significata

354 2668 471 2716 sint,
488 2680 578 2707 non
597 2668 697 2708 sciri
719 2681 770 2708 ac
789 2668 927 2708 videri
946 2674 1100 2721 potest
1119 2669 1201 2708 nisi
1223 2681 1356 2721 quarn
1379 2681 1437 2707 ex
1455 2680 1589 2708 sensu
1611 2667 1844 2720 spirituali.

369 2729 448 2783 (6.)
493 2729 627 2782 Quod
654 2730 791 2770 homo
814 2737 917 2783 post
941 2731 1222 2771 tentationes
1245 2729 1488 2783 spiritualis
1514 2729 1607 2777 fiat,
1628 2743 1678 2770 ac
1701 2730 1844 2770 intro-

363 2794 553 2833 ducatur
578 2794 622 2833 in
648 2793 900 2841 ecclesiam,
929 2799 975 2834 et
1007 2807 1085 2846 per
1111 2793 1348 2834 ecclesiam
1375 2794 1418 2832 in
1448 2791 1637 2840 caelum,
1665 2805 1844 2845 reprae-

364 2863 595 2898 sentatum
621 2863 691 2897 est
721 2870 798 2909 per
824 2855 1203 2897 introductionem
1229 2855 1405 2896 illorum
1432 2856 1475 2895 in
1502 2861 1669 2895 terram
1696 2854 1843 2896 Cana-

363 2933 509 2969 anem,
557 2933 660 2959 nam
705 2923 865 2959 “terra
910 2918 1124 2960 Canaan'’
1165 2917 1448 2971 significabat
1495 2917 1748 2966 ecclesiam,
1795 2923 1842 2958 et

363 2997 539 3037 quoque
580 2981 780 3034 caelum3
827 2988 872 3023 et
914 2982 958 3022 id
1000 2980 1276 3034 significatur
1315 2994 1393 3034 per
1434 2981 1554 3034 quod
1598 2979 1841 3033 “jehovah
