2008 3458
283 406 287 410 ,
319 366 429 419 2476
729 372 1062 405 APOCALvPsm
1093 372 1392 406 EXPL1CATA.

318 500 451 527 omne
473 486 619 534 robur,
640 486 814 534 dicitur,
837 485 1090 526 “incedens
1114 486 1156 525 in
1181 484 1469 526 multitudine
1492 485 1664 526 roboris
1686 485 1752 527 sui
1767 484 1804 527 :⁵⁹

313 549 525 602 judicium
553 563 683 601 super
705 549 849 589 bonos
871 554 917 588 et
941 562 1071 601 super
1095 548 1238 588 malos
1260 563 1319 588 ex
1343 548 1508 588 Divino
1531 562 1624 596 suo,
1644 555 1690 590 et
1713 548 1802 590 sal·

317 613 440 652 vatio
458 612 574 659 inde,
595 610 864 663 intelligitur
882 624 959 663 per
980 610 1120 663 “Ego
1138 612 1210 663 qui
1234 610 1392 664 loquor
1409 611 1452 650 in
1466 610 1654 663 justitia,
1674 623 1803 665 mag-

318 688 399 714 nus
418 675 473 714 ad
497 674 762 714 salvandum
781 673 815 713 :”
841 673 1058 714 violentia
1077 673 1205 714 illata
1223 673 1379 714 Verbo
1401 687 1426 713 a
1448 679 1587 726 gente
1602 673 1802 726 Judaica,

318 736 593 789 significatur
612 750 690 788 per
711 739 735 755 ‘⁴
750 734 900 787 Quare
918 736 1188 776 rubicundus
1207 736 1354 789 quoad
1373 743 1562 783 vestem,
1583 742 1629 776 et
1651 742 1804 777 vestes

318 801 420 840 tua'e
448 800 562 838 sicut
587 798 806 838 calcantis
829 799 873 838 in
901 798 1111 838 torculari
1127 798 1165 839 ?”
1200 799 1508 839 “rubicundus
1532 799 1680 852 quoad
1702 812 1802 840 ves-

318 861 442 902 tem‘'
470 862 631 901 dicitur
662 861 717 900 de
749 860 966 900 violentia
997 861 1124 901 illata
1154 861 1318 901 Divino
1346 861 1474 901 Bono
1500 860 1655 909 Verbi,
1683 860 1803 914 quod

318 938 448 977 supra
471 938 548 976 per
568 927 593 943 “
608 923 866 963 Edomum”
883 922 1164 964 intellectum
1187 930 1271 972 est,
1292 937 1342 964 ac
1365 928 1554 964 “vestes
1572 924 1687 965 sicut
1709 923 1804 965 cal-

318 988 462 1027 cantis
486 987 528 1026 in
553 986 765 1026 torculari
778 986 796 1000 ’‘
815 986 1022 1027 dicuntur
1039 987 1095 1027 de
1113 986 1330 1027 violentia
1349 986 1476 1026 illata
1496 986 1661 1027 Divino
1679 985 1804 1027 Vero

318 1050 390 1095 ibi,
411 1049 528 1101 quod
547 1062 678 1101 supra
698 1062 775 1101 per
796 1052 820 1068 “
835 1048 1055 1088 Bozram”
1073 1048 1354 1090 intellectum
1373 1055 1442 1089 est
1460 1062 1468 1088 ε
1501 1053 1690 1090 “vestes
1708 1048 1803 1089 Do-

319 1112 423 1150 mini
438 1111 455 1125 ''
478 1111 732 1163 significant
757 1110 958 1151 Verbum
986 1112 1029 1151 in
1057 1111 1223 1159 littera,
1249 1112 1317 1151 cui
1340 1111 1558 1152 violentia
1580 1110 1707 1152 illata
1732 1117 1804 1152 est

319 1187 396 1226 per
421 1173 776 1214 adulterationes
809 1180 855 1214 et
881 1173 1215 1215 falsificationes
1243 1174 1360 1227 ejus;
1398 1174 1643 1227 prostratio
1669 1173 1803 1214 infer-

324 1250 480 1277 norum
499 1250 548 1277 ac
568 1236 778 1276 falsorum
797 1237 900 1277 inde
919 1250 976 1277 ex
996 1238 1173 1290 propria
1192 1238 1413 1290 potentia,
1434 1236 1710 1290 significatur
1726 1250 1805 1290 per

322 1299 580 1340 “Torcular
612 1299 782 1340 calcavi
815 1299 950 1347 solus,
980 1306 1025 1340 et
1058 1300 1114 1340 de
1146 1300 1321 1353 populis
1354 1313 1443 1341 non
1475 1301 1541 1340 vir
1572 1299 1752 1340 Mecum
1769 1298 1804 1340 :’'

318 1360 508 1414 dejectio
533 1362 709 1402 illorum
736 1363 778 1402 in
806 1362 975 1403 inferna
1001 1364 1074 1416 qui
1106 1363 1149 1402 in
1177 1363 1281 1403 diris
1308 1363 1437 1403 malis
1469 1369 1515 1403 et
1547 1362 1650 1403 inde
1681 1361 1804 1403 falsis

318 1424 508 1473 fuerunt,
527 1424 805 1477 significatur
822 1438 900 1478 per
920 1428 945 1445 “
959 1424 1141 1466 Calcavi
1161 1439 1238 1465 eos
1261 1426 1304 1465 in
1329 1426 1391 1465 ira
1414 1438 1528 1473 mea,
1549 1431 1596 1466 et
1618 1424 1804 1480 concul-

319 1487 416 1527 cavi
441 1501 517 1527 eos
540 1488 581 1526 in
607 1487 992 1528 excandescentia
1015 1500 1114 1528 mea
1135 1487 1168 1538 ;''
1194 1490 1219 1508 “
1234 1489 1296 1528 ira
1307 1488 1331 1503 ”'
1344 1488 1504 1528 dicitur
1526 1488 1582 1528 de
1605 1487 1735 1528 malis
1757 1493 1804 1528 et

322 1550 743 1590 “excandescentia
759 1550 777 1564 ’‘
795 1550 851 1591 de
869 1550 989 1590 falsis
1008 1564 1017 1600 3
1049 1550 1160 1590 haec
1181 1551 1435 1591 tribuuntur
1453 1550 1664 1599 Domino,
1685 1556 1804 1591 tam-

320 1613 404 1652 etsi
426 1612 489 1652 illi
512 1613 584 1666 qui
606 1614 649 1652 in
673 1612 801 1653 malis
825 1619 870 1653 et
893 1613 997 1653 inde
1020 1613 1140 1653 falsis
1164 1620 1268 1654 sunt
1291 1614 1542 1654 irascuntur
1565 1619 1610 1654 et
1634 1626 1804 1654 excan-

319 1675 510 1715 descunt
533 1681 691 1715 contra
715 1675 959 1715 Dominum
982 1690 990 1724 ;
1025 1682 1070 1716 et
1094 1675 1435 1728 quiajudicium,
1456 1690 1544 1729 quo
1566 1675 1805 1728 subjugata

319 1745 422 1778 sunt
441 1738 623 1786 inferna,
641 1737 805 1778 factum
825 1745 894 1779 est
913 1752 938 1779 a
958 1739 1154 1778 Domino
1172 1753 1250 1791 per
1267 1740 1548 1779 tentationes
1566 1740 1609 1779 in
1629 1738 1804 1779 Huma-

320 1814 424 1840 num
448 1814 573 1840 suum
592 1801 825 1849 admissas,
847 1815 984 1854 usque
1007 1802 1062 1841 ad
1084 1801 1288 1842 ultimam
1307 1816 1419 1855 quae
1438 1802 1516 1842 fuit
1539 1802 1688 1855 passio
1705 1814 1803 1842 cru-

320 1864 396 1911 cis,
417 1863 518 1903 ideo
535 1864 710 1912 dicitur,
727 1863 900 1904 “Unde
919 1877 1075 1917 sparsa
1094 1871 1163 1904 est
1181 1863 1367 1905 vic‘toria
1385 1878 1537 1905 eorum
1556 1878 1687 1917 super
1702 1878 1804 1905 ves-

320 1933 389 1966 tes
422 1939 558 1974 meas,
587 1934 633 1966 et
666 1940 799 1966 omne
826 1927 1149 1967 vestimentum
1176 1941 1323 1967 meum
1357 1927 1495 1980 pollui
1514 1927 1547 1977 ;’'
1583 1927 1804 1968 Dominus

319 1989 438 2028 enim
470 2002 547 2041 per
579 1990 728 2028 omnia
760 1990 981 2042 passionis
1012 2003 1131 2037 suae,
1161 1997 1206 2030 et
1238 2004 1317 2043 per
1347 1989 1552 2030 ultimam
1579 1990 1623 2030 in
1656 2002 1801 2038 cruce,

319 2052 676 2103 repraesentavit
703 2051 976 2091 violentiam·
999 2065 1024 2092 a
1055 2059 1193 2104 gente
1218 2053 1404 2105 Judaica
1430 2052 1604 2092 illatam
1631 2051 1802 2100 Verbo,

320 2125 398 2151 Seu
425 2112 592 2151 DiVinO
618 2112 743 2151 Vero
770 2123 824 2160 (de
839 2131 902 2159 qua
918 2132 950 2152 re
965 2123 1108 2152 videatur
1123 2132 1226 2161 supra,
1242 2133 1273 2153 n.
1292 2114 1431 2164 183[b],
1448 2122 1573 2165 I95[c]
1591 2123 1659 2158 fin„
1671 2112 1803 2164 627[c]

320 2182 384 2216 fin„
400 2171 548 2223 655[α],
566 2173 733 2224 805[d]).

404 2237 483 2291 [0.]
531 2237 665 2290 Quod
692 2252 770 2290 per
795 2238 1057 2279 “torcular”
1082 2244 1128 2278 et
1156 2238 1497 2279 “calcationem
1521 2238 1614 2291 ejus
1626 2237 1646 2253 ”
1663 2239 1803 2291 signi—

321 2298 477 2340 ficetur
502 2298 736 2351 produffio
761 2300 852 2339 veri
879 2314 937 2340 ex
963 2300 1095 2346 bono,
1125 2301 1226 2352 quia
1251 2314 1328 2353 per
1354 2304 1523 2340 “uvam
1536 2300 1554 2315 '¹
1581 2288 1803 2352 sig'nifica-

321 2369 392 2403 tur
423 2362 590 2401 bonum
621 2362 863 2414 spirituale,
898 2375 948 2402 ac
981 2375 1059 2414 per
1087 2363 1275 2402 “vinum
1313 2377 1370 2402 ex
1404 2376 1488 2402 uva
1504 2362 1522 2377 ”
1553 2375 1707 2403 verum
1731 2353 1804 2404 >ei:

321 2424 398 2464 illo
420 2424 553 2472 bono,
579 2431 760 2464 constat
784 2438 841 2464 ex
865 2425 1154 2477 sequentibus
1181 2425 1290 2464 locis
1306 2424 1514 2477 :-Apud
1541 2424 1723 2473 Joelem,

388 2519 493 2550 “Filii
517 2518 638 2551 Zionis
663 2520 841 2559 gaudete„
857 2544 863 2551 .
878 2544 885 2551 .
901 2520 1042 2559 ,plenae
1067 2526 1149 2551 sunt
1176 2530 1280 2550 areae
1304 2520 1499 2552 frumento.
1514 2545 1537 2558 .,
1562 2526 1598 2552 et
1624 2520 1806 2552 exundant

494 2563 684 2594 torcularia
701 2569 856 2594 mustum
876 2569 911 2594 et
928 2563 1045 2597 oleum
1057 2563 1074 2574 ''
1092 2564 1139 2602 (ii.
1161 2571 1211 2601 23.
1231 2563 1284 2603 24)
1299 2574 1305 2595 z

324 2654 435 2694 “filii
460 2655 608 2694 Zionis
621 2654 638 2669 ''
657 2653 909 2707 significant
928 2654 1026 2694 illos
1049 2655 1121 2708 qui
1143 2656 1185 2695 in
1204 2655 1424 2707 sapientia
1441 2662 1544 2696 sunt
1563 2669 1621 2696 ex
1641 2655 1805 2697 Divino

323 2717 471 2767 Vero;
517 2717 714 2769 “plenae
755 2723 857 2757 sunt
899 2730 1027 2757 areae
1071 2717 1333 2766 frumento‚”
1373 2717 1596 2770 significat
1637 2718 1803 2759 bonum

323 2779 518 2819 caeleste
541 2780 659 2832 quod
683 2779 767 2819 illis
790 2780 832 2818 in
855 2780 983 2831 copia
1004 2794 1012 2830 ;
1049 2783 1073 2799 “
1088 2780 1323 2820 exundant
1347 2780 1585 2820 toreularia
1607 2786 1804 2821 mustum

322 2849 366 2882 et
394 2842 581 2890 oleum‚”
607 2842 829 2894 significat
857 2856 914 2882 ex
942 2843 1062 2883 bono
1088 2843 1318 2884 charitatis
1343 2843 1429 2883 illis
1456 2856 1619 2884 verum.
1640 2849 1686 2884 et
1711 2842 1803 2896 ejus

317 2904 573 2957 jucundum.
635 2905 772 2958 Apud
797 2905 1088 2954 Matthaeum,

385 3000 402 3013 ‘⁴
416 2999 536 3031 Homo
559 2999 833 3032 Paterfamilias.
849 2999 1038 3041 ,plantavit
1058 3000 1209 3039 vineam,
1230 3006 1264 3032 et
1289 3011 1408 3041 sepem
1430 3001 1461 3033 ei
1486 3001 1748 3042 circumposuit,
1769 3006 1804 3033 et
