2008 3458
379 367 490 420 2336
792 377 1123 410 APOCALYPSIS
1154 378 1453 411 EXPLICATA.

457 485 584 540 837.
626 486 853 539 Quoniam
875 486 1097 528 hactenus
1120 487 1249 541 plura
1275 488 1395 529 dicta
1417 493 1522 528 sunt
1545 488 1601 529 de
1623 487 1710 529 fide
1733 493 1780 530 et
1802 488 1860 531 de
1912 475 1923 488 ⁰
1974 463 1976 470 v

377 548 597 599 operibus,
615 548 759 604 ..velim
783 562 899 589 nunc
927 549 1085 589 eadem
1111 550 1154 589 in
1181 563 1400 590 summam
1426 550 1620 590 breviter
1642 549 1856 598 conferre,

377 623 488 662 quae
517 610 626 650 haec
653 617 721 650 est
740 609 892 664 :—-(1.)
937 610 1071 664 Quod
1097 612 1241 652 omnis
1267 612 1404 652 homo
1431 618 1533 664 post
1559 618 1752 652 mortem
1781 610 1860 655 fiat
1910 634 1917 640 ·
1971 614 1997 650 [ἶ

377 685 479 711 suus
520 685 657 720 amor,
697 679 742 713 et
783 673 901 726 quod
934 674 1112 726 spiritus
1153 674 1344 715 hominis
1382 688 1471 714 non
1513 675 1569 714 sit
1611 673 1693 714 nisi
1724 685 1866 727 quam·
1922 710 1933 734 ;
1969 695 1976 702 ,

376 732 550 774 affectio
572 747 683 787 quae
706 736 868 775 amoris
895 734 986 788 ejus
1009 742 1104 786 est;
1138 750 1272 790 quare
1300 737 1436 777 homo
1462 749 1563 776 cum
1589 734 1639 776 fit
1664 735 1858 789 spiritus,

376 809 434 835 ex
453 795 686 837 affectione
709 811 787 837 sua
809 798 982 851 cogitat
1005 804 1050 839 et
1072 799 1174 838 inde
1198 798 1404 852 loquitur,
1427 805 1522 839 tum
1544 812 1602 838 ex
1626 795 1861 840 affectione

376 872 454 898 sua
471 858 566 899 vult
590 866 635 900 et
658 860 760 900 inde
782 860 900 909 facit,
921 867 967 901 et
990 867 1095 902 tunc
1119 861 1195 902 illa
1212 875 1323 915 quae
1341 859 1585 902 affectionis
1603 874 1680 902 seu
1697 861 1861 902 amoris
1903 859 1910 864 ’

375 919 466 972 ejus
498 929 602 962 sunt
634 921 859 963 desiderat
890 929 936 963 et
967 923 1127 971 haurit,
1161 930 1206 964 et
1239 937 1352 976 quae
1384 936 1473 963 non
1505 921 1751 964 affectionis
1781 936 1860 964 seu
1893 946 1909 979 3

375 983 537 1023 amoris
564 991 667 1025 sunt
694 992 924 1025 aversatur
949 992 993 1026 et
1025 985 1191 1038 rejicit;
1229 986 1366 1026 immo
1398 985 1530 1025 facies
1561 984 1652 1038 ejus
1683 998 1860 1026 succes-

375 1046 466 1086 sive
513 1046 561 1087 fit
603 1047 736 1087 facies
778 1046 1022 1088 affectionis
1067 1062 1144 1088 seu
1185 1049 1347 1089 amoris
1389 1048 1506 1100 ejus;
1553 1047 1655 1089 inde
1697 1054 1859 1101 postea

374 1110 663 1161 cognoscitur
679 1124 697 1160 ;.
722 1117 817 1150 tum
849 1111 986 1151 etiam
1017 1125 1075 1152 ex
1109 1111 1300 1164 loquela,
1335 1110 1454 1163 cujus
1494 1124 1630 1151 sonus
1666 1117 1735 1152 est
1766 1109 1859 1164 ejus
1885 1140 1898 1143 »

375 1170 619 1212 affectionis
643 1186 790 1213 sonus.
851 1173 1018 1222 Verbo,
1039 1173 1174 1214 homo
1198 1180 1300 1226 post
1323 1169 1516 1214 mortem
1538 1173 1587 1214 fit
1609 1187 1712 1226 suus
1733 1186 1859 1214 amor

375 1248 452 1274 seu
483 1248 561 1274 sua
592 1234 767 1275 affectio
797 1236 841 1276 in
873 1235 1042 1287 forma3
1081 1242 1359 1291 quapropter·
1378 1235 1483 1276 dum
1514 1235 1682 1289 aliquis.
1701 1241 1861 1276 contra

371 1295 654 1338 ‚affectionem
687 1312 799 1350 quae
833 1299 994 1338 amoris
1030 1297 1122 1351 ejus
1158 1305 1239 1346 est,
1274 1298 1482 1351 loquitur,
1515 1304 1592 1338 aut
1622 1297 1746 1338 illam
1767 1298 1858 1338 im-

374 1366 559 1413 pugnat,
585 1366 784 1400 mutatur
805 1360 938 1401 facies
960 1360 1065 1413 ejus,
1090 1366 1135 1401 et
1158 1374 1333 1414 quoque
1356 1361 1449 1412 ipse
1475 1360 1582 1408 abit,
1607 1365 1683 1400 aut
1709 1359 1859 1400 subito

375 1423 615 1462 evanescit.
678 1421 901 1475 Quoniam
942 1436 1096 1464 omnes
1136 1423 1339 1463 homines
1380 1429 1483 1475 post
1523 1428 1716 1463 mortem
1753 1427 1858 1464 sunt

375 1485 654 1525 substantiae
687 1492 732 1525 et
763 1485 930 1525 formae
962 1486 1125 1526 amoris
1157 1485 1234 1534 sui,
1263 1485 1363 1525 ideo
1389 1485 1642 1525 universum
1668 1483 1856 1534 caelu-m,

375 1547 495 1600 quod
519 1561 575 1588 ex
600 1548 773 1600 angelis
792 1548 863 1601 qui
885 1548 1061 1588 fuerunt
1084 1548 1287 1588 homines
1310 1548 1529 1596 consistit,
1549 1548 1592 1588 in
1615 1548 1858 1589 societates

374 1610 619 1650 secundum
661 1609 946 1651 affectionum
986 1624 1154 1663 genera
1193 1617 1238 1651 et
1280 1611 1464 1663 species,
1505 1611 1568 1651 ita
1612 1610 1856 1651 secundum

342 1693 349 1701 ι
374 1686 530 1713 omnes
571 1672 856 1714 affectionum
897 1672 1166 1714 differentias
1212 1679 1258 1714 et
1303 1674 1558 1721 varietates,
1596 1666 1856 1714 distinctum

375 1741 470 1786 est-3
505 1736 706 1776 similiter
731 1736 961 1785 infernum,
995 1736 1114 1790 quod
1146 1737 1282 1777 etiam
1313 1751 1372 1777 ex
1405 1736 1628 1789 spiritibus
1659 1736 1732 1790 qui
1762 1735 1855 1776 fue-

374 1804 477 1838 runt
510 1798 713 1839 homines
746 1799 966 1847 consistit,
994 1799 1037 1839 in
1060 1799 1302 1839 societates
1328 1798 1573 1839 secundum
1598 1797 1856 1840 affectiones

373 1861 641 1902 caelestibus
664 1862 909 1914 oppositas,
933 1868 979 1902 et
1001 1862 1246 1902 secundum
1273 1875 1429 1902 omnes
1454 1861 1628 1902 illarum
1650 1861 1855 1902 differen-

375 1924 461 1964 tias
493 1930 538 1964 et
565 1924 806 1964 varietates
838 1924 880 1964 in
917 1937 1082 1977 genere
1119 1930 1165 1964 et
1197 1924 1240 1964 in
1282 1924 1442 1976 specie,
1477 1921 1736 1964 distinctum
1771 1930 1855 1965 est.

374 1985 508 2038 Quod
527 1986 662 2026 homo
681 1993 782 2038 post
801 1993 993 2027 mortem
1012 1987 1068 2027 sit
1087 2000 1188 2026 suus
1206 1999 1345 2035 amor,
1363 2000 1440 2026 seu
1457 2000 1534 2026 sua
1551 1984 1725 2027 affectio
1742 1999 1856 2039 quae

371 2047 799 2095 amoris.-hactenus
830 2050 874 2088 in
911 2049 1079 2089 mundo
1117 2049 1322 2101 ignotum
1359 2048 1465 2099 fuit;
1509 2048 1699 2088 mundus
1735 2049 1854 2089 enim

373 2112 623 2152 crediderat
646 2112 764 2164 quod
788 2110 962 2152 affectio
988 2111 1095 2152 nihil
1121 2111 1267 2159 faciat,
1292 2111 1370 2152 sed
1393 2111 1511 2164 quod
1538 2110 1770 2164 cogitatio,
1793 2124 1853 2152 ex

373 2187 508 2214 causa
534 2175 635 2227 quia
661 2175 797 2214 homo
829 2187 917 2214 non
944 2175 1090 2226 potuit
1116 2172 1343 2214 reflectere
1370 2187 1501 2226 super
1526 2172 1782 2214 affectiones
1807 2179 1854 2215 et

372 2237 547 2278 illarum
580 2237 702 2277 varia
739 2237 857 2289 apud
898 2251 959 2285 se,
999 2237 1077 2277 sed
1115 2250 1246 2289 super
1282 2237 1599 2289 cogitationesv
1621 2243 1667 2278 et
1703 2249 1854 2278 earum

372 2301 521 2350 varia;
559 2299 638 2340 has
664 2300 782 2340 enim
811 2300 929 2339 intus
960 2299 1003 2339 in
1035 2313 1082 2339 se
1114 2300 1236 2352 quasi
1263 2300 1399 2348 videt,
1428 2313 1518 2339 non
1543 2305 1694 2340 autem
1720 2298 1852 2340 affec-

371 2364 543 2414 tiones;
577 2370 622 2403 et
649 2377 762 2416 quae
789 2376 877 2403 non
903 2362 959 2403 ad
986 2363 1127 2403 visum
1150 2363 1437 2415 cogitationis
1460 2362 1550 2415 ejus
1572 2363 1851 2415 perveniunt,

373 2433 418 2468 et
451 2427 512 2467 sic
544 2440 591 2466 se
623 2425 926 2473 manifestant,
955 2438 1044 2465 non
1075 2425 1418 2465 animadvertit:
1462 2425 1540 2466 sed
1572 2425 1646 2478 qui
1676 2425 1852 2477 sapiens

371 2495 454 2537 est,
483 2490 517 2529 is
542 2502 601 2529 ex
628 2484 976 2541 cogitationibus
1002 2487 1088 2527 suis
1114 2486 1370 2528 affectiones
1397 2501 1498 2528 suas
1524 2500 1655 2528 nosse
1682 2493 1850 2540 potest,

368 2553 414 2593 in
437 2551 522 2592 illis
544 2551 662 2592 enim
685 2565 732 2591 se
755 2550 1056 2598 manifestant,
1077 2550 1182 2591 dum
1205 2550 1340 2590 homo
1362 2551 1405 2590 in
1428 2551 1492 2590 sui
1514 2550 1692 2604 spiritus
1713 2549 1852 2604 libero

371 2621 454 2663 est,
480 2620 526 2655 et
552 2613 672 2654 solus
698 2613 814 2667 apud
841 2627 914 2663 se;
948 2626 1051 2653 nam
1077 2613 1250 2665 cogitat
1273 2620 1379 2653 tunc
1403 2627 1461 2653 ex
1485 2611 1716 2653 affectione
1738 2626 1851 2666 quae

371 2678 533 2717 amoris
560 2676 650 2729 ejus
677 2682 771 2726 est;
810 2676 1028 2728 cogitatio
1053 2688 1135 2715 nec
1167 2675 1285 2715 aliud
1318 2682 1386 2716 est
1416 2688 1549 2728 quam
1574 2673 1749 2715 affectio
1774 2687 1853 2727 per

372 2740 479 2780 lucis
502 2739 717 2779 influxum
734 2738 915 2778 visibilis
937 2738 979 2777 in
997 2738 1127 2778 variis
1153 2737 1302 2777 formis
1324 2735 1466 2787 facta;
1493 2751 1628 2790 quare
1651 2737 1686 2776 si
1707 2736 1850 2776 aufers

371 2800 666 2850 affectionem,
694 2801 808 2854 perit
834 2800 952 2841 illico
979 2800 1210 2852 cogitatio,
1239 2800 1352 2840 sicut
1379 2799 1457 2839 lux
1490 2800 1525 2840 si
1557 2799 1698 2840 aufers
1723 2799 1850 2839 flam-

371 2878 503 2904 mam.
554 2864 628 2904 Ex
651 2864 717 2904 his
735 2869 942 2905 constare
961 2869 1126 2915 potest,
1146 2869 1362 2915 quantum
1380 2863 1568 2903 interest
1591 2874 1850 2914 comparare

371 2928 452 2967 sibi
492 2940 689 2967 amorem
729 2941 807 2967 seu
847 2924 1126 2966 affectionem
1170 2925 1426 2973 caelestem,
1469 2924 1582 2978 quae
1622 2923 1849 2977 quomodo

371 2997 666 3043 comparatur,
710 2990 881 3031 dicetur
920 2989 963 3029 in
1008 2989 1075 3029 his
1115 2988 1414 3042 sequentibus.
1495 2987 1734 3029 Sciendum
1778 2993 1847 3028 est
