2054 3464
397 385 510 417 2120
534 387 535 390 ’
807 384 1140 419 APOCALYPSIS
1171 386 1468 419 EXPLICATA.

394 497 496 550 quia
521 495 678 537 ultima
702 497 796 537 vita
826 496 1031 546 hominis,
1060 511 1173 551 quae
1199 504 1268 539 est
1293 499 1387 540 vita
1412 498 1607 552 corporis
1633 496 1739 551 ejus,
1768 510 1876 539 con-

394 559 511 599 sistit
538 559 581 599 in
609 560 839 612 sanguine,
864 560 965 600 ideo
991 560 1152 601 dicitur
1177 561 1296 614 quod
1323 558 1508 600 “anima
1529 561 1673 601 omnis
1695 560 1878 610 carnis‚''

393 621 477 662 hoc
511 628 593 670 est,
627 622 720 662 vita
750 621 856 675 ejus,
888 623 982 663 “sit
1014 624 1195 676 sanguis
1227 623 1317 676 ejus
1335 623 1369 664 :·‘’
1405 630 1452 664 at
1484 623 1586 676 quia
1617 623 1661 663 in
1692 622 1878 676 singulis

393 683 532 724 Verbi
554 690 624 724 est
647 698 802 724 sensus
820 684 1071 737 spiritualis,
1093 692 1138 726 et
1159 686 1202 726 in
1225 700 1279 726 eo
1297 699 1429 726 sensu
1448 699 1525 738 per
1545 685 1847 738 “sanguinem
1858 685 1878 700 ”

392 746 670 798 significatur
699 761 853 788 verum
885 746 1115 789 doetrinae
1145 763 1205 790 ex
1231 749 1400 798 Verbo,
1428 749 1530 789 ideo
1561 748 1670 789 illud
1702 761 1878 802 quoque

393 821 471 860 per
495 810 728 850 “animam
756 810 930 850 carnis'’
952 810 1239 864 significatur.
1301 810 1435 864 Quod
1464 811 1685 864 “sanguis
1696 810 1716 826 '’
1738 811 1877 864 signi-

391 869 495 911 ficet
517 885 670 912 verum
693 870 923 913 doetrinae
950 887 1009 913 ex
1032 873 1200 922 Verbo,
1221 874 1339 928 quod
1366 880 1435 914 est
1459 873 1669 914 Divinum
1691 872 1875 920 Verum,

391 932 600 973 videatur
630 947 766 986 supra
797 944 841 982 (n.
868 935 1051 985 328[a-c],
1078 946 1169 987 329,
1189 935 1303 987 476).
1362 935 1588 988 Quoniam
1623 933 1878 988 “sanguis'’

392 993 503 1033 illud
530 994 827 1046 significabat,
855 995 957 1035 ideo
982 994 1268 1036 interdictum
1300 996 1379 1037 suit
1411 995 1509 1036 filiis
1537 995 1713 1036 Israelis
1744 995 1878 1036 edere

394 1057 673 1109 sanguinem,
698 1063 744 1097 et
770 1057 872 1097 ideo
893 1058 1074 1110 sanguis
1100 1057 1465 1099 holocaustorum
1492 1064 1537 1099 et
1563 1056 1877 1099 sacrificiorum

392 1119 690 1171 spargebatur
712 1121 877 1160 circum
900 1119 1055 1168 altare,
1075 1134 1126 1161 ac
1149 1134 1227 1172 per
1245 1121 1508 1174 sanguinem
1527 1119 1695 1161 fiebant
1712 1118 1877 1161 saneti-

391 1180 622 1222 ficationes
646 1189 691 1223 et
717 1196 893 1236 quoque
916 1183 1293 1235 inaugurationes,
1319 1190 1415 1224 tum
1437 1184 1573 1224 etiam
1597 1196 1680 1236 per*
1696 1183 1876 1236 sangui-

390 1257 493 1284 nem
525 1245 746 1285 iniebatur
780 1245 935 1285 foedus
973 1245 1057 1285 Dei
1090 1245 1280 1294 Israelis,
1313 1245 1397 1286 hoc
1434 1252 1517 1294 est,
1547 1245 1751 1294 Domini„
1775 1256 1877 1286 cum
1935 1283 1938 1285 Α

391 1306 588 1358 ΡορυῙοε,
627 1312 673 1347 et
706 1321 880 1360 quoque
919 1321 945 1347 a
985 1307 1181 1348 Domino
1225 1308 1384 1348 initum
1424 1314 1493 1348 est
1524 1306 1679 1348 foedus
1711 1320 1877 1348 novum

392 1382 492 1408 cum
518 1369 733 1409 hodierna
758 1369 973 1420 ecclesia;
1012 1383 1147 1423 quare
1174 1371 1355 1423 sanguis
1382 1369 1563 1410 Domini
1589 1376 1776 1411 vocatus
1806 1376 1878 1411 est

393 1432 612 1484 “sanguis
637 1432 865 1481 foederis,”
891 1432 975 1472 hoc
1003 1439 1086 1480 est,
1112 1430 1438 1484 conjune’cionis
1464 1445 1565 1473 cum
1593 1432 1802 1482 Domino,
1830 1439 1877 1475 et

389 1494 475 1534 hoc
502 1495 603 1546 quia
630 1494 839 1535 Divinum
865 1494 1036 1535 Verum
1063 1495 1311 1547 procedens
1337 1509 1362 1536 a
1395 1495 1592 1536 Domino
1618 1494 1874 1550 conjungit:

390 1570 449 1596 ex
486 1556 553 1596 his
588 1570 704 1597 nunc
736 1563 864 1610 patet
896 1570 972 1598 cur
1003 1558 1184 1610 sanguis
1215 1557 1376 1598 dicitur
1409 1557 1631 1599 “anima’'
1691 1557 1878 1611 Propter

390 1619 504 1659 hanc
531 1619 827 1672 “sanguinis'’
849 1619 1225 1673 significationem
1251 1626 1320 1660 est
1343 1620 1462 1674 quod
1489 1620 1545 1660 ab
1567 1620 1877 1674 antiquissimo

390 1689 594 1735 tempore
635 1683 825 1723 vetitum
863 1683 991 1724 fuerit
1033 1683 1165 1724 edere
1207 1684 1471 1736 sanguinem
1489 1683 1626 1724 t—Ut
1668 1689 1876 1725 constare

392 1751 546 1797 potest
571 1745 688 1797 apud
713 1745 882 1794 Mosen,

457 1835 475 1848 ‘⁸
486 1833 602 1865 Omne
619 1844 747 1874 repens
765 1835 859 1875 quod
873 1834 991 1865 vivum
1009 1840 1073 1872 est,
1088 1834 1188 1866 vobis
1202 1840 1279 1866 esto
1297 1834 1331 1865 in
1349 1835 1474 1872 cibum,
1484 1859 1491 1866 .
1506 1859 1513 1866 .
1527 1859 1534 1866 .
1549 1839 1720 1866 ‚attamen
1734 1842 1876 1865 carnem

564 1887 642 1908 cum
661 1878 782 1909 anima
800 1877 887 1918 ejus,
906 1878 1079 1918 sanguine
1096 1877 1184 1918 ejus,
1202 1887 1275 1909 non
1295 1878 1488 1909 comedetis
1501 1876 1519 1888 ''
1536 1877 1631 1918 (Gen.
1649 1877 1695 1909 ix.
1715 1873 1777 1919 [3,]
1796 1877 1849 1917 4);

389 1972 460 2012 hic
493 1986 669 2025 quoque
696 1972 857 2013 dicitur
887 1972 1006 2025 quod
1035 1972 1254 2024 “sanguis
1279 1972 1337 2012 sit
1363 1972 1510 2012 anima
1535 1970 1717 2019 carnis‚”
1743 1983 1876 2025 quem

391 2035 628 2075 comedere
653 2035 844 2075 vetitum
870 2035 964 2082 fuit,
993 2035 1093 2088 quia
1125 2047 1202 2086 per
1230 2038 1391 2074 “esum
1424 2034 1651 2087 sanguinis
1663 2033 1682 2049 ”
1707 2033 1876 2087 signifi-

390 2097 578 2137 cabatur
602 2097 853 2150 profanatio
878 2097 983 2137 veri.
1044 2096 1181 2149 Apud
1208 2097 1415 2145 eundem,

458 2187 476 2199 ‘¹
489 2185 671 2226 Quisquis.
687 2210 694 2216 .
708 2210 715 2216 .
730 2185 938 2216 ‚comederit
954 2185 1062 2216 ullum
1077 2185 1298 2225 sanguinem,
1315 2185 1407 2216 dabo
1423 2184 1531 2216 facies
1548 2194 1646 2216 meas
1662 2189 1786 2216 contra
1801 2183 1877 2216 ani-

565 2238 660 2260 mam
678 2229 923 2259 comedentem
945 2228 1166 2268 sanguinem,
1186 2234 1225 2259 ut
1243 2228 1448 2259 exscindam
1465 2237 1543 2259 eam
1568 2238 1587 2259 e
1612 2228 1730 2259 medio
1753 2227 1876 2268 populi

564 2271 661 2312 ejus:
692 2281 774 2302 narn
794 2272 914 2302 anima
935 2272 1050 2302 carnis
1074 2271 1110 2302 in
1136 2271 1309 2311 sanguine
1329 2271 1408 2303 illa:
1434 2271 1514 2302 ideo
1538 2270 1634 2302 dedi.
1649 2280 1746 2302 .eum
1770 2280 1877 2311 super

563 2315 684 2352 altare,
709 2315 753 2345 ad
781 2315 997 2354 expiandum
1022 2315 1159 2345 animas
1184 2321 1332 2351 vestras,
1358 2324 1400 2346 eo
1424 2314 1518 2355 quod
1542 2314 1688 2355 sanguis
1711 2314 1787 2355 ipse
1811 2323 1875 2355 pro

562 2359 685 2389 anima
701 2357 847 2398 expiet'’
865 2358 989 2398 (Levit.
1006 2358 1089 2389 xvii.
1110 2366 1158 2396 10,
1179 2358 1250 2398 11);

389 2447 491 2500 quia
519 2445 743 2493 “anima,'’
765 2446 878 2485 sicut
907 2444 1165 2498 “sanguis‚”
1191 2443 1412 2498 significat
1439 2458 1591 2485 verum
1617 2459 1675 2485 ex
1702 2443 1871 2494 Verbo,

391 2509 509 2562 quod
541 2514 610 2548 est
649 2508 857 2548 Divinum
889 2508 1059 2548 Verum
1091 2508 1341 2560 procedens
1382 2521 1408 2548 a
1446 2507 1655 2556 Domino,
1689 2514 1736 2548 et
1772 2508 1875 2561 quia

390 2572 533 2611 omnis
559 2570 704 2610 cultus
731 2570 912 2610 Domini
938 2570 987 2611 fit
1017 2583 1095 2623 per
1120 2571 1331 2610 Divinum
1358 2569 1541 2618 Verum,
1570 2570 1671 2610 ideo
1697 2570 1871 2620 dicitur,

392 2632 547 2685 “Quia
573 2633 720 2673 anima
745 2633 890 2672 carnis
920 2633 964 2673 in
995 2633 1212 2685 sanguine
1238 2639 1322 2681 est,
1349 2633 1450 2673 ideo
1476 2632 1578 2672 dedi
1610 2645 1711 2672 eum
1742 2645 1875 2685 super

389 2696 530 2736 altare
548 2695 581 2745 ;’'
614 2695 758 2735 “dare
789 2696 1052 2747 sanguinem
1084 2709 1215 2748 super
1245 2695 1387 2736 altare
1400 2695 1418 2710 '’
1450 2693 1671 2747 significat
1702 2694 1872 2736 cultum

389 2772 447 2797 ex
487 2758 650 2797 Divino
682 2757 830 2797 Vero:
874 2764 920 2798 et
958 2758 1167 2811 quoniam
1199 2758 1343 2798 omnis
1375 2757 1580 2798 liberatio
1610 2771 1637 2797 a
1667 2757 1795 2798 malis
1825 2765 1873 2798 et

389 2820 523 2868 falsis,
544 2833 656 2873 quae
675 2826 743 2860 est
762 2820 978 2872 expiatio,
1000 2819 1048 2860 fit
1066 2833 1144 2873 per
1162 2820 1370 2860 Divinum
1386 2819 1555 2860 Verum
1573 2826 1619 2860 et
1638 2832 1716 2872 per
1731 2820 1872 2860 vitam

389 2882 634 2922 secundum
653 2881 775 2929 illud,
794 2882 895 2922 ideo
913 2882 1119 2931 dicitur‚“
1132 2882 1188 2923 ad
1206 2882 1480 2934 expiandum
1498 2882 1668 2922 animas
1681 2888 1869 2930 vestras,

392 2958 451 2984 ex
484 2958 538 2985 eo
569 2944 688 2998 quod
720 2945 900 2997 sanguis
932 2945 1026 2998 ipse
1057 2958 1137 2998 pro
1168 2945 1315 2986 anima
1346 2944 1538 2998 expiet.”
1597 2944 1734 2998 Apud
1766 2957 1872 2986 eun-

390 3006 507 3056 dem,
747 3019 750 3022 ⁴
