2008 3458
564 390 670 423 cAP.
695 390 818 432 xm„
843 391 981 425 VERs.
1011 393 1181 425 12.—N.
1205 383 1373 439 821[b].
1605 392 1717 438 2309

75 508 102 537 '³
215 515 308 544 non
333 502 465 545 datur
490 501 602 545 fides
627 517 741 558 quae
773 503 884 546 fides
916 505 1086 560 absque
1117 505 1358 556 charitate,
1376 507 1433 548 'et
1461 520 1552 548 non
1580 507 1715 548 datur

215 565 416 608 charitas
455 580 571 621 quae
613 567 811 608 charitas
853 568 1023 623 absque
1065 570 1286 624 operibus.
1358 569 1475 623 Quia
1515 569 1580 611 illi
1621 576 1714 611 tres

214 629 415 683 apostoli
446 629 814 684 significaverunt
846 630 936 680 illa,
964 632 1067 673 ideo
1098 646 1205 686 prae
1236 634 1400 674 ceteris
1432 634 1576 675 secuti
1608 640 1712 674 sunt

66 688 83 695 ⁹
107 688 118 708 ²'
155 719 165 724 π-
217 690 479 743 Dominum,
507 693 628 748 quod
655 695 794 735 etiam
827 701 1040 736 constare
1065 702 1221 749 potest
1248 696 1367 751 apud
1392 696 1612 747 Marcum,
1641 697 1714 738 ubi

214 755 394 806 dicitur,
1262 775 1263 778 ¹

278 846 385 891 Jesus
411 849 513 880 “non
538 848 700 889 permisit
724 849 887 889 cuiquam
913 849 1012 890 sequi
1039 849 1172 890 Ipsum,
1198 851 1268 882 nisi
1299 850 1454 890 Petrum,
1479 851 1652 893 Jacobum
1678 857 1713 883 et

391 891 596 934 Johannem
614 892 760 924 fratrem
777 892 903 935 Jacobi
915 892 933 904 '¹
949 894 995 933 (v.
1014 891 1124 934 [¹137):

63 988 98 1023 '2
214 985 319 1028 ideo
350 985 574 1027 Dominus
606 986 798 1039 primurn
825 986 1007 1027 vocavit
1041 986 1223 1028 Petrum
1251 1001 1329 1041 per
1355 986 1605 1036 Andream,
1634 1002 1713 1042 per

212 1061 348 1104 quem
379 1048 660 1102 significatur
691 1049 954 1090 obedientia
985 1048 1102 1098 fidei,
1137 1056 1183 1091 et
1217 1057 1379 1104 postea
1409 1050 1630 1103 Jacobum
1663 1057 1710 1090 et

211 1110 486 1166 Johannem,
514 1117 560 1152 et
587 1112 801 1165 imposuit
834 1111 902 1152 his
934 1112 1050 1153 binis
1082 1126 1250 1154 novum
1282 1126 1475 1154 nomen:
1510 1120 1606 1154 tum
1639 1127 1710 1153 as-

84 1166 106 1220 ‚'
142 1199 146 1204 ·
210 1174 408 1229 sumpsit
437 1174 634 1222 Petrum,
661 1174 882 1227 Jacobum
916 1181 962 1216 et
992 1175 1250 1228 Johannem
1282 1177 1325 1216 in
1359 1182 1578 1225 montem,
1608 1190 1710 1217 cum

212 1237 589 1280 transformatus:
622 1244 670 1278 et
696 1251 875 1292 quoque
902 1238 1081 1280 locutus
1108 1252 1211 1280 cum
1234 1238 1320 1280 illis
1344 1235 1486 1280 tribus
1512 1240 1568 1281 de
1601 1253 1709 1281 con-

212 1301 516 1343 summatione
548 1300 731 1348 saeculi,
766 1308 812 1342 et
846 1302 902 1343 de
933 1302 1138 1343 adventu
1170 1316 1276 1343 suo:
1321 1309 1367 1343 et
1399 1317 1576 1357 quoque
1609 1317 1709 1344 cum

213 1363 413 1407 Domino
435 1363 613 1405 suerunt
632 1364 677 1405 in
701 1364 1026 1407 Gethsemane.
1080 1364 1215 1419 Quod
1239 1365 1461 1407 Dominus
1479 1369 1711 1408 vocaverit

202 1426 432 1481 *Jacobum
455 1433 502 1468 et
525 1427 801 1480 Johannem,
831 1435 1075 1483 postquam
1101 1435 1346 1470 vocaverat
1375 1429 1571 1479 Petrum,
1601 1444 1709 1472 con-

212 1497 308 1549 stat
329 1491 449 1546 apud
473 1489 812 1545 Evangelz'stas,

277 1579 384 1624 Jesus
403 1582 644 1622 “progressus
662 1581 755 1620 inde,
773 1582 869 1614 videt
885 1582 977 1614 alios
994 1582 1084 1615 duos
1102 1582 1239 1622 fratres,
1257 1583 1430 1625 Jacobum
1449 1584 1508 1625 qui
1525 1584 1710 1623 Zebedaei,

385 1631 422 1657 et
440 1624 644 1668 Johannem
669 1626 816 1658 fratrem
841 1626 929 1667 ejus,
952 1624 1004 1668 [in
1025 1624 1123 1668 navi]
1149 1637 1229 1658 cum
1249 1627 1435 1659 Zebedaeo
1455 1634 1555 1668 patre
1575 1639 1710 1666 eorum,

386 1675 594 1710 reparantes
605 1670 694 1702 retia
704 1680 769 1702 sua
784 1680 790 1708 ;
808 1677 844 1701 et
854 1671 995 1702 vocavit
1007 1680 1070 1702 eos
1083 1682 1089 1703 :
1109 1677 1144 1702 et
1154 1671 1190 1702 hi
1201 1671 1321 1703 statim
1333 1672 1575 1712 relinquentes
1588 1674 1710 1704 navim

353 1747 358 1754 ,
384 1719 422 1745 et
433 1719 572 1754 patrem
590 1723 693 1746 suum
712 1714 823 1746 secuti
840 1721 924 1746 sunt
942 1714 1095 1755 Ipsum”
1111 1715 1255 1756 (Matth.
1272 1715 1316 1747 iv.
1336 1723 1388 1754 21,
1403 1723 1443 1746 22
1458 1725 1464 1754 ;
1492 1717 1603 1748 Marc.
1622 1717 1642 1748 i.
1660 1725 1708 1757 19,

386 1758 454 1798 20.)
1100 1765 1103 1768 ’

210 1850 346 1906 Quod
362 1852 585 1894 Dominus
597 1852 772 1906 Jacobo
786 1859 832 1894 et
845 1852 1042 1906 Johanni
1057 1853 1320 1908 imposuerit
1339 1867 1507 1908 novum
1521 1868 1707 1904 nomen,

210 1921 396 1959 constat
421 1916 542 1971 apud
563 1916 782 1965 Marcum,

274 2005 381 2050 Jesus
393 2007 535 2038 vocavit
550 2006 749 2048 “Jacobum
768 2006 878 2037 filium
897 2005 1083 2044 Zebedaei,
1101 2012 1136 2038 et
1148 2006 1350 2048 Johannem
1365 2007 1510 2039 fratrem
1528 2007 1662 2049 Jacobi‚
1675 2015 1709 2040 et

384 2050 557 2092 imposuit
573 2050 643 2082 illis
661 2060 793 2082 nomen
814 2050 1030 2091 Boanerges,
1044 2051 1218 2092 quod-est,
1238 2051 1315 2083 Filii
1332 2052 1479 2083 tonitrui
1491 2051 1509 2064 '¹
1525 2051 1586 2091 (iii.
1603 2052 1656 2091 17)
1671 2063 1677 2084 :

209 2157 290 2199 per
322 2142 477 2186 “filios
509 2143 729 2186 tonitrui'’
761 2142 1071 2197 significantur
1103 2158 1211 2185 vera
1241 2158 1301 2185 ex
1333 2144 1454 2185 bono
1491 2145 1705 2195 caelesti;

209 2207 330 2263 quod
361 2206 439 2249 illa
470 2203 550 2262 per
577 2206 859 2256 “tonitrua,’'
886 2207 930 2248 in
955 2206 1113 2259 Verbo
1145 2206 1470 2261 significentur,
1499 2214 1570 2249 est
1603 2210 1705 2262 quia

208 2272 254 2314 in
273 2271 443 2313 mundo
460 2271 680 2325 spirituali
704 2271 841 2312 etiarn
865 2270 1107 2312 audiuntur
1124 2271 1339 2319 tonitrua,
1361 2285 1475 2325 quae
1498 2272 1704 2313 existunt

210 2349 271 2377 ex
296 2335 414 2377 veris
439 2349 555 2390 quae
577 2349 638 2376 ex
670 2335 792 2375 bono
824 2334 1012 2376 caelesti
1044 2341 1163 2383 sunt,
1192 2334 1298 2375 dum
1331 2334 1443 2375 haec
1476 2348 1536 2374 ex
1569 2334 1706 2374 caelis

209 2398 510 2453 superioribus
537 2398 812 2439 delabuntur
834 2398 877 2438 in
902 2397 1135 2448 inferiora;
1168 2397 1264 2451 ipsa
1288 2397 1366 2438 lux
1384 2397 1476 2438 veri
1503 2411 1561 2438 ex
1585 2397 1705 2437 bono

208 2467 399 2516 apparet
417 2467 526 2503 tunc
546 2462 662 2502 sicut
681 2461 839 2514 fulgur,
857 2461 1000 2515 ipsum
1018 2460 1188 2501 bonurn
1207 2460 1323 2501 sicut
1341 2460 1526 2508 tonitru,
1546 2466 1592 2501 et
1610 2461 1707 2513 ipsa

210 2538 318 2567 vera
343 2524 448 2566 inde
480 2525 596 2566 sicut
622 2525 899 2565 variationes
931 2524 1057 2574 soni;
1091 2524 1196 2564 inde
1223 2529 1293 2565 est
1326 2523 1446 2577 quod
1479 2524 1523 2563 in
1550 2523 1705 2564 Verbo

210 2588 379 2641 passim
401 2587 609 2628 dicantur
630 2591 654 2607 ‘⁴
669 2586 884 2640 sulgura‚’'
905 2590 930 2606 ‘¹
944 2586 1177 2628 tonitrua’'
1196 2593 1243 2627 et
1263 2590 1289 2607 “
1303 2599 1439 2626 voces
1453 2585 1471 2600 ’‘
1490 2599 1568 2638 per
1590 2599 1704 2639 quae

210 2650 289 2692 illa
325 2650 661 2704 significantur:
710 2663 846 2691 causa
878 2650 998 2704 quod
1030 2649 1198 2690 bonurn
1239 2649 1299 2690 ibi
1340 2649 1548 2690 audiatur
1588 2649 1703 2690 sicut

210 2714 399 2762 tonitru,
433 2720 505 2755 est
536 2715 638 2767 quia
679 2714 847 2754 bonum
879 2713 1000 2767 quod
1037 2718 1108 2753 est
1140 2710 1389 2753 affectionis
1429 2726 1507 2752 seu
1538 2713 1704 2752 amoris

210 2777 421 2826 hominis,
455 2782 551 2817 tum
584 2777 703 2830 quod
741 2783 811 2817 est
844 2775 1094 2817 voluntatis
1131 2774 1238 2828 ejus,
1273 2788 1363 2816 non
1396 2774 1592 2828 loquitur
1623 2776 1703 2816 sed

210 2839 350 2881 modo
375 2846 538 2890 sonat;
571 2846 618 2880 at
645 2852 800 2880 verum
826 2839 946 2893 quod
978 2845 1048 2879 est
1080 2836 1340 2879 intelle&us
1373 2844 1419 2879 et
1446 2838 1549 2879 inde
1576 2839 1701 2892 cogi-

209 2903 397 2945 tationis
428 2903 624 2944 hominis
656 2901 869 2943 articulat
902 2914 1064 2942 sonum
1095 2900 1222 2941 illum
1254 2901 1298 2941 in
1323 2914 1486 2941 voces:
1531 2900 1700 2942 bonum

207 2965 409 3008 caeleste
431 2972 502 3008 est
519 2966 638 3006 idern
657 2978 759 3006 cum
781 2965 902 3006 bono
924 2964 1089 3005 amoris
1107 2964 1150 3004 in
1169 2963 1408 3004 voluntate
1431 2970 1478 3005 et
1502 2965 1545 3004 in
1569 2962 1672 3005 actu
1691 2980 1700 3014 ;

209 3029 329 3084 prius
361 3043 452 3071 non
484 3035 554 3071 est
586 3029 755 3070 bonurn
787 3027 1013 3079 caeleste;
1045 3033 1091 3068 et
1124 3026 1210 3068 hoc
1244 3033 1314 3068 est
1340 3027 1460 3081 quod
1486 3027 1696 3082 producit

0 3226 14 3252 ιὲ

0 3257 11 3275 3

0 3276 13 3313 t.
23 3287 26 3290 ’

0 3316 9 3345 z
23 3335 25 3337 ,

0 3372 11 3386 t
22 3376 29 3381 2

0 3390 14 3458 ’.Ὡζ-Ἶῑ
