2054 3464
476 4 488 14 ·“
502 0 1245 38 ‘Wfff'ff‘sfl2*aeanweit·³⁴·2-··¹*·“'÷2÷‹1:÷v
1278 0 1294 9 ν
1334 7 1362 20 η

478 28 581 51 >11¹-
740 29 752 39 ι,
772 29 797 39 ⁴2»
850 32 852 35 ·
984 29 989 33 ⁴
1022 37 1027 42 <
1099 31 1162 42 -·’

564 371 688 428 'CAR
712 395 834 436 xm„
858 394 996 427 VERs.
1017 385 1167 429 6.-Ν,
1190 395 1291 440 797,
1610 395 1719 441 2215

215 508 445 553 Dominus
476 508 580 563 quia
619 521 645 549 a
678 507 891 557 Domino,
924 513 996 549 est
1027 508 1132 562 quia
1163 507 1369 550 Verbum
1400 513 1472 550 est
1506 507 1720 549 Divinum

65 568 195 632 „2³3⁹
222 571 408 622 Verum,
441 585 494 614 ac
528 571 741 612 Divinum
769 570 940 612 Verum
974 572 1181 625 procedit
1213 585 1240 612 a
1282 571 1482 612 Domino
1514 577 1563 612 ut
1597 569 1718 619 Sole,

221 632 268 681 et
293 635 415 691 quod
437 635 642 690 procedit
668 641 738 676 est
764 634 908 688 Ipsius
931 649 957 674 a
978 648 1068 688 quo
1091 634 1312 688 procedit,
1332 635 1472 675 immo
1494 640 1564 675 est
1589 634 1719 688 Ipse;

220 709 358 759 quare
389 697 605 740 Divinum
637 697 824 751 Verum,
856 712 915 738 ex
947 711 1038 752 quo
1070 698 1216 738 omnis
1249 697 1473 751 sapientia
1503 703 1549 738 et
1582 696 1719 738 intel-

216 760 412 823 ligentia
447 768 519 804 est
560 761 736 815 angelis
773 768 820 802 et
862 774 1040 814 quoque
1082 760 1354 809 hominibus,
1389 767 1460 802 est
1498 759 1721 801 Dominus

99 850 167 884 -Ι
220 824 266 869 in
297 824 453 876 caelo;
495 825 616 896 quod
648 825 787 866 etiam
820 817 878 865 sit
906 823 1110 865 Verbum
1142 823 1275 878 quale
1307 830 1377 865 est
1410 823 1529 877 apud
1562 837 1644 864 nos
1676 823 1721 863 in

98 886 198 945 :iflssjf-‘J
215 888 404 945 mundo,
428 895 499 931 est
525 889 629 943 quia
654 888 765 929 illud
791 893 862 929 est
891 887 1105 928 Divinum
1132 887 1304 928 Verum
1331 888 1375 928 in
1403 887 1565 928 ultimo
1597 887 1717 927 ordi-

107 958 137 1009 223²
154 946 170 999 ζ’
219 953 303 1011 nis,
327 953 569 996 continens
591 965 775 993 sensum
798 951 1094 1005 spiritualem,
1119 952 1192 1005 qui
1216 957 1285 992 est
1311 951 1524 992 Divinum
1547 950 1720 992 Verum

214 1015 354 1072 quale
389 1022 461 1058 est
498 1017 542 1057 in
576 1015 731 1057 caelo:
775 1015 855 1056 sed
893 1015 950 1056 de
989 1014 1074 1056 hac
1106 1029 1153 1055 re
1190 1014 1297 1055 alibi
1334 1014 1476 1068 plura.
1539 1014 1614 1055 Ex
1652 1014 1721 1055 his

212 1085 350 1135 patet
367 1079 488 1134 quod
511 1093 590 1134 per
611 1079 731 1133 quod
751 1079 936 1119 “bestia
958 1079 1184 1132 aperuerit
1207 1091 1258 1119 os
1281 1091 1410 1118 suum
1432 1079 1476 1118 in
1502 1077 1720 1131 blasphe-

191 1196 194 1198 η
220 1143 358 1200 miam
379 1143 621 1184 adversum
646 1142 825 1183 Deum“
848 1141 1128 1195 significetur
1150 1140 1405 1182 falsificatio
1425 1141 1576 1182 Divini
1594 1140 1718 1189 Veri,

98 1202 159 1258 '³⁰5
219 1206 311 1248 seu·
325 1205 467 1248 Verbi
498 1205 619 1260 quod
651 1219 677 1246 a
710 1205 923 1253 Domino,
951 1211 999 1246 et
1031 1204 1153 1259 quod
1186 1210 1258 1245 est
1291 1204 1528 1245 Dominus.
1593 1203 1720 1257 Quo-

101 1270 171 1326 15
189 1264 197 1310 J
219 1270 341 1312 niam
367 1269 412 1310 in
441 1269 528 1311 hoc
555 1283 688 1310 versu
719 1269 870 1322 agitur
895 1269 952 1309 de
978 1267 1392 1322 blasphematione,
1422 1274 1468 1309 et
1496 1282 1575 1322 per
1596 1267 1719 1308 blas-

82 1324 166 1391 *
218 1331 450 1388 phemiam
495 1331 777 1385 significatur
807 1331 1064 1373 falsificatio
1107 1331 1259 1372 Divini
1291 1331 1401 1372 Veri
1450 1345 1529 1372 seu
1562 1331 1718 1380 Verbi,

113 1386 134 1439 ζ,
218 1408 398 1450 nempe,
421 1395 479 1438 ab
499 1395 588 1437 illis
610 1396 684 1449 qui
706 1394 842 1436 fidem
865 1401 1080 1449 separant
1103 1408 1130 1435 a
1150 1395 1260 1443 vita,
1284 1394 1421 1436 velim
1447 1395 1492 1435 in
1515 1395 1720 1448 explica-

95 1453 154 1491 ⁴³⁶
215 1459 344 1502 tione
375 1458 505 1512 hujus
530 1472 686 1500 versus
713 1458 893 1500 tradere
920 1459 1105 1512 quinam
1131 1463 1178 1498 et
1203 1457 1359 1511 quales
1385 1464 1490 1499 sunt
1523 1471 1582 1499 ex
1615 1457 1718 1507 illis,

220 1522 295 1580 qui
315 1522 380 1564 ita
401 1520 642 1564 falsificant
662 1521 864 1562 Verbum
888 1527 937 1562 ut
961 1521 1044 1562 sibi
1067 1520 1244 1562 caelum
1267 1534 1449 1574 prorsus
1473 1520 1689 1562 claudant
1708 1535 1719 1572 ;

218 1584 382 1627 deinde
403 1585 585 1640 quinam
608 1591 655 1626 et
677 1584 832 1639 quales
854 1598 914 1625 ex
936 1583 1022 1625 illis
1045 1590 1164 1633 sunt,
1184 1584 1258 1638 qui
1285 1597 1374 1624 non
1397 1584 1460 1624 ita
1482 1583 1719 1625 falsificant

92 1650 148 1700 „j
191 1647 421 1705 *Verbum
457 1654 506 1689 ut
541 1648 754 1689 claudant
787 1647 868 1688 sibi
908 1647 1110 1698 caelum;
1153 1654 1200 1688 et
1242 1653 1415 1700 postea,
1450 1648 1632 1701 quinam
1672 1654 1719 1688 et

103 1708 166 1769 ξ
218 1710 376 1767 quales
399 1725 459 1752 ex
484 1711 573 1752 illis
594 1708 718 1759 sunt,
742 1712 817 1764 qui
842 1724 934 1751 non
959 1710 1200 1752 falsificant
1222 1709 1440 1759 Verbum,
1465 1710 1584 1764 apud
1607 1724 1720 1764 quos

198 1774 534 1816 ‘ideo.caelum
567 1780 722 1827 potest
758 1774 918 1827 aperiri
949 1780 1028 1815 aut
1057 1774 1266 1827 aperitur.
1328 1774 1380 1814 In
1412 1774 1497 1815 hoc
1529 1773 1720 1815 articulo

215 1838 394 1880 dicetur
424 1837 480 1879 de
516 1837 604 1878 illis
640 1838 714 1891 qui
745 1837 808 1878 ita
839 1836 1077 1878 falsificant
1110 1837 1315 1878 Verbum
1346 1843 1395 1878 ut
1429 1836 1604 1878 caelum
1636 1837 1720 1877 sibi

114 1899 184 1958 ,ᾗ
217 1914 398 1956 prorsus
420 1901 635 1943 claudant
653 1915 662 1952 ;
695 1901 739 1942 in
762 1900 1055 1955 sequentibus
1073 1907 1227 1942 autem
1248 1899 1449 1941 articulis
1469 1901 1645 1941 dicetur
1661 1900 1719 1942 de

217 1963 399 2019 reliquis
430 1964 599 2006 ordine.
661 1963 833 2005 Omnes
865 1963 927 2004 illi
959 1963 1135 2004 caelum
1167 1963 1250 2004 sibi
1277 1977 1458 2016 prorsus
1484 1963 1716 2012 claudunt,

109 2029 169 2076 ’ς
217 2027 293 2083 qui
322 2027 441 2082 apud
472 2041 520 2068 se
560 2026 831 2068 confirmant
863 2025 1068 2068 doctrina
1098 2033 1145 2068 et
1177 2026 1308 2067 simul
1340 2027 1435 2067 vita
1465 2027 1586 2080 quod
1621 2026 1720 2067 sola

97 2097 135 2146 ζ
184 2089 186 2093 ’
217 2089 331 2137 fides
353 2090 524 2144 absque
550 2090 681 2131 bonis
708 2090 917 2143 operibus
938 2089 1154 2143 justificet
1185 2095 1232 2131 et
1263 2089 1437 2140 salvet;
1471 2103 1606 2130 causa
1631 2097 1716 2139 est,

216 2155 323 2208 quia
366 2154 414 2196 hi
461 2154 526 2195 ita
569 2153 808 2195 falsificant
854 2153 1058 2194 Verbum
1099 2159 1148 2193 ut
1194 2153 1251 2193 sit
1297 2159 1457 2194 contra
1505 2153 1718 2194 Divinum

217 2216 391 2259 Verum
411 2216 533 2271 quod
554 2217 599 2258 in
622 2216 749 2258 caelo
771 2223 855 2265 est,
875 2223 922 2257 et
939 2230 999 2257 ex
1025 2230 1114 2270 quo
1132 2215 1306 2257 caelum
1324 2230 1333 2266 ;
1366 2230 1422 2257 eo
1439 2230 1579 2270 usque
1596 2216 1716 2257 falsi-

217 2279 340 2323 ficari
363 2286 517 2334 potest
543 2279 760 2329 Verbum,
789 2286 835 2321 et
861 2293 1039 2334 quoque
1070 2293 1162 2321 non
1193 2294 1248 2320 eo
1280 2293 1431 2333 usque.
1494 2279 1628 2333 Quod
1655 2280 1720 2321 illi

193 2367 196 2371 ·
216 2357 274 2385 eo
295 2357 435 2398 usque
450 2342 689 2384 falsificent
707 2343 925 2392 Verbum,
945 2349 1051 2384 sunt
1073 2356 1235 2384 causae
1253 2342 1406 2396 z-(I.)
1442 2341 1576 2396 Quod
1599 2343 1720 2384 bona

215 2406 353 2456 vitae,
380 2420 495 2460 quae
526 2412 632 2448 sunt
668 2407 789 2448 bona
825 2419 976 2460 opera,
1010 2406 1135 2447 nihili
1167 2406 1371 2459 pendant
1402 2420 1462 2447 ex
1495 2405 1715 2455 doctrina,

217 2476 266 2512 et
290 2469 415 2511 nihili
438 2469 605 2510 saciant
631 2483 690 2511 ex
717 2470 824 2518 vita,
853 2483 955 2511 cum
981 2476 1135 2511 tamen
1162 2471 1418 2511 universum
1445 2469 1619 2511 caelum
1646 2478 1716 2512 est

217 2533 263 2574 in
287 2531 422 2582 bono,
450 2545 555 2573 nam
580 2532 747 2573 bonum
775 2540 844 2574 est
870 2533 1035 2574 amoris
1066 2539 1113 2574 et
1145 2547 1272 2574 amor
1297 2539 1367 2574 est
1392 2533 1538 2583 vitae;
1572 2535 1716 2574 omnis

217 2596 439 2650 sapientia
469 2602 517 2636 et
548 2596 695 2637 omnis
726 2596 915 2638 felicitas
945 2596 1122 2650 angelis
1153 2596 1266 2637 caeli
1292 2603 1362 2638 est
1394 2611 1453 2638 ex
1487 2597 1608 2637 bono
1640 2610 1719 2650 per

217 2672 350 2710 vera;
375 2665 423 2701 et
445 2659 661 2700 unicuivis
687 2659 746 2700 ibi
769 2665 900 2700 tanta
916 2666 963 2700 et
986 2659 1090 2701 talis
1107 2667 1177 2700 est
1199 2660 1421 2713 sapientia
1443 2666 1488 2701 et
1511 2660 1716 2709 felicitas,

219 2729 438 2779 quantum
459 2729 506 2763 et
523 2721 655 2776 quale
674 2729 743 2763 est
762 2722 930 2763 bonum
954 2737 1013 2764 ex
1032 2736 1120 2776 quo
1139 2737 1244 2764 vera
1261 2737 1269 2774 ;
1298 2737 1433 2777 quare
1456 2729 1524 2764 est
1548 2723 1717 2764 bonum

215 2785 314 2838 ipsa
338 2785 536 2826 essentia
561 2785 680 2826 vitae
707 2785 956 2839 angelicae,
983 2792 1030 2826 et
1056 2786 1161 2826 inde
1187 2787 1386 2827 essentia
1411 2787 1548 2839 ipsius
1574 2786 1715 2827 caeli:

217 2847 280 2890 illi
301 2848 452 2901 itaque
475 2848 549 2902 qui
571 2848 615 2888 in
637 2848 734 2889 sola
756 2848 843 2889 fide
867 2862 1001 2889 omne
1024 2848 1196 2898 salutis,
1213 2857 1259 2890 et
1283 2849 1391 2890 nihil
1413 2849 1506 2902 ejus
1528 2849 1571 2889 in
1587 2849 1717 2890 bonis

217 2909 440 2964 operibus,
469 2917 658 2963 ponunt,
688 2924 778 2952 non
811 2917 1000 2964 possunt
1032 2924 1123 2952 non
1155 2912 1237 2952 sibi
1268 2911 1444 2953 caelum
1476 2911 1714 2963 claudere3

217 2973 387 3014 bonum
418 2973 551 3021 enim,
585 2973 628 3013 in
659 2987 749 3028 quo
780 2981 850 3015 est
882 2974 1071 3023 caelum,
1105 2974 1230 3015 nihili
1262 2975 1466 3028 pendunt
1504 2981 1550 3016 et
1591 2974 1716 3016 nihili

218 3035 384 3078 faciunt
402 3049 412 3087 ;
439 3042 485 3077 et
508 3035 581 3077 ubi
604 3049 693 3077 non
712 3036 879 3078 bonum
897 3043 981 3087 est,
1002 3037 1061 3078 ibi
1079 3045 1147 3079 est
1167 3037 1349 3087 malum,
1370 3045 1416 3082 et
1440 3038 1511 3079 ubi
1531 3037 1712 3088 malurn,
