2054 3464
439 379 549 421 2168
854 389 1182 423 APOCALYPSIS
1213 391 1508 423 EXPLICATA.

438 515 564 541 suum
591 502 831 543 redemerit
859 515 940 542 nos
967 516 1026 543 ex
1049 502 1246 553 inferno;
1279 503 1365 544 hoc
1392 504 1493 557 quia
1520 517 1672 544 verum
1699 494 1919 558 apparens

437 571 520 610 est,
546 570 591 604 et
615 564 699 604 dici
723 571 768 605 et
792 565 912 605 credi
937 571 1104 617 potest,
1126 566 1228 606 ideo
1250 565 1335 606 hoc
1359 566 1586 619 simplices
1609 565 1693 607 fide
1715 573 1762 607 et
1784 566 1919 608 corde

437 639 526 666 non
546 626 732 667 damnat
750 640 757 666 :
787 633 833 667 at
852 641 909 667 ex
929 627 996 667 his
1016 628 1277 681 principium
1295 628 1453 677 facere,
1474 635 1520 669 et
1544 629 1629 669 ho'c
1653 627 1920 670 confirmare

436 684 574 741 usqne
601 703 668 736 eo,
698 695 746 729 ut
773 703 852 742 per
877 689 920 729 id
947 690 1262 731 reconciliatus
1289 691 1346 731 sit
1378 697 1423 731 et
1456 690 1770 732 reconcilietur
1795 691 1919 732 Deus

438 750 582 798 Pater,
613 758 658 791 et
686 752 805 804 quod
837 766 915 805 per
947 752 1090 792 solam
1122 751 1254 793 fidem
1286 752 1378 805 ejus
1410 753 1547 793 homo
1574 753 1842 805 justificetur
1871 760 1918 796 et

436 812 635 853 salvetur
672 814 841 867 absque
873 814 1002 854 bonis
1039 814 1287 863 charitatis,
1321 829 1434 868 quae
1471 822 1575 855 sunt
1612 816 1730 856 bona
1766 829 1916 870 opera,

435 882 481 914 et
508 874 551 914 in
578 875 656 915 illo
679 876 895 929 principio
918 891 1019 917 esse
1039 890 1129 917 non
1152 877 1296 918 solum
1320 876 1523 918 doctrina
1545 879 1623 918 sed
1647 879 1784 919 etiam
1808 879 1916 928 vita,

435 937 521 977 hoc
565 951 654 978 non
695 939 864 979 remitti
902 946 1068 993 potest.
1131 939 1205 980 Ex
1247 940 1315 980 his
1357 947 1566 981 constare
1607 946 1762 993 potest
1798 940 1918 994 quod

434 1013 512 1053 per
541 1001 907 1055 “blasphemiam
941 1010 1100 1043 contra
1131 1002 1344 1056 Spiritum
1377 1002 1615 1044 sanetum
1641 1002 1920 1056 significetur

433 1063 687 1104 falsificatio
719 1064 859 1105 Verbi
892 1079 1030 1118 usque
1062 1065 1118 1106 ad
1154 1064 1508 1107 destructionem
1547 1066 1696 1106 Divini
1728 1065 1837 1107 Veri
1873 1066 1918 1107 in

435 1139 568 1166 sensu
600 1140 680 1167 suo
712 1128 922 1179 genuino.
986 1127 1120 1180 Quod
1156 1128 1308 1181 itaque
1343 1132 1546 1168 “nomen
1578 1128 1919 1182 blasphemiae”

436 1188 658 1241 significet
694 1189 1053 1231 falsificationem
1091 1191 1239 1230 Divini
1272 1191 1394 1239 Veri,
1428 1191 1492 1231 ita
1523 1191 1677 1239 Verbi,
1711 1197 1781 1232 est
1817 1191 1919 1245 quia

435 1250 718 1303 blasphemia
754 1252 915 1292 dicitur
951 1266 1052 1292 cum
1089 1254 1186 1306 quis
1227 1252 1424 1306 loquitur
1460 1259 1620 1294 contra
1656 1253 1829 1304 Deum;
1871 1260 1917 1295 et

435 1312 555 1366 loqui
578 1320 737 1354 contra
760 1314 920 1362 Deum,
941 1322 1009 1356 est
1033 1322 1193 1356 contra
1212 1315 1422 1355 Divinum
1441 1315 1611 1356 Verum
1632 1330 1641 1366 ;
1665 1329 1769 1356 nam
1784 1315 1918 1357 ‚Divi-

435 1389 541 1416 num
559 1376 729 1416 Verum
748 1378 997 1430 procedens
1020 1392 1045 1418 a
1069 1378 1266 1418 Domino
1285 1385 1354 1418 est
1377 1379 1496 1431 quod
1515 1379 1558 1418 in
1577 1378 1732 1419 Verbo
1749 1378 1918 1420 intelli·-

433 1439 554 1491 gitur
593 1452 670 1491 per
704 1439 930 1487 “Deum,”
961 1453 1012 1480 ac
1047 1440 1258 1480 Divinum
1292 1440 1465 1481 Bonum
1499 1441 1618 1494 quod
1650 1440 1919 1494 intelligitur

434 1514 512 1554 per
537 1501 825 1553 “Jehovam''
850 1509 896 1542 et
923 1516 1099 1556 quoque
1131 1517 1210 1556 per
1233 1503 1516 1543 “Dominum
1533 1502 1569 1543 :’'
1599 1509 1645 1544 et
1671 1504 1772 1557 quia
1797 1503 1917 1544 blas-

434 1563 615 1616 phemia
634 1570 703 1605 est
727 1564 847 1618 loqui
870 1571 1030 1605 contra
1053 1565 1214 1613 Deum,
1234 1566 1298 1607 ita
1319 1579 1496 1619 quoque
1519 1572 1677 1607 contra
1700 1565 1915 1614 Verbum,
1983 1575 1985 1580 '

435 1627 645 1679 quoniam
691 1627 777 1668 hoc
824 1634 893 1668 est
936 1628 1147 1669 Divinum
1184 1628 1368 1677 Verum,
1410 1629 1513 1669 inde
1559 1629 1758 1682 sequitur
1796 1629 1916 1683 quod

432 1689 714 1742 blasphemia
741 1691 798 1730 sit
824 1690 1056 1731 falsificare
1084 1691 1315 1741 Verbum;
1354 1705 1456 1732 nam
1483 1692 1556 1745 qui
1587 1692 1631 1732 id
1661 1690 1914 1741 falsificant,

433 1752 497 1792 illi
523 1753 690 1793 faciunt
717 1759 765 1793 ut
792 1753 962 1793 Verum
989 1753 1128 1794 Verbi
1155 1754 1211 1794 sit
1237 1754 1410 1802 falsum,
1439 1767 1490 1795 ac
1517 1754 1675 1794 falsum
1703 1755 1915 1796 continue

435 1814 630 1868 loquitur
666 1822 826 1856 contra
865 1829 1033 1863 verum,
1066 1817 1205 1856 immo
1243 1817 1479 1869 impugnat
1502 1816 1638 1866 illud;
1670 1816 1773 1858 inde
1798 1829 1915 1858 nunc

433 1884 503 1917 est
530 1879 648 1930 quod
675 1892 753 1931 per
779 1882 804 1898 “
820 1878 1148 1931 blasphemiam
1161 1878 1180 1894 ''
1202 1877 1478 1931 significetur
1501 1878 1752 1920 falsificatio
1775 1878 1916 1932 Verbi

434 1954 570 1993 usque
598 1941 654 1980 ad
687 1939 1040 1981 destructionem
1067 1942 1249 1994 genuini
1275 1941 1381 1981 boni
1407 1955 1457 1981 ac
1485 1942 1666 1994 genuini
1691 1943 1783 1994 veri
1809 1942 1914 1995 ejus.

433 2002 586 2043 Simile
629 2003 790 2044 dicitur
831 2003 887 2044 de
931 2004 1118 2044 “bestia
1159 2004 1372 2044 coccinea
1387 2003 1405 2018 ”
1448 2004 1492 2044 in
1537 2004 1828 2057 sequentibus
1870 2005 1915 2045 in

431 2065 718 2118 Apocalypsi,

498 2170 628 2254 M.ulie(r
644 2171 772 2253 sedetis
790 2180 896 2211 super
912 2171 1026 2202 bestia
1045 2171 1217 2208 coccinea,
1235 2171 1341 2211 plena
1359 2177 1435 2202 erat
1453 2171 1657 2203 nominibus
1674 2171 1915 2213 blasphemiae

619 2224 700 2245 xvii.
719 2223 737 2253 3
764 2225 770 2245 z

433 2336 510 2375 per
544 2320 808 2361 “bestiam’'
844 2321 967 2361 illam
1009 2327 1054 2362 et
1095 2335 1174 2374 per
1207 2321 1507 2362 “mulierem’'
1543 2321 1606 2362 illi
1641 2322 1912 2364 insidentem

431 2383 699 2435 intelligitur
739 2384 797 2424 ibi
839 2383 1060 2436 Babylon,
1104 2390 1150 2424 et
1191 2397 1269 2437 per
1308 2384 1531 2424 “nomina
1571 2383 1878 2437 blasphemiae
1893 2385 1912 2401 '’

431 2446 746 2498 intelliguntur
790 2446 1144 2487 adulterationes
1188 2447 1294 2487 boni
1343 2452 1389 2487 et
1436 2445 1770 2487 falsificationes
1819 2448 1941 2488 veri.

431 2508 584 2556 Verbi,
605 2522 731 2560 quae,
757 2515 804 2548 ut
827 2507 993 2549 dictum
1017 2515 1100 2557 est,
1122 2515 1224 2549 sunt
1247 2508 1554 2562 blasphemiae
1573 2514 1732 2549 contra
1755 2509 1912 2550 Domi-

433 2584 550 2610 num.
612 2570 745 2622 Quod
771 2571 1079 2626 blasphemiae
1102 2571 1355 2624 significent
1382 2571 1499 2611 male
1525 2577 1571 2611 et
1597 2571 1706 2612 false
1729 2572 1910 2614 credere

433 2639 478 2673 et
512 2633 631 2685 loqui
663 2633 717 2673 de
750 2633 863 2682 Deo,
892 2641 937 2674 et
967 2634 1022 2674 de
1055 2634 1220 2674 Divino
1246 2634 1382 2681 Ver0‚
1416 2633 1553 2673 etiam
1585 2633 1642 2674 ab
1672 2632 1769 2674 aliis
1800 2633 1924 2704 locis·

431 2696 475 2736 in
501 2695 654 2735 Verbo
686 2702 895 2736 constare
922 2702 1074 2748 potest
1091 2696 1227 2737 1—Ut
1253 2695 1370 2748 apud
1395 2695 1597 2744 Esaiam,

496 2800 623 2831 “Dixit
643 2799 812 2840 jehovah.
835 2800 887 2831 Ne
907 2801 991 2831 time
1011 2807 1155 2840 propter
1173 2801 1281 2831 verba
1300 2810 1388 2840 quae
1408 2800 1584 2839 audivisti,
1604 2801 1730 2841 quibus
1749 2801 1911 2841 blasphe-

603 2850 744 2874 marunt
772 2845 870 2883 pueri
900 2841 1024 2884 [regis]
1051 2844 1221 2875 Aschuris
1248 2843 1458 2875 Me:....ac
1486 2850 1648 2883 precatus
1676 2850 1730 2875 est
1763 2844 1910 2876 Hiskias

606 2887 708 2923 Rex„
723 2911 729 2918 .
745 2912 751 2918 .
767 2893 816 2918 .et
844 2887 940 2923 dixit,
966 2887 1090 2924 Audi,”
1115 2887 1285 2928 Jehovah,
1312 2887 1458 2918 “omnia
1481 2888 1590 2918 verba
1613 2887 1827 2926 Sancheribi,
1852 2888 1910 2928 qui

603 2931 699 2961 misit
723 2930 766 2960 ad
791 2930 1107 2969 blasphemandum
1134 2930 1247 2961 Deum
1267 2929 1429 2961 vivum:'’
1458 2936 1493 2961 et
1516 2930 1653 2962 locutus
1677 2936 1731 2962 est
1749 2930 1909 2972 Jehovah

604 2983 709 3013 super
721 2973 828 3011 illurn,
843 2975 860 2987 “
872 2974 984 3014 Quem
997 2973 1250 3014 blasphemasti
1262 2980 1295 3004 et
1309 2974 1542 3005 calumniatus
1556 2984 1605 3011 es,
1619 2980 1653 3005 et
1669 2980 1792 3005 contra
1805 2984 1908 3014 quem

604 3017 759 3048 extulisti
780 3027 911 3055 vocem,
933 3024 966 3048 et
987 3017 1178 3049 sublevasti
1199 3017 1307 3048 altum
1329 3017 1449 3048 oculos
1470 3018 1572 3050 tuos?
1598 3023 1721 3049 contra
1741 3015 1910 3049 sanetum
