2054 3464
613 356 721 390 CAP.
746 357 848 398 xn„
872 357 1011 390 VERS.
1038 357 1183 403 5.-—N.
1206 349 1367 404 724[c].
1632 360 1735 406 1995

406 478 567 511 magnae
590 468 706 502 factae
730 470 766 502 in
790 470 1034 503 adolescentia
1057 481 1193 510 eorum,
1214 471 1307 504 filiae
1333 478 1477 504 nostrae
1501 473 1592 505 sicut
1616 474 1737 514 anguli

412 514 523 555 excisi
539 513 653 556 figura
669 514 791 555 palatii
801 513 820 526 ”
837 515 909 555 (Ps.
928 515 1032 547 cxliv.
1052 523 1102 554 11,
1122 516 1194 556 12):

235 605 360 662 quod
381 606 455 648 hic
475 620 558 661 per
577 606 732 648 “filios
755 607 1043 662 alienigenae
1057 609 1077 624 ''
1099 610 1423 662 intelligantur
1439 609 1569 659 falsa,
1589 615 1735 664 patet,

103 667 345 731 ¹:43Jnam
373 669 555 719 dicitur,
589 673 821 724 “quorum
857 685 908 712 os
946 671 1149 726 loquitur
1179 674 1452 722 vanitatem,
1485 678 1533 714 et
1569 673 1739 714 dextra

235 726 395 775 eorum
433 733 603 774 dextra
640 734 867 775 mendacii
884 734 920 785 ;”
956 741 1004 776 et
1040 737 1163 790 quod
1203 750 1284 791 per
1321 735 1479 776 “filios
1519 735 1737 777 nostros'’

173 845 178 852 ί
234 794 552 850 significentur
582 810 705 846 vera,
738 797 879 838 etiarn
915 805 1063 851 patet,
1102 813 1210 840 nam
1246 799 1413 840 dicitur
1448 799 1570 852 quod
1604 798 1737 839 “sint

235 858 355 900 sicut
395 858 586 915 plantae
627 859 776 901 saetae
818 861 864 901 in
902 851 1276 913 adolescehtia;”
1317 866 1343 883 “
1362 861 1552 915 plantae
1571 861 1592 877 ”
1630 869 1738 903 sunt

232 921 378 963 etiam
402 934 526 971 vera,
554 928 601 964 et
630 923 987 964 “adolescentia
1000 923 1019 939 ’‘
1045 931 1116 965 est
1146 925 1235 974 hic,
1263 930 1312 966 ut
1343 938 1493 978 supra,
1522 923 1738 967 Ecclesia

234 983 461 1039 Antiqua,
492 985 563 1026 cui
600 986 801 1039 genuina
829 999 939 1027 vera
972 986 1181 1028 fuerunt:
1219 1001 1300 1041 per
1332 987 1489 1028 “filias
1520 993 1704 1039 nostras
1717 988 1737 1003 '’

233 1047 553 1103 significantur
573 1049 840 1090 affectiones
862 1050 972 1099 veri,
996 1065 1112 1104 quae
1134 1052 1238 1092 ideo
1261 1057 1592 1104 comparantur
1615 1055 1735 1092 “an-

232 1110 355 1166 gulis
384 1112 552 1154 excisis
581 1112 725 1167 figura
757 1112 958 1166 palatii,''
983 1115 1090 1167 quia
1121 1114 1418 1168 “palatium'’
1448 1119 1519 1154 est
1551 1127 1736 1167 reprae-

216 1175 516 1217 .sentativum
547 1175 829 1225 intellthuS,
855 1177 900 1217 in
926 1190 1016 1230 quo
1041 1177 1265 1218 veritates
1296 1177 1342 1217 in
1372 1177 1564 1230 pulchra
1592 1176 1738 1218 forma

234 1243 360 1288 sunt,
385 1244 434 1280 et
459 1239 504 1279 in
530 1238 723 1292 pulchra
752 1239 898 1280 forma
924 1245 1030 1281 sunt
1056 1240 1242 1294 quando
1272 1253 1332 1281 ex
1363 1238 1604 1280 affectione
1629 1241 1736 1281 veri.

178 1287 182 1289 Δ
233 1299 377 1356 Apud
399 1300 615 1348 Mauricum,

299 1384 522 1422 “calvitiem
542 1389 659 1427 induc,
679 1395 715 1422 et
734 1390 845 1422 tonde
865 1396 911 1429 te,
932 1396 1078 1431 propter
1098 1390 1191 1423 filios
1211 1390 1418 1422 deliciarum
1439 1396 1581 1422 tuarum
1597 1399 1604 1430 ;
1629 1389 1739 1422 dilata

407 1433 588 1466 calvitiem
606 1439 703 1466 tuam
722 1434 813 1466 sieut
829 1434 958 1476 aquila,
975 1435 1059 1476 quia
1076 1436 1276 1476 migrarunt
1292 1445 1314 1466 a
1330 1442 1365 1466 te
1377 1434 1395 1446 ''
1413 1434 1447 1475 (i.
1468 1435 1542 1475 16):

229 1512 382 1560 luctus
420 1525 612 1573 propter
645 1533 756 1561 vera
794 1520 1021 1562 ecclesiae
1060 1521 1303 1575 deperdita
1343 1521 1619 1562 describitur
1656 1534 1736 1575 per

235 1582 508 1635 f‘calvitiem
534 1583 749 1625 inducere
762 1583 782 1599 ''
804 1597 856 1626 ac
885 1588 911 1605 ‘⁴
930 1584 1167 1634 dilatare,”
1189 1598 1241 1627 ac
1268 1599 1349 1639 per
1372 1585 1608 1626 “tondere
1633 1598 1682 1626 se
1699 1584 1736 1636 ;’'

235 1642 459 1691 “crines’'
489 1647 610 1687 enim
641 1646 903 1700 significant
933 1661 1043 1688 vera
1072 1648 1116 1688 in
1148 1647 1337 1697 ultimis,
1370 1654 1417 1689 et
1447 1649 1522 1702 qui
1560 1647 1734 1702 absque

231 1707 352 1750 veris
387 1708 434 1750 in
469 1708 643 1750 ultimis
679 1716 800 1759 sunt,
834 1711 976 1752 etiam
1006 1710 1179 1765 absque
1209 1711 1329 1752 veris
1366 1711 1560 1752 internis
1599 1717 1734 1761 sunt;

232 1771 340 1813 inde
365 1778 438 1814 est
462 1772 586 1827 quod
616 1773 660 1814 in
691 1773 864 1815 mundo
895 1774 1123 1828 spirituali
1152 1781 1408 1828 appareant
1440 1774 1558 1816 calvi
1584 1775 1658 1829 qui
1690 1775 1734 1816 in

233 1833 370 1882 nullis
382 1830 510 1876 ‘veris
532 1849 592 1876 ex
614 1835 739 1877 bono
761 1842 867 1878 sunt
886 1850 894 1878 :
927 1838 1051 1891 quod
1072 1851 1182 1878 vera
1203 1838 1295 1878 sint
1313 1837 1571 1891 deperdita,
1591 1838 1736 1891 signi-

201 1917 205 1919 ·
231 1896 394 1951 ficatur
417 1911 498 1952 per
522 1899 645 1953 quod
674 1898 793 1940 “filii
819 1899 1087 1942 deliciarum
1113 1901 1414 1954 migraverint
1440 1914 1467 1941 a
1492 1906 1539 1941 te
1558 1900 1593 1952 ;”
1619 1900 1735 1941 “filii
1758 1897 1761 1900 ’

231 1959 532 2002 deliciarum'’
559 1962 773 2003 dicuntur
802 1976 863 2003 ex
893 1976 1051 2004 amore
1081 1963 1266 2004 illorum
1297 1969 1345 2004 et
1375 1963 1482 2004 inde
1508 1963 1734 2017 jucundis.

201 2027 203 2031 '
231 2022 376 2081 Apud
398 2022 684 2074 Samariam,

304 2116 404 2150 Vidit
424 2118 513 2150 duas
537 2118 635 2150 oleas
657 2118 786 2160 “juxta
808 2119 970 2151 dextram
996 2111 1200 2152 candelabri
1225 2125 1260 2152 et
1279 2119 1381 2161 juxta
1400 2120 1583 2152 sinistram
1602 2130 1625 2158 ;.
1641 2146 1648 2153 .
1662 2146 1669 2153 .
1684 2126 1736 2153 ‚et

404 2161 698 2247 givxissalzsunt
707 2163 779 2195 duo
793 2163 855 2195 filii
869 2164 970 2195 oleae
984 2170 1122 2196 stantes
1138 2164 1242 2205 juxta
1255 2163 1452 2196 Dominum
1467 2165 1576 2196 totius
1590 2171 1706 2196 terrae
1717 2164 1736 2177 ''

456 2229 465 2238 ⁰
526 2231 535 2245 9
621 2231 628 2246 Ι

230 2310 312 2353 per
349 2299 504 2341 “duas
539 2299 699 2342 oleas''
735 2300 1054 2354 significantur
1088 2301 1222 2343 binae
1259 2301 1498 2351 ecclesiae,
1537 2302 1734 2343 ecclesia

230 2361 447 2405 caelestis
485 2368 533 2404 et
571 2363 769 2404 ecclesia
805 2364 1071 2417 spiritualis,
1108 2364 1188 2405 illa
1224 2378 1342 2418 quae
1381 2365 1477 2405 “ad
1515 2365 1732 2406 dextram

230 2424 539 2475 candelabri,”
563 2425 678 2467 haec
700 2440 816 2480 quae
841 2426 939 2467 “ad
963 2427 1199 2468 sinistram
1218 2427 1254 2478 ;”
1284 2441 1365 2481 per
1389 2427 1546 2468 “filios
1568 2427 1735 2469 oleae‘’

230 2487 547 2542 significantur
581 2502 691 2530 vera
724 2489 923 2540 illarum,
955 2503 1073 2544 quae
1103 2496 1213 2532 sunt
1243 2489 1532 2532 doctrinalia.
1590 2491 1732 2544 Apud

229 2551 445 2602 eundem,

296 2639 488 2673 “Tendam
514 2639 605 2672 Mihi
628 2629 919 2683 jehudam,'arcu
943 2641 1100 2682 implebo
1126 2641 1371 2683 Ephraimum,
1392 2647 1429 2674 et
1452 2642 1615 2674 excitabo
1640 2641 1733 2674 filios

405 2690 497 2723 tuos,
511 2683 612 2723 Zion,
625 2694 707 2716 cum
722 2685 803 2717 filiis
814 2685 896 2724 tuis,
909 2684 1024 2727 Javan
1039 2695 1047 2724 ;
1071 2692 1107 2717 et
1123 2695 1257 2727 ponam
1276 2692 1311 2718 te
1328 2686 1419 2718 sicut
1432 2686 1592 2727 gladium
1607 2692 1734 2727 poten-

404 2728 450 2760 tis
462 2727 480 2741 '’
497 2727 557 2769 (ix.
576 2728 651 2769 13):

229 2827 311 2869 per
347 2814 504 2856 “filios
543 2814 732 2856 Zionis'‘
767 2821 816 2857 et
855 2829 936 2870 per
968 2815 1127 2858 “filios
1163 2815 1382 2870 javanis”
1412 2816 1733 2870 significantur

228 2890 339 2919 vera
371 2876 516 2919 Verbi
551 2879 734 2919 interna
769 2884 818 2920 et
853 2885 1066 2927 externa,
1098 2892 1180 2933 per
1212 2878 1368 2920 “filios
1405 2878 1593 2920 Zionis”
1623 2892 1732 2919 vera

229 2940 425 2990 interna,
457 2947 504 2982 et
540 2954 621 2995 per
653 2941 808 2982 “filios
841 2941 1061 2994 Javanis”
1090 2955 1201 2983 vera
1237 2947 1463 2993 externa3
1496 2952 1589 2991 (quid
1608 2952 1732 2989 reliqua

228 3003 420 3042 significant.
438 3004 586 3035 videatur
607 3013 713 3044 supra,
733 3014 764 3036 n.
787 2998 936 3048 357[α].
955 3005 1102 3048 443[b]‚
1123 3006 1179 3036 ubi
1202 3006 1360 3044 explicata
1377 3005 1484 3045 suntx)
1515 2995 1620 3048 quia
1648 3008 1730 3048 per
