2098 3476
393 350 498 393 1924
800 347 1131 383 APOCALYPSIS
1163 348 1460 380 EXPLICATA.

387 462 696 515 captivitatem
738 475 884 503 meam
925 461 1163 511 dimittet,”
1200 461 1421 515 significat
1462 460 1581 515 quod
1623 459 1871 502 doctrinam

386 526 477 565 veri
502 525 723 574 restituet,
749 531 794 565 et
821 525 939 578 quod
966 524 1066 565 illos
1092 525 1165 578 qui
1190 525 1234 565 in
1259 524 1378 565 salsis
1404 538 1462 564 ex
1490 524 1744 576 ignorantia
1768 529 1872 564 sunt
1934 534 1939 541 ·

387 586 605 636 liberabit,
633 587 803 628 “urbs’'
826 589 944 628 enim
970 587 1191 640 significat
1218 585 1467 628 doctrinam
1494 587 1598 635 veri,
1622 593 1668 627 et
1694 587 1872 639 “capti-

386 650 531 690 vitas'’
562 650 672 690 falsa
703 651 995 703 ignorantiae,
1030 651 1073 690 in
1110 650 1267 702 quibus
1298 649 1476 689 fuerunt
1507 648 1683 701 gentes,
1717 654 1763 689 et
1797 661 1875 701 per

388 712 463 752 illa
494 713 537 752 in
570 714 833 766 captivitate
865 712 1105 765 spirituali:
1147 716 1276 752 “non
1309 712 1453 764 pretio
1485 725 1628 764 neque
1660 710 1874 752 munere”

388 775 609 827 significat
635 777 775 828 gratis
801 790 859 816 ex
887 775 1057 816 Amore
1086 775 1260 815 Divino.
1322 774 1459 826 Apud
1485 774 1692 823 eundem,

779 838 796 846 π

454 869 659 902 “Nuntient
679 871 780 902 vobis
798 881 886 911 quae
906 871 1123 910 contingent,
1142 871 1273 910 priora.
1289 870 1364 901 .illa
1383 870 1545 907 indicate,
1563 876 1600 901 ut
1620 875 1795 910 ponamus
1815 879 1875 902 cor

563 920 734 950 nostrum,
753 920 787 945 et
808 914 960 945 sciamus
978 914 1221 954 posteritatem
1240 923 1373 950 eorum,
1391 919 1450 944 aut
1469 920 1618 944 ventura
1634 913 1754 944 audire
1771 913 1875 944 facite

562 967 650 994 nos;
672 957 827 1040 )indicate
852 958 992 997 signum
1022 957 1057 988 in
1080 957 1246 995 futurum,
1267 963 1305 988 ut
1329 957 1481 988 sciamus
1501 956 1594 997 quod
1618 956 1666 988 dii
1690 955 1783 988 vos’'
1802 956 1874 996 (xli.

561 1008 611 1039 22,
631 1008 670 1039 23
697 1011 703 1032 :

389 1087 507 1141 quod
540 1086 751 1128 autemsta
782 1094 827 1128 et
865 1088 1009 1128 sutura
1041 1088 1187 1128 dicere
1220 1088 1276 1128 sit
1309 1087 1444 1127 solius
1477 1087 1671 1136 Domini,
1705 1093 1751 1128 et
1783 1100 1873 1128 non

388 1150 570 1203 alicujus
591 1151 784 1191 hominis
807 1157 883 1191 aut
906 1150 1087 1203 alicujus
1110 1151 1303 1203 spiritus,
1328 1151 1592 1203 exprimitur
1618 1164 1696 1202 per
1720 1154 1744 1170 ‘⁴
1760 1150 1872 1191 indi-

388 1226 487 1253 care
520 1214 696 1265 signum
728 1214 771 1253 in
802 1213 1011 1262 futurum,
1046 1220 1093 1254 ut
1127 1214 1317 1254 sciamus
1349 1213 1468 1266 quod
1506 1213 1564 1253 dii
1600 1212 1747 1263 sitis;”
1787 1212 1872 1254 hoc

387 1275 615 1316 concludit
651 1275 728 1316 illa
764 1290 876 1329 quae
909 1275 1198 1328 praecedunt,
1233 1289 1367 1329 quare
1401 1275 1634 1316 “indicare
1667 1274 1874 1328 signum”

388 1343 456 1378 est
484 1337 711 1378 testificari
738 1338 1048 1390 persuadendo
1073 1345 1120 1378 ut
1150 1338 1371 1379 credatur.

472 1405 562 1458 [εἰ]
605 1405 744 1458 Apud
769 1405 1056 1454 Ezechielem,

454 1491 613 1532 “Accipe
635 1492 697 1523 tibi
717 1492 933 1532 sartaginem
952 1492 1047 1529 ferri,
1066 1498 1101 1523 et
1120 1492 1165 1523 da
1184 1502 1262 1523 eam
1281 1492 1450 1532 parietem
1468 1492 1550 1524 ferri
1571 1492 1663 1523 inter
1681 1498 1715 1524 te
1732 1498 1766 1524 et
1783 1492 1875 1524 inter

559 1536 693 1573 urbem,
714 1542 748 1566 et
768 1536 937 1575 dispones
957 1535 1064 1566 facies
1084 1542 1162 1566 tuas
1182 1542 1306 1566 contra
1327 1536 1432 1573 illam,
1453 1542 1491 1567 ut
1515 1536 1561 1567 sit
1584 1537 1619 1567 in
1640 1535 1874 1573 obsidionem.

560 1585 594 1610 et
611 1585 782 1619 angustes
799 1588 876 1610 eam
892 1588 899 1617 ;
925 1579 1066 1618 signum
1083 1579 1150 1610 hoc
1169 1579 1290 1610 domui
1310 1578 1452 1610 Israelis
1464 1578 1482 1590 ”
1499 1579 1557 1618 (iv.
1575 1579 1628 1619 3);

386 1676 496 1716 haec
529 1682 574 1716 et
605 1676 775 1729 reliqua
806 1676 849 1716 in
877 1676 965 1737 *hoc
999 1676 1145 1728 capite
1178 1683 1281 1716 sunt
1313 1677 1699 1729 repraesentativa
1729 1682 1874 1717 status

387 1739 602 1779 ecclesiae
639 1739 757 1790 apud
794 1745 980 1791 gentem
1015 1739 1262 1791 Judaicam‚
1301 1738 1599 1792 significantia
1633 1739 1752 1792 quod
1789 1739 1875 1781 illis

388 1815 477 1841 non
509 1801 627 1841 aliud
661 1814 814 1841 verum
846 1807 965 1841 esset
998 1815 1130 1854 quam
1162 1801 1443 1842 falsificatum
1474 1808 1520 1842 et
1555 1801 1872 1850 adulteratum,
1932 1837 1933 1841 ,

388 1865 506 1918 quod
530 1866 573 1904 in
600 1878 646 1904 se
673 1871 742 1904 est
768 1864 952 1914 salsum;
986 1865 1077 1905 tale
1104 1878 1256 1905 verum
1284 1865 1559 1917 significatur
1585 1878 1662 1917 per
1690 1869 1872 1906 “sarta-

387 1929 538 1980 ginem
560 1927 696 1976 ferri‚”
719 1941 851 1980 quam
874 1927 1001 1968 daret
1029 1929 1245 1980 parietem
1267 1929 1383 1968 inter
1409 1942 1455 1968 se
1482 1935 1528 1969 et
1554 1929 1670 1968 inter
1691 1928 1871 1978 urbem;

388 1997 433 2030 et
474 1991 574 2043 quia
613 1990 697 2031 hoc
739 1991 853 2030 sicut
894 1990 1054 2030 ferrum
1095 1997 1164 2031 est
1205 1991 1376 2039 durum,
1420 1990 1655 2031 secludens
1695 1997 1741 2031 et
1783 2003 1872 2031 non

388 2053 633 2093 admittens
678 2053 858 2106 aliquod
903 2066 1056 2093 verum
1097 2054 1354 2106 genuinum,
1397 2054 1557 2094 dIcitur
1599 2057 1684 2094 “ut
1729 2054 1786 2094 sit
1829 2054 1872 2094 in

390 2115 682 2164 obsidionem,
711 2123 756 2156 et
786 2123 1001 2168 angustes
1027 2115 1177 2156 eam:‘'
1208 2116 1327 2169 quod
1359 2115 1444 2156 hoc
1477 2116 1654 2168 signum
1680 2122 1875 2157 testetur

389 2178 443 2217 de
479 2178 672 2218 ecclesia
704 2179 822 2231 quod
860 2179 962 2219 talis
999 2180 1071 2227 sit,
1105 2178 1382 2231 significatur
1418 2192 1495 2231 per
1527 2177 1752 2231 “Signum
1787 2179 1874 2220 hoc

389 2241 540 2281 domui
587 2241 762 2281 Israelis
780 2241 812 2291 ;’‘
857 2243 1076 2294 “signum
1096 2241 1115 2256 ’¹
1156 2248 1225 2282 est
1270 2241 1544 2290 testificatio,
1587 2248 1633 2282 et
1677 2242 1874 2282 “domus

392 2303 567 2343 Israelis
582 2303 600 2318 ’'
627 2310 697 2343 est
724 2304 926 2344 ecclesia.
987 2304 1125 2356 Apud
1151 2304 1394 2353 Davidem,·

455 2400 473 2413 ‘⁴
484 2399 614 2430 Omnia
622 2399 773 2439 perdidit
783 2400 896 2430 hostis
909 2400 943 2430 in
956 2398 1169 2438 sanctuario,
1179 2400 1363 2440 rugierunt
1372 2400 1508 2432 hostes.
1524 2400 1574 2432 ‚in
1586 2399 1667 2431 festi
1679 2399 1728 2431 tui
1739 2399 1872 2438 medio:

562 2448 757 2482 posuerunt
777 2443 880 2483 signa
907 2453 971 2474 sua
996 2444 1108 2483 signa.
1161 2468 1168 2475 .
1183 2468 1190 2475 .
1205 2468 1212 2475 .
1227 2443 1352 2483 ,Signa
1371 2449 1495 2474 nostra
1515 2453 1587 2474 non
1607 2443 1779 2481 videmus,
1799 2453 1872 2475 non

560 2486 711 2526 amplius
730 2486 929 2526 propheta’'
950 2487 1022 2526 (ΡΞ.
1041 2487 1146 2518 lxxiv.
1166 2495 1194 2526 3,
1211 2496 1242 2526 4,
1261 2487 1311 2527 9):

392 2584 593 2625 “Omnia
638 2585 829 2637 perdidit
878 2585 1020 2625 hostis
1069 2586 1110 2625 in
1162 2584 1444 2626 san&uario”
1488 2583 1708 2638 significat
1752 2583 1898 2638 quod,

391 2648 556 2688 malum
583 2647 858 2688 destruxerit
885 2647 1039 2689 sancta
1065 2648 1308 2699 ecclesiae;
1344 2649 1611 2702 “rugierunt
1641 2648 1797 2688 hostes
1827 2647 1887 2687 in‘

391 2711 491 2751 festi
523 2710 587 2750 tui
623 2710 801 2750 medio''
833 2710 1055 2762 significat
1087 2712 1206 2764 quod
1243 2711 1353 2752 falsa
1384 2711 1691 2752 destruxerint
1722 2710 1872 2750 omnia

392 2773 564 2822 cultus;
596 2775 875 2824 “posuerunt
899 2774 1027 2825 signa
1049 2787 1127 2813 sua
1149 2773 1308 2826 signa‘'
1326 2772 1547 2826 significat
1569 2772 1688 2826 quod
1711 2771 1870 2813 testifi-

395 2836 484 2876 cati
502 2836 590 2875 sint
607 2841 652 2875 et
671 2836 967 2886 persuaserint
987 2849 1063 2887 per
1081 2838 1230 2876 omnia
1247 2851 1255 2887 ;
1283 2837 1448 2889 “signa
1470 2841 1624 2877 nostra
1641 2847 1731 2876 non
1746 2834 1869 2875 vide-

391 2898 518 2938 mus”
540 2897 761 2950 significat
784 2898 903 2950 quod
930 2898 1076 2939 nullae
1100 2899 1439 2940 testificationes
1461 2899 1551 2939 veri
1577 2904 1870 2950 acceptentur

388 2961 431 3000 in
458 2959 671 3011 ecclesia;
705 2963 831 3000 “non
865 2960 1053 3013 amplius
1079 2961 1330 3014 propheta’'
1354 2960 1576 3014 significat
1602 2960 1720 3014 quod
1749 2959 1869 3000 nulla
