2008 3458
396 372 507 425 2246
810 379 1138 413 APOCALYPSIS
1169 379 1463 412 EXPLICATA.

399 500 445 534 et
471 493 590 547 quod
617 492 692 533 illa
718 492 759 533 in
788 491 843 534 Se
870 491 1164 542 transtulerit,
1189 506 1239 533 ac
1262 491 1520 546 portaverit,
1546 497 1590 532 et
1618 503 1694 543 per
1718 489 1762 531 id
1787 501 1878 531 non

398 554 541 594 solum
568 555 920 596 reconciliaverit
947 556 1138 604 Patrem,
1167 556 1245 596 sed
1277 556 1412 596 etiam
1445 568 1526 594 nos
1555 552 1794 594 redemerit
1819 551 1878 593 ab

398 616 581 665 inferno,
607 631 656 658 ac
684 618 803 670 quod
829 631 907 671 per
928 618 971 658 id
995 618 1200 658 meritum
1225 617 1405 658 Domini
1427 617 1662 664 salvemur,
1686 615 1722 656 si
1744 614 1880 656 modo

398 692 454 718 ex
483 678 640 719 fiducia
673 686 717 719 et
750 694 807 719 ex
835 679 1106 720 confidentia
1132 680 1175 720 id
1202 680 1434 728 credimus,
1464 691 1698 719 necessum
1729 683 1800 718 est
1830 682 1880 718 ut

399 741 586 792 primum
620 742 882 794 exploretur
912 755 1017 782 num
1053 742 1161 783 talia
1191 743 1436 783 secundum
1468 742 1723 794 opinionem
1754 752 1879 782 com·

397 816 575 843 munem
602 804 897 858 intelligenda
923 811 1039 846 sunt.
1807 846 1810 852 .

480 864 562 917 [b.]
601 865 667 918 (i.)
711 865 845 917 Quod
871 866 1024 919 itaque
1051 866 1243 919 primurn
1266 866 1448 913 attinet,
1480 863 1608 914 Quod
1626 863 1691 904 sit
1713 861 1880 916 Propi-

397 924 535 973 tiatio,
561 933 709 978 nempe
733 927 999 979 propitiatio
1023 927 1110 967 Dei
1134 927 1295 967 Patris
1321 933 1405 978 per
1422 925 1675 978 passionem
1700 937 1775 966 seu
1797 929 1884 976 per

396 988 652 1040 sangytinem
668 989 895 1037 Filiisui,·
927 990 1011 1030 hoc
1034 989 1223 1030 involvit
1246 987 1531 1041 rejeffionem
1555 1001 1632 1028 seu
1654 985 1880 1027 abaliena-

396 1050 566 1090 tionem
584 1052 760 1102 generis
778 1051 957 1092 humani
975 1066 1032 1092 ex
1050 1051 1198 1105 aliqua
1215 1052 1276 1091 ira
1294 1058 1370 1091 aut
1388 1048 1598 1097 vindicta,
1616 1062 1727 1102 quae
1745 1060 1879 1089 voca-

396 1117 467 1151 tur
479 1111 650 1164 justitia
668 1114 952 1162 vindicativa,
973 1128 1087 1167 quae
1109 1128 1135 1154 a
1158 1114 1256 1154 Deo
1281 1114 1409 1153 Patre
1428 1112 1637 1165 imposita
1655 1110 1768 1152 Filio
1784 1123 1878 1160 suo,

397 1180 446 1214 ut
472 1188 550 1227 per
572 1177 823 1228 passionem
847 1177 987 1217 crucis
1014 1177 1155 1230 Ipsius
1179 1177 1331 1229 generi
1354 1176 1549 1215 humano
1571 1173 1880 1215 reconciliare-

397 1242 481 1284 tur,
506 1244 552 1277 et
578 1239 639 1278 sic
663 1240 989 1291 propitiaretur.
1040 1238 1151 1291 Quis
1174 1253 1262 1279 non
1285 1238 1408 1278 videt
1431 1237 1550 1291 quod
1572 1236 1750 1289 rejicere
1771 1249 1798 1276 a
1822 1234 1881 1277 Se

398 1312 540 1351 genus
563 1300 819 1350 humanum,
839 1308 915 1342 aut
938 1315 997 1342 ex
1014 1300 1187 1354 justitia
1209 1301 1359 1341 ulcisci
1377 1299 1752 1340 abalienationem
1774 1297 1879 1351 ejus,

398 1362 454 1402 sit
481 1369 638 1403 contra
668 1365 809 1416 ipsam
836 1364 1077 1404 essentiam
1106 1364 1328 1410 Divinam,
1357 1376 1470 1416 quae
1502 1368 1571 1402 est
1602 1362 1695 1414 ipse
1721 1361 1879 1408 Amor,

398 1425 493 1476 ipsa
525 1425 841 1475 Misericordia,
876 1440 926 1467 ac
959 1427 1101 1479 ipsum
1135 1426 1337 1466 Bonum?
1399 1424 1522 1465 Talis
1552 1424 1795 1465 vindicatio
1826 1436 1881 1464 ne

399 1487 577 1539 quidem
604 1484 734 1528 datur
760 1490 876 1542 apud
904 1489 1040 1529 ullum
1067 1489 1292 1542 angelum,
1320 1502 1370 1528 ac
1402 1489 1478 1528 vix
1511 1487 1628 1540 apud
1654 1487 1881 1527 hominem

399 1549 600 1601 probum,
630 1552 773 1591 minus
805 1552 922 1604 apud
955 1552 1113 1592 Deum.
1175 1550 1286 1603 Quis
1317 1551 1453 1591 etiam
1485 1563 1574 1590 non
1606 1549 1729 1590 videt
1760 1548 1880 1602 quod

400 1611 557 1652 durum
589 1614 645 1653 sit
678 1615 877 1666 cogitare
909 1614 1027 1667 quod
1055 1614 1373 1654 vindicativum
1407 1612 1514 1652 illud
1547 1612 1661 1653 Filio
1691 1625 1718 1652 a
1749 1611 1880 1653 Patre

400 1687 479 1714 suo
511 1675 767 1727 impositum
800 1677 871 1725 sit,
904 1683 980 1717 aut
1012 1677 1131 1730 quod
1169 1676 1250 1716 Ille
1287 1676 1329 1715 id
1366 1676 1409 1715 in
1447 1674 1503 1715 Se
1539 1674 1796 1727 susceperit,
1829 1686 1880 1715 ac

400 1737 519 1788 quod
552 1751 610 1778 ex
644 1739 879 1779 intuitione
906 1745 951 1779 et
977 1738 1287 1779 recordatione
1313 1738 1404 1790 ejus
1436 1738 1536 1778 Deo
1567 1737 1685 1777 Patri
1716 1735 1882 1777 miseri-

401 1799 551 1839 cordia
582 1801 652 1849 sit,
682 1807 727 1841 et
759 1815 849 1841 non
881 1815 939 1841 ex
972 1802 1068 1854 ipso
1100 1801 1263 1841 Divino
1295 1800 1480 1848 Amore,
1509 1799 1582 1852 qui
1612 1799 1656 1838 in
1687 1799 1882 1840 essentia

401 1875 479 1902 sua
505 1869 574 1903 est
600 1863 808 1913 infinitus,
834 1871 1041 1905 aeternus
1067 1870 1113 1904 et
1139 1863 1423 1903 immediatus
1449 1875 1556 1914 erga
1581 1874 1714 1902 omne
1739 1874 1882 1914 genus

400 1926 674 1966 humanum?
735 1926 882 1979 Quare
909 1940 998 1967 non
1026 1927 1117 1967 scio
1143 1939 1199 1967 an
1225 1927 1455 1979 quisquam
1483 1925 1623 1978 possit
1649 1938 1674 1965 a
1706 1924 1805 1965 Deo
1835 1930 1881 1965 et

401 2001 501 2028 cum
535 1988 634 2028 Deo
660 1990 874 2041 cogitare,
903 1989 1023 2042 quod
1049 1987 1237 2041 rejectus
1268 1989 1324 2028 sit
1356 2002 1381 2027 a
1413 1988 1525 2036 Deo,
1553 1994 1599 2028 et
1631 1986 1750 2040 quod
1781 1986 1882 2027 ideo

401 2064 460 2090 ex
491 2051 725 2091 voluntate
759 2051 900 2091 Patris
931 2052 1170 2092 damnatus
1202 2051 1257 2091 sit
1291 2050 1442 2098 Filius,
1476 2063 1526 2090 ac
1559 2063 1637 2103 per
1666 2049 1710 2089 id
1740 2046 1882 2090 factus

401 2113 758 2164 propitiatorium
801 2127 851 2154 ac
893 2113 1052 2154 solium
1089 2114 1272 2166 gratiae.
1335 2107 1571 2153 Praeterea
1601 2111 1773 2168 justitia
1812 2117 1882 2152 est

401 2175 666 2216 attributum
709 2176 934 2224 Divinum,
978 2189 1068 2216 non
1109 2182 1260 2216 autem
1297 2175 1468 2227 justitia
1509 2175 1793 2222 vindicativa,
1835 2180 1882 2214 et

401 2237 546 2277 adhuc
574 2239 716 2278 minus
743 2239 784 2278 in
812 2238 898 2279 alio
925 2245 1107 2291 propter
1128 2237 1288 2287 alium;
1323 2239 1357 2277 si
1384 2250 1471 2277 non
1498 2244 1566 2277 est
1588 2236 1774 2289 justitia,
1799 2248 1880 2276 nec

402 2306 470 2340 est
497 2314 555 2339 ex
584 2300 746 2340 Divino
769 2301 922 2341 ordine
948 2301 1109 2341 salvari
1135 2306 1316 2352 propter
1338 2300 1484 2347 alium,
1509 2299 1587 2339 sed
1615 2312 1692 2351 per
1716 2297 1880 2348 alium3

402 2374 483 2402 nec
510 2369 661 2414 potest
689 2363 811 2403 Deus
837 2363 1112 2403 reconciliari
1137 2376 1214 2415 per
1239 2362 1357 2402 aliud
1381 2375 1511 2415 quam
1544 2374 1622 2414 per
1647 2361 1880 2413 paeniten-

403 2425 509 2464 tiam
536 2425 670 2476 ipsius
695 2425 898 2465 hominis.
960 2424 1092 2477 Quod
1119 2424 1278 2464 salvari
1310 2438 1387 2477 per
1414 2424 1670 2472 Dominum,
1698 2429 1744 2464 et
1770 2437 1881 2476 quo-

402 2500 486 2539 que
513 2500 589 2538 per
615 2488 867 2538 passionem
894 2488 1033 2528 crucis
1061 2487 1214 2539 Ipsius,
1244 2493 1288 2527 et
1315 2488 1373 2526 sic
1407 2500 1431 2526 a
1458 2486 1666 2535 Domino,
1695 2486 1750 2526 sit
1777 2499 1881 2538 pro-

402 2549 577 2600 pitiatio
603 2556 648 2589 et
675 2551 889 2601 expiatio,
917 2550 1139 2590 videbitur
1164 2550 1207 2589 in
1234 2549 1535 2602 sequentibus.

490 2611 570 2664 (ii.)
617 2611 744 2661 Quod
756 2626 837 2652 non
860 2612 921 2652 sit
938 2612 1250 2652 Misericordia
1268 2625 1341 2651 seu
1361 2610 1596 2651 llffz'seratio
1616 2610 1704 2651 Dei
1719 2610 1881 2652 Patris

397 2680 586 2726 propter
616 2674 791 2714 Filium.
853 2674 1062 2715 Solennis
1100 2674 1369 2727 supplicatio
1406 2675 1450 2713 in
1488 2673 1703 2722 ecclesiis,
1742 2679 1788 2714 et
1825 2673 1883 2714 ab

402 2737 657 2777 hominibus
680 2737 898 2778 ecclesiae
922 2738 1042 2777 domi
1069 2743 1116 2778 et
1138 2737 1255 2784 foris,
1279 2737 1459 2790 quando
1485 2737 1527 2776 in
1551 2737 1735 2789 pietatis
1758 2735 1882 2776 cultu

403 2806 521 2847 sunt,
550 2806 634 2848 est,
661 2800 765 2840 “Ut
799 2800 921 2840 Deus
949 2800 1081 2840 Pater
1107 2800 1372 2840 misereatur
1394 2800 1536 2839 nostri
1564 2805 1748 2852 propter
1771 2797 1880 2838 Fili-

403 2875 491 2910 um,
525 2876 575 2902 ac
614 2869 798 2915 propter
830 2863 1086 2916 passionem
1124 2863 1264 2902 crucis
1303 2861 1483 2915 Ipsius.'’
1545 2861 1671 2902 Haec
1709 2860 1879 2914 suppli—

403 2927 522 2965 catio
549 2925 642 2966 fluit
670 2939 728 2966 ex
755 2931 938 2978 recepta
969 2924 1055 2965 fide
1087 2924 1143 2965 de
1174 2926 1495 2978 propitiatione
1526 2938 1604 2964 seu
1634 2923 1880 2964 reconcila-

403 2987 528 3026 tione
562 2987 705 3026 Patris
737 3000 815 3039 per
842 2986 1005 3026 Filium
1032 2996 1087 3034 (de
1106 3005 1170 3033 qua
1189 3005 1264 3025 mox
1283 2996 1418 3036 supra);
1460 2992 1556 3025 tum
1587 2998 1646 3033 ex
1672 2983 1878 3025 doctrina
