2054 3464
375 382 487 434 2136
702 436 707 442 ¹
787 392 1119 428 APOCALYPSIS
1150 396 1446 429 EXPLICATA.

373 503 493 544 bona
518 517 666 556 opera,
692 510 737 545 et
765 505 883 558 quod
910 505 1020 546 fides
1046 520 1158 560 quae
1179 506 1394 560 justificat
1421 514 1466 550 et
1493 508 1653 558 salvat,
1682 509 1739 551 sit
1765 523 1862 551 cre-

373 565 478 606 dere
509 566 585 606 illa
617 581 729 620 quae
767 569 809 607 in
843 567 998 609 Verbo
1028 576 1132 610 sunt
1164 577 1209 611 et
1241 571 1385 611 facere
1418 571 1521 622 illa;
1564 578 1610 612 at
1643 571 1862 614 dracones

372 641 551 680 prorsus
591 629 721 670 aliter
761 631 989 682 sentiunt;
1033 632 1111 672 sed
1152 634 1380 686 quomodo
1424 634 1468 675 hi
1513 635 1728 683 sentiunt,
1770 646 1861 676 non

373 692 553 744 capiunt
579 692 655 739 illi,
684 698 729 732 et
761 693 863 746 quia
889 707 979 734 non
1005 695 1201 747 capiunt,
1230 709 1317 736 nec·
1338 697 1583 749 recipiunt:
1618 710 1676 737 ex
1703 697 1861 750 quibus

372 759 513 804 patet,
538 754 658 806 quod
681 754 870 795 ecclesia
896 769 953 795 ex
977 755 1077 806 illis,
1102 758 1174 810 qui
1201 771 1290 798 non
1313 759 1531 799 dracones
1554 765 1671 807 sunt,
1695 758 1860 799 intelli-

371 822 503 867 gatur
537 830 615 869 per
650 816 883 871 “terram„
908 832 1021 871 quae
1054 819 1222 872 adjuvit
1257 821 1501 869 mulierem,
1538 828 1583 862 et
1615 821 1857 874 deglutivit

370 877 533 918 flumen
561 880 679 932 quod
712 880 848 920 draco
880 880 1010 933 ejecit
1041 896 1100 922 ex
1135 896 1210 923 ore
1242 883 1358 924 suo.”
1419 883 1587 935 Quales
1618 891 1783 933 autem,
1811 891 1858 926 et

371 953 503 992 quam
536 948 715 983 astutae
747 949 793 983 et
826 943 955 984 simul
987 945 1260 996 perniciosae
1292 946 1657 986 ratiocinationes
1682 946 1858 987 illorum

370 1004 443 1056 qui
475 1017 554 1056 per
589 1005 873 1046 “draconem
888 1005 907 1021 ”
939 1007 1265 1060 intelliguntur,
1301 1008 1355 1048 de
1387 1010 1670 1061 separatione
1701 1008 1804 1049 fidei
1834 1022 1861 1049 a

370 1065 498 1106 bonis
517 1068 738 1120 operibus,
756 1071 801 1108 et
821 1068 875 1109 de
892 1069 1205 1122 conjunctione
1221 1083 1388 1119 eorum,
1408 1078 1525 1119 sunt,
1542 1071 1659 1120 alibi,
1676 1071 1859 1113 voiente

371 1129 581 1178 Domino,
616 1131 914 1182 revelabitur;
957 1138 1053 1172 tum
1085 1133 1204 1186 quod
1236 1133 1339 1174 illae
1371 1134 1739 1175 ratiocinationes
1770 1135 1859 1176 sint

371 1193 507 1233 modo
548 1194 667 1246 apud
709 1195 938 1235 antistites
979 1195 1191 1244 eruditos,
1231 1202 1275 1236 et
1319 1209 1408 1236 non
1445 1203 1595 1245 notae,
1633 1197 1736 1250 quia
1769 1210 1859 1238 non

369 1254 642 1306 intellectae,
671 1257 838 1310 populo
873 1257 1104 1307 ecclesiae,
1134 1265 1179 1299 et
1206 1258 1325 1311 quod
1357 1259 1460 1299 inde
1493 1260 1550 1300 sit
1576 1259 1697 1312 quod
1729 1259 1862 1308 Nova

370 1317 589 1367 Ecclesia,
614 1333 728 1372 quae
755 1318 921 1360 Sancta
945 1319 1264 1373 Hierosolyma
1284 1328 1484 1370 vocatur,
1509 1321 1565 1362 ab
1587 1322 1655 1362 his
1677 1321 1859 1379 adjuve-

371 1388 456 1430 tur,
481 1387 527 1422 et
550 1396 725 1435 quoque
750 1389 936 1423 crescat.

1010 1558 1147 1582 VERSUS
1169 1558 1219 1590 17.

449 1621 619 1676 [¹3766·
658 1636 718 1663 ’Ἐΐ
732 1636 827 1663 iratus
841 1638 887 1663 eet
899 1637 986 1663 draeo
999 1639 1101 1663 eontra
1114 1637 1271 1668 mullerem,
1286 1638 1316 1663 et
1329 1637 1422 1664 abluit
1431 1637 1535 1670 facere
1549 1637 1650 1664 bellum
1663 1645 1726 1665 oum
1739 1637 1858 1671 rellqule

368 1676 491 1703 semime
506 1676 579 1708 ejus,
596 1677 817 1703 observantibus
833 1678 970 1703 mandata
986 1677 1044 1708 Dei,
1060 1679 1090 1703 et
1105 1677 1277 1704 habentibus
1293 1678 1491 1704 testImom'um
1506 1678 1578 1705 «lesu
1593 1677 1735 1705 christ!.''

394 1757 444 1790 17.
477 1749 540 1783 “ft
560 1749 672 1784 iratus
695 1753 751 1784 est
766 1750 869 1783 draco
893 1753 1012 1784 contr-a
1033 1749 1218 1788 mulierem,
1221 1751 1237 1762 ”
1253 1749 1414 1792 significat
1430 1751 1542 1783 odium
1559 1751 1706 1790 illorum,
1721 1752 1783 1794 qui
1794 1758 1860 1795 per

545 1795 781 1826 “''draconem
800 1796 1050 1837 intellzguntur‚
1066 1799 1180 1826 contra
1196 1796 1370 1832 ecclesiam,
1387 1806 1472 1837 quae
1494 1795 1595 1826 Nova
1618 1796 1788 1838 Hierosoly
1790 1807 1858 1835 ma,

545 1839 716 1870 incensum
732 1850 753 1870 a
762 1843 910 1880 percepto
924 1839 1051 1881 favore
1057 1839 1216 1880 plur-mm
1237 1839 1288 1881 [n.
1308 1838 1410 1881 767];
1441 1841 1499 1872 “et
1518 1838 1624 1872 abivit
1647 1808 1788 1874 facerey
1786 1840 1858 1874 bel-

545 1883 613 1915 lum
627 1892 702 1915 cum
715 1882 856 1926 reliquis
868 1882 1010 1916 seminis
1023 1883 1117 1926 ejvsss
1118 1882 1299 1924 'significat
1314 1888 1345 1914 et
1359 1884 1436 1914 znde
1448 1894 1489 1914 ex
1505 1884 1577 1914 vita
1594 1884 1679 1915 mali
1687 1885 1858 1916 ardentem

480 1925 488 1930 '
544 1932 699 1958 conatum
717 1927 944 1968 impugnandi
958 1938 1038 1957 vera
1054 1927 1226 1958 (ἰοίῖντηαε
1242 1927 1333 1958 illzus
1347 1927 1493 1958 ecclesiae
1517 1927 1568 1970 [n.
1587 1927 1688 1970 768];
1718 1927 1857 1962 “obser-

548 1971 703 2004 vantibus
719 1971 879 2003 mandata
896 1970 983 2008 oei?
999 1969 1161 2012 significat
1183 1972 1276 2012 apud
1295 1972 1367 2002 zllos
1389 1972 1449 2012 qui
1469 1971 1574 2002 vitam
1585 1971 1685 2013 fidei,
1708 1982 1792 2014 quae
1813 1977 1860 2004 est

544 2016 701 2052 charitas,
718 2016 847 2048 vivunt
869 2014 919 2058 [n
938 2014 1041 2056 769];
1073 2017 1129 2047 “et
1142 2014 1343 2048 habenttbus
1360 2013 1587 2047 testimonium
1602 2015 1689 2048 *lesu
1707 2014 1858 2054 Chm'stil’

542 2058 704 2100 significat
719 2064 750 2090 et
764 2064 950 2101 agnoscunt
963 2059 1135 2090 Divmum
1153 2059 1190 2090 in
1206 2059 1368 2090 Humano
1383 2059 1530 2090 Domini
1546 2059 1597 2102 [n.
1616 2058 1712 2102 77o].

445 2149 572 2201 767.
598 2158 704 2195 [Vers.
720 2158 781 2195 17.]
808 2147 884 2186 “ft
894 2146 1027 2187 iratus
1037 2150 1104 2186 est
1114 2147 1242 2186 draco
1253 2149 1396 2186 contra
1409 2146 1853 2200 mulier-em.¹'—Quod

366 2209 587 2262 significet
613 2209 758 2248 odium
783 2207 972 2256 illorum,
1001 2207 1080 2260 qui
1099 2214 1185 2260 per
1211 2211 1236 2227 ‘⁶
1251 2208 1478 2247 draconem
1490 2207 1508 2222 ’⁹
1533 2207 1852 2261 intellzguntun

365 2279 516 2312 contra
541 2271 773 2319 ecclesiam,
802 2285 913 2324 quae
940 2270 1070 2311 Nova
1099 2269 1420 2322 Hierosolyma,
1449 2270 1668 2310 incensum
1697 2284 1726 2311 a
1748 2277 1854 2324 per·
1912 2285 1917 2296 ’

365 2341 481 2386 cepto
491 2335 657 2386 favore
671 2334 885 2386 plurium,
915 2340 1096 2374 constat
1123 2347 1182 2373 ex
1211 2332 1536 2385 significatione
1562 2336 1586 2352 “
1602 2333 1731 2381 irae‚’'
1753 2346 1854 2374 cum

366 2396 422 2435 de
465 2396 677 2443 dracone,
715 2395 836 2448 quod
876 2395 934 2434 sit
974 2388 1127 2435 odium
1169 2404 1224 2442 (de
1243 2413 1308 2441 qua
1327 2413 1431 2441 supra,
1446 2413 1476 2433 n.
1497 2402 1591 2445 754,
1609 2395 1721 2446 758),
1748 2395 1853 2435 inde

369 2458 542 2497 “iratus
566 2456 691 2504 esse‚'
695 2456 847 2509 'quod
881 2457 937 2496 sit
969 2457 1011 2496 in
1039 2455 1142 2496 odio
1168 2469 1292 2505 esse;
1329 2454 1449 2508 quod
1475 2454 1625 2494 odium
1656 2454 1765 2495 illud
1796 2456 1853 2496 sit

365 2520 515 2560 odium
538 2534 674 2572 grave
697 2520 927 2559 incensum
954 2533 1012 2559 ex
1037 2525 1251 2571 percepto
1275 2518 1425 2558 favore
1449 2517 1651 2569 plurium,
1674 2517 1768 2558 fluit
1790 2531 1850 2558 ex
1884 2527 1888 2532 ’

364 2582 450 2622 illis
481 2596 594 2635 quae
627 2582 916 2634 praecedunt,
951 2588 996 2622 et
1028 2595 1087 2621 ex
1118 2581 1204 2621 illis
1236 2594 1347 2633 quae
1379 2585 1649 2632 sequuntur;
1691 2593 1750 2619 ex
1782 2580 1849 2621 his

365 2659 478 2698 quae
501 2645 790 2697 praecedunt,
811 2644 930 2697 quod
949 2648 1104 2684 “terra
1122 2643 1342 2695 aperuerit
1365 2656 1415 2682 os
1437 2655 1578 2690 suum,
1598 2648 1644 2682 et
1666 2641 1848 2695 adjuve-

364 2709 420 2747 rit
448 2707 692 2755 mulierem,
717 2714 762 2747 et
789 2706 1078 2759 deglutiverit
1105 2706 1267 2746 flumen
1289 2705 1407 2758 quod
1431 2705 1566 2744 draco
1587 2718 1646 2744 ex
1670 2718 1746 2746 ore
1768 2719 1848 2746 suo

365 2769 534 2822 ejecit‚’'
567 2783 644 2822 per
679 2783 792 2822 quae
825 2768 1100 2821 significatur
1131 2768 1248 2821 quod
1280 2767 1483 2815 ecclesia,
1517 2767 1559 2806 in
1596 2781 1683 2820 qua
1713 2767 1848 2808 etiam

364 2834 583 2872 dracones
602 2839 720 2880 sunt,
741 2845 922 2884 operam
942 2832 1228 2883 praestiterit,
1249 2837 1294 2871 et
1312 2836 1467 2870 acutas
1485 2831 1850 2871 ratiocinationes

362 2896 538 2936 illorum
555 2896 609 2935 de
625 2894 720 2935 sola
737 2894 822 2934 fide
839 2908 928 2934 non
943 2895 1161 2946 receperit
1179 2908 1188 2943 ;
1222 2900 1266 2933 et
1289 2907 1348 2933 ex
1371 2894 1438 2933 his
1456 2906 1568 2946 quae
1586 2899 1847 2946 sequuntur,

363 2958 481 3011 quod
497 2957 670 2998 “draco
684 2957 869 2997 abiveri‘t
882 2957 1048 2997 bellum
1062 2957 1205 2996 facere
1218 2969 1317 2996 cum
1331 2955 1508 3008 reliquis
1523 2956 1701 2995 seminis
1716 2954 1850 3007 ejus,”

363 3034 441 3074 per
459 3034 570 3074 quae
590 3019 864 3073 significatur
879 3019 1038 3060 ardens
1057 3033 1114 3060 ex
1133 3018 1209 3060 illo
1227 3019 1330 3059 odio
1348 3025 1537 3059 conatus
1555 3018 1854 3071 impugnandi
