2054 3464
235 743 284 781 et
307 736 429 788 alibi,

651 370 759 409 CAP.
782 376 885 418 XII„
907 376 1047 410 VERS.
1069 376 1216 430 73—N.
1239 376 1335 421 735.
1626 376 1738 422 2059

112 442 143 471 «ᾖ,
168 459 178 462 γ,

114 480 153 526 '³'ss
233 488 359 541 alibi,

117 553 143 579 ’ξ’
163 551 166 553 ’
301 559 483 608 “Spiritus
502 565 720 598 daemonum
742 565 916 598 facientes
940 566 1045 606 signa
1069 565 1113 598 ad
1137 566 1339 598 exeundum
1365 565 1410 597 ad
1435 575 1538 606 reges
1563 571 1678 598 terrae
1703 572 1738 598 et

411 610 522 643 totius
541 609 640 642 orbis
660 616 846 648 terrarum,
864 610 909 641 ad
929 610 1222 650 congregandum
1242 610 1324 642 illos
1345 610 1381 641 in
1401 610 1533 641 bellum
1553 610 1622 642 diei
1643 611 1738 642 illius

410 654 563 695 magnae
582 653 650 685 Dei
667 653 927 694 omnipotentis
938 652 957 665 ''
974 654 1057 694 (xvi.
1077 655 1131 694 14)
1145 663 1152 693 ;

621 700 639 718 0

302 813 463 846 *Satanas
482 813 621 846 “exibit
644 813 689 846 ad
714 813 957 846 seducendum
983 820 1126 854 gentes.
1141 839 1210 853 ...,
1236 813 1379 856 Gogum
1403 820 1440 846 et
1465 814 1674 855 Magogum,
1699 820 1739 846 ut

412 863 609 899 congreget
624 867 693 890 eos
706 857 743 889 in
761 858 894 890 bellum
905 857 924 870 ”
941 855 1050 898 (mxx.
1069 859 1120 898 8):

234 943 316 1001 per
340 944 583 995 “bellum''
607 947 747 989 etiam
779 947 822 988 in
854 947 923 988 his
954 946 1065 988 Iocis
1097 946 1377 1001 significatur
1407 947 1577 989 bellum
1610 948 1735 1002 spiri-

233 1009 371 1060 tuate,
399 1010 521 1064 quod
553 1017 622 1052 est
648 1009 747 1051 falsi
774 1017 935 1052 contra
959 1024 1131 1059 verum,
1160 1024 1211 1052 ac
1243 1012 1337 1052 veri
1364 1017 1524 1052 contra
1549 1010 1735 1052 falsum:

103 1059 171 1110 35⁸7
232 1071 399 1115 dicitur
419 1073 589 1115 bellum
607 1073 705 1114 salsi
728 1080 890 1115 contra
907 1087 1077 1122 verum,
1097 1087 1148 1114 ac
1171 1074 1264 1114 veri
1287 1080 1447 1115 contra
1469 1074 1630 1114 falsum
1649 1087 1658 1124 ;
1691 1081 1738 1115 at

234 1134 469 1178 sciendum
501 1143 571 1178 est
603 1136 724 1191 quod
761 1137 824 1178 illi
861 1137 935 1191 qui
971 1137 1016 1178 in
1048 1136 1170 1178 salsis
1202 1143 1307 1178 sunt
1340 1143 1547 1190 pugnent
1579 1143 1739 1178 contra

233 1213 354 1249 vera,
381 1200 462 1242 sed
493 1213 584 1241 non
616 1201 680 1242 ita
711 1199 775 1242 illi
806 1201 881 1255 qui
911 1201 956 1242 in
986 1201 1104 1242 veris
1136 1206 1242 1242 sunt
1269 1207 1430 1242 contra
1455 1201 1595 1252 falsa;
1633 1213 1738 1241 nam

232 1259 298 1304 illi
333 1263 409 1318 qui
443 1263 488 1305 in
523 1262 645 1304 salsis
681 1270 787 1305 sunt
820 1277 998 1317 semper
1029 1263 1372 1317 aggrediuntur,
1406 1270 1454 1305 at
1490 1263 1553 1304 illi
1590 1264 1663 1318 qui
1694 1264 1738 1304 in

87 1314 146 1375 ζμ
167 1332 175 1341 ²
233 1325 488 1377 verissunt
514 1327 652 1368 modo
678 1327 954 1379 defendunt;
993 1327 1073 1368 sed
1099 1327 1249 1382 quoad
1276 1327 1538 1376 Dominum,
1567 1326 1651 1368 Ille
1683 1340 1739 1368 ne

232 1389 416 1444 quidem
442 1396 683 1445 repugnat,
712 1391 793 1432 sed
821 1390 959 1432 modo
985 1397 1163 1433 tutatur
1188 1391 1320 1432 vera:
1359 1390 1440 1431 sed
1467 1390 1523 1432 de
1550 1390 1617 1431 his
1643 1403 1738 1431 am-

235 1451 354 1507 plius
379 1452 499 1495 alibi.
799 1468 801 1471 ⁴

313 1529 444 1577 ⁷35·
481 1522 688 1564 “Michaol
717 1527 762 1564 et
792 1522 935 1577 angeli
964 1522 1054 1577 ejus
1077 1526 1318 1576 pugnarunt
1348 1535 1440 1564 cum
1473 1523 1670 1570 dracone,
1700 1526 1746 1563 et

236 1579 367 1623 draco
380 1582 578 1636 puynnvit
594 1586 637 1624 ei
651 1583 794 1638 angeli
804 1582 1132 1638 ejus.''-—Quod
1155 1582 1384 1636 significet
1396 1589 1600 1636 pugnam
1621 1583 1742 1624 inter

234 1638 337 1685 illos
366 1644 448 1698 qui
467 1651 554 1698 pro
585 1645 681 1687 vita
711 1645 881 1687 amoris
910 1651 953 1686 et
982 1645 1222 1686 charitatis
1252 1652 1370 1694 sunt,
1398 1651 1440 1686 et
1463 1651 1551 1698 pro
1575 1644 1742 1686 Divino

93 1701 144 1767 ’ᾗ
167 1715 170 1718 ’
233 1700 420 1762 Dbmim'
439 1707 486 1749 in
510 1707 721 1750 Humano
746 1709 913 1762 Ipsius,
941 1715 1095 1750 contra
1126 1708 1227 1750 illos
1258 1709 1338 1762 quz'
1351 1715 1440 1762 pro
1453 1708 1552 1763 fide
1581 1707 1677 1749 sola
1701 1715 1744 1748 et

124 1783 163 1826 ζ
182 1791 184 1796 ⁷
234 1769 462 1824 separata,
489 1778 533 1813 et
561 1772 642 1826 qui
661 1779 814 1814 contra
837 1771 1055 1813 Divinum
1078 1771 1265 1813 Domini
1285 1772 1331 1813 z'n
1355 1771 1564 1812 Humano
1588 1770 1741 1824 Ipsius

122 1848 148 1887 j*
190 1842 204 1887 J
234 1835 354 1882 Sunt,
388 1841 571 1877 constat
608 1849 668 1876 ex
706 1834 1039 1889 significatione
1074 1835 1354 1876 “Michaelis
1391 1841 1437 1876 et
1475 1834 1741 1888 angelorum

100 1930 103 1937 ,
179 1897 184 1900 “
235 1895 369 1950 ejus‚''
390 1898 513 1952 quod
545 1899 636 1940 sint
667 1900 742 1953 qui
768 1912 850 1952 pro
876 1898 1043 1939 Divino
1070 1898 1255 1940 Domini
1281 1898 1325 1939 in
1354 1897 1570 1939 Humano
1597 1898 1741 1951 Ipsius

235 1962 359 2008 sunt,
385 1965 434 2002 et
459 1973 543 2014 pro
556 1960 664 2002 vita
689 1961 858 2001 amoris
883 1966 930 2002 et
956 1960 1196 2002 charitatis
1222 1970 1277 2009 (de
1297 1979 1362 2008 qua
1380 1970 1565 2010 sequitur);
1602 1966 1650 2000 et
1681 1973 1741 2000 ex
1801 2011 1805 2014 ι

235 2019 566 2074 significatione
601 2022 887 2072 “draconis‚''
919 2022 1041 2076 quod
1078 2023 1170 2063 sint
1207 2023 1281 2076 qui
1318 2035 1399 2075 pro
1437 2021 1524 2062 fide
1561 2021 1742 2066 solact

118 2089 133 2137 ζ’
156 2088 158 2090 ’
197 2103 202 2106 ·
238 2090 450 2137 separata
471 2099 498 2127 a
517 2086 612 2127 vita
633 2087 798 2127 amoris
821 2092 867 2128 et
891 2086 1140 2135 charitatis,
1161 2092 1207 2127 et
1230 2100 1409 2140 quoque
1433 2091 1594 2127 contra
1616 2085 1741 2126 Divi-

112 2152 141 2179 “-
180 2183 181 2186 ,
238 2158 346 2188 num
369 2147 555 2190 Domini
579 2149 624 2190 in
648 2149 864 2191 Humano
887 2149 1058 2203 Ipsius:
1092 2149 1213 2203 quod
1239 2149 1302 2190 illi
1329 2149 1403 2203 qui
1429 2149 1472 2189 in
1501 2148 1588 2189 fide
1611 2161 1741 2201 sepa-

236 2216 338 2252 rata
367 2224 395 2252 a
419 2210 646 2254 charitate
671 2219 790 2260 sunt,
819 2227 934 2267 quae
966 2212 1077 2254 fides
1103 2218 1294 2254 vocatur
1325 2212 1422 2253 sola
1453 2211 1579 2261 fides,
1607 2211 1742 2253 intel-

237 2269 443 2326 ligantur
466 2287 548 2328 per
575 2274 907 2324 “draconem‚”
929 2287 1064 2328 supra
1091 2284 1136 2322 (n.
1154 2283 1249 2327 714,
1266 2273 1477 2326 715,716)
1504 2280 1742 2314 ostensum

237 2339 335 2376 est:
381 2335 504 2390 quod
544 2336 682 2378 etiam
722 2336 859 2378 iidem
896 2337 987 2378 sint
1025 2343 1185 2378 contra
1222 2336 1436 2377 Divinum
1475 2336 1660 2377 Domini
1698 2336 1742 2376 in

239 2396 456 2440 Humano
489 2399 649 2453 Ipsius,
683 2399 768 2441 hoc
801 2406 886 2450 est,
920 2406 1081 2442 contra
1113 2400 1327 2441 Divinum
1361 2400 1639 2449 Humanum,
1673 2406 1743 2441 est

239 2461 344 2516 quia
378 2461 580 2517 plerique
617 2476 773 2504 eorum
810 2464 884 2518 qui
920 2477 968 2504 se
1005 2463 1387 2505 confirmaverunt
1424 2464 1469 2505 in
1506 2463 1604 2504 sola
1640 2462 1741 2510 fide,

239 2527 362 2566 mere
385 2524 615 2568 naturales
637 2533 684 2568 et
706 2526 940 2568 sensuales
965 2533 1099 2578 sunt;
1132 2540 1183 2568 ac
1208 2526 1425 2568 naturalis
1451 2533 1497 2568 et
1524 2526 1743 2567 sensualis

239 2587 380 2630 homo
410 2596 646 2645 separatus
677 2603 704 2631 a
734 2589 954 2643 spirituali
986 2604 1077 2631 non
1109 2589 1306 2644 aliquam
1338 2590 1487 2631 ideam
1518 2590 1669 2631 Divini
1700 2590 1744 2629 in

241 2650 457 2694 Humano
482 2659 639 2707 potest
663 2653 844 2703 habere,
873 2654 1083 2707 cogitant
1115 2655 1235 2695 enim
1267 2654 1536 2695 naturaliter
1562 2660 1608 2694 et
1641 2666 1743 2693 sen-

242 2714 429 2757 sualiter
453 2715 510 2757 de
538 2715 755 2758 Humano
782 2717 980 2766 Domini,
1009 2723 1056 2758 et
1089 2731 1180 2758 non
1212 2717 1344 2758 simul
1371 2732 1431 2759 ex
1463 2717 1613 2771 aliqua
1643 2716 1745 2757 idea

240 2778 486 2833 spirituali3
529 2780 634 2821 inde
674 2787 745 2822 est
786 2780 907 2834 quod
947 2781 1004 2822 de
1046 2780 1244 2822 Domino
1281 2781 1490 2834 cogitent
1531 2781 1647 2821 sicut
1688 2779 1743 2819 de

239 2841 415 2896 vulgari
437 2842 620 2885 homine
641 2843 724 2885 sibi
746 2844 853 2898 ipsis
871 2857 1052 2898 prorsus
1075 2844 1221 2894 simili,
1241 2844 1363 2898 quod
1385 2845 1523 2885 etiam
1547 2844 1715 2884 docent
1733 2857 1742 2893 ;

241 2904 346 2946 inde
377 2911 449 2947 est
479 2906 601 2960 quod
628 2906 840 2948 Divinum
869 2907 1053 2948 Domini
1078 2920 1212 2961 supra
1239 2907 1501 2948 Humanum
1529 2907 1673 2960 Ipsius
1699 2907 1743 2946 in

241 2967 344 3009 idea
369 2969 662 3022 cogitationis
687 2983 793 3011 suae
820 2977 1008 3023 ponant,
1035 2976 1082 3012 et
1107 2971 1170 3012 sic
1197 2970 1287 3012 duo
1312 2970 1402 3020 illa,
1427 2983 1590 3023 nempe
1617 2969 1743 3010 Divi-

242 3043 349 3073 num
368 3037 414 3074 et
431 3031 692 3074 Humanum
708 3033 905 3084 Domini,
922 3047 1102 3088 prorsus
1120 3039 1333 3088 separant
1351 3047 1359 3075 :
1388 3040 1434 3075 et
1453 3034 1538 3075 hoc
1556 3033 1741 3083 faciunt,
