2008 3458
625 354 730 387 CAP.
756 355 871 396 xiv„
895 355 1034 388 VERs.
1062 354 1231 399 13.—N.
1254 346 1348 400 898.
1591 332 1601 343 ⁹
1619 353 1726 398 2431

237 467 384 510 tiones
419 466 630 516 subeunt,
658 474 704 509 et
738 474 841 521 post
881 468 1163 510 tentationes
1202 468 1368 522 gaudia
1404 467 1605 519 habent;
1646 466 1729 509 sed

234 531 354 573 unde
376 531 660 572 tentationes
687 538 806 578 sunt,
832 539 878 572 et
905 540 1010 585 post
1033 532 1134 572 illas
1156 532 1335 585 gaudia,
1353 545 1467 586 quae
1493 531 1564 572 hic
1592 530 1728 572 intel-

234 593 436 649 liguntur
452 607 532 648 per
548 593 902 643 consolationes,
922 595 966 635 in
985 595 1091 635 orbe
1114 595 1260 635 adhuc
1281 595 1492 642 nescitur,
1512 608 1571 635 ex
1593 607 1730 635 causa

233 657 338 711 quia
369 657 500 719 pauci
531 662 637 698 sunt
669 657 829 710 quibus
862 663 966 698 sunt
1005 658 1289 698 tentationes
1320 656 1592 710 spirituales,
1626 657 1728 710 quia

232 721 364 774 pauci
395 726 500 763 sunt
532 720 575 760 in
607 720 945 773 cognitionibus
971 719 1077 760 boni
1109 727 1155 761 et
1181 721 1287 768 veri,
1316 727 1362 761 et
1394 720 1541 760 adhuc
1574 720 1727 773 pauci-

216 782 335 825 'ores
360 783 435 837 qui
465 783 510 824 in
541 782 752 836 conjugio
785 783 891 823 boni
918 789 963 823 et
990 784 1097 831 veri,
1126 783 1212 823 hoc
1246 789 1330 831 est,
1359 783 1403 823 in
1429 783 1544 823 veris
1577 782 1726 836 quoad

233 843 488 887 doctrinam
520 852 567 886 et
599 845 731 886 simul
763 846 807 886 in
840 845 970 886 bonis
1011 846 1160 899 quoad
1191 847 1347 894 vitam,
1376 852 1423 887 et
1456 859 1545 886 non
1578 845 1651 886 alii
1683 847 1727 887 in

222 908 515 951 ,tentationes
541 908 795 962 spirituales
822 909 1130 949 immittuntur
1155 921 1289 962 quarn
1316 908 1405 959 illi;
1446 909 1548 962 quia
1574 909 1609 949 si
1626 908 1725 957 alii,

230 969 297 1013 illi
329 971 374 1013 in
412 972 744 1013 tentationibus
786 971 1162 1022 succumberent;
1201 978 1247 1011 et
1289 972 1324 1011 si
1362 971 1725 1019 succumberent,

230 1033 347 1076 foret
365 1040 514 1076 status
533 1047 687 1076 eorum
706 1035 931 1088 posterior
949 1033 1072 1087 pejor
1090 1040 1215 1074 statu
1233 1047 1387 1074 eorum
1403 1035 1548 1087 priori.
1591 1033 1725 1087 Quod

232 1109 324 1138 non
345 1097 420 1139 alii
442 1098 486 1138 in
508 1098 792 1139 tentationes
815 1097 1073 1150 spirituales
1095 1097 1271 1150 possint
1295 1097 1478 1138 immitti
1501 1110 1634 1150 quam
1653 1098 1726 1151 qui

230 1161 276 1203 in
297 1161 508 1215 conjugio
529 1161 636 1202 boni
659 1158 706 1202 et
730 1161 824 1202 veri
846 1166 966 1209 sunt,
987 1167 1057 1201 est
1079 1161 1275 1213 genuina
1298 1174 1446 1209 causa,
1472 1161 1574 1214 quia
1600 1174 1727 1201 mens

231 1223 490 1280 spiritualis,
518 1238 632 1279 quae
654 1225 832 1278 proprie
859 1230 929 1265 est
951 1225 1155 1264 internus
1178 1223 1330 1273 homo,
1352 1236 1441 1264 non
1468 1224 1587 1277 apud
1614 1224 1726 1264 alios

230 1288 392 1343 aperiri
428 1293 598 1342 potest,
633 1301 736 1328 nam
770 1300 872 1328 cum
913 1286 991 1327 illa
1022 1300 1150 1327 mens
1181 1287 1393 1340 aperitur,
1428 1292 1534 1327 tunc
1573 1293 1727 1328 tenta-

231 1350 382 1405 tiones
404 1351 636 1393 existunt:
669 1364 804 1392 causa
827 1356 912 1399 est,
936 1350 1055 1404 quod
1079 1349 1270 1399 caelum,
1290 1349 1375 1390 hoc
1400 1356 1485 1398 est,
1504 1349 1725 1390 Dominus

186 1450 190 1455 .
230 1427 312 1469 per
349 1413 541 1463 caelum,
575 1428 654 1468 per
690 1419 892 1455 mentem
930 1412 1211 1466 spiritualem
1252 1413 1447 1453 hominis
1487 1413 1641 1454 influat
1683 1414 1727 1454 in

231 1483 435 1520 mentem
467 1477 722 1518 naturalem
754 1476 873 1530 ejus;
907 1489 998 1517 non
1029 1475 1117 1517 alia
1149 1482 1220 1517 est
1252 1476 1324 1516 via
1359 1476 1485 1525 caeli,
1519 1475 1605 1517 hoc
1638 1482 1724 1525 est,

231 1539 417 1582 Domini
456 1554 536 1595 per
571 1540 748 1582 caelum
775 1540 818 1580 in
851 1539 1110 1590 hominem;
1144 1546 1190 1580 et
1222 1552 1324 1580 cum
1357 1538 1532 1580 caelum
1564 1539 1722 1588 influit,

230 1609 340 1654 tunc
361 1610 568 1646 removet
590 1604 837 1651 obstantia,
862 1616 976 1657 quae
1000 1609 1104 1643 sunt
1128 1602 1248 1642 mala
1270 1609 1316 1643 et
1339 1602 1443 1642 inde
1466 1602 1591 1651 salsa,
1611 1616 1725 1656 quae

229 1667 277 1708 in
301 1666 498 1708 naturali
522 1673 676 1708 mente
704 1680 781 1707 seu
806 1667 851 1706 in
878 1665 1073 1706 naturali
1099 1665 1282 1706 homine
1308 1665 1536 1715 resident;
1577 1672 1623 1706 et
1650 1665 1728 1705 illa

230 1743 323 1772 non
343 1731 566 1772 removeri
589 1736 779 1784 possunt
806 1742 942 1784 quam
965 1742 1044 1783 per
1065 1730 1215 1770 vivam
1238 1729 1520 1782 agnitionem
1547 1727 1726 1769 illorum

231 1792 290 1835 ab
315 1792 514 1843 homine,
538 1799 585 1835 et
607 1793 813 1834 dolorem
836 1793 1014 1833 animae
1038 1798 1224 1846 propter
1245 1791 1348 1832 illa:
1383 1791 1486 1832 inde
1514 1798 1583 1832 est
1606 1792 1727 1845 quod

230 1857 277 1899 in
302 1857 635 1898 tentationibus
667 1858 758 1898 sint
790 1856 961 1898 homini
993 1869 1188 1909 angores
1215 1869 1273 1896 ex
1301 1855 1431 1895 malis
1459 1861 1504 1896 et
1532 1854 1654 1896 salsis
1681 1856 1725 1895 in

231 1920 563 1974 cogitationem
582 1920 934 1973 exsurgentibus
953 1934 962 1970 ;
995 1926 1041 1960 et
1061 1924 1280 1972 quantum
1299 1925 1406 1958 tunc
1427 1918 1564 1959 homo
1583 1931 1726 1971 agno-

232 1983 320 2025 scit
345 1997 426 2024 sua
447 1990 654 2037 peccata,
679 1997 727 2024 se
752 1996 876 2024 reum
903 1983 1010 2024 facit
1037 1989 1084 2023 et
1111 1981 1336 2035 supplicat
1360 1981 1416 2021 de
1443 1981 1725 2028 liberatione,

230 2052 414 2088 tantum
454 2048 739 2088 tentationes
781 2047 820 2087 ei
860 2046 1136 2087 conducunt.
1212 2044 1287 2085 Ex
1329 2044 1397 2084 his
1438 2050 1566 2098 patet
1607 2044 1727 2098 quod

229 2109 404 2152 homini
434 2111 634 2152 tentatio
666 2109 912 2163 spiritualis
943 2110 1018 2157 sit,
1052 2109 1159 2149 dum
1196 2109 1423 2148 internum
1465 2107 1572 2160 ejus,
1607 2107 1727 2161 quod

229 2179 421 2215 vocatur
446 2186 576 2214 mens
608 2172 866 2227 spiritualis,
894 2173 1107 2226 aperitur,
1136 2172 1201 2212 ita
1232 2171 1338 2211 dum
1371 2170 1509 2211 homo
1536 2184 1724 2223 regene-

230 2242 366 2278 ratur.
427 2235 624 2290 Quando
650 2237 802 2290 itaque
829 2235 950 2277 mala
975 2241 1021 2276 et
1048 2234 1160 2275 falsa
1182 2234 1378 2274 hominis
1400 2240 1576 2274 remota
1603 2241 1725 2282 sunt,

231 2306 340 2343 tunc
390 2301 674 2342 tentationes
720 2297 929 2354 pera&ae
971 2306 1090 2347 sunt,
1133 2304 1179 2339 et
1222 2297 1309 2337 illis
1350 2295 1542 2350 peraffitis
1582 2297 1725 2337 influit

230 2363 446 2419 gaudium
464 2377 543 2418 per
560 2363 738 2405 caelum
761 2377 786 2404 a
805 2362 1017 2410 Domino,
1038 2368 1084 2402 et
1108 2361 1225 2402 illius
1248 2367 1449 2401 mentem
1473 2360 1726 2400 naturalem

230 2426 419 2482 implet;
451 2427 538 2468 hoc
561 2427 776 2481 gaudium
799 2433 870 2467 est
892 2425 1013 2480 quod
1035 2424 1307 2477 intelligitur
1332 2423 1403 2464 hic
1428 2437 1506 2477 per
1526 2427 1726 2464 “conso-

230 2489 480 2532 lationes:”
521 2489 604 2531 has
635 2488 979 2531 consolationes
1011 2487 1240 2540 accipiunt
1278 2499 1436 2527 omnes
1468 2487 1540 2539 qui
1573 2492 1726 2527 tenta-

231 2555 381 2596 tiones
411 2552 667 2608 spirituales
699 2554 922 2602 subeunt;
956 2552 1014 2592 ab
1039 2550 1327 2604 experientia
1359 2549 1530 2603 loquor.
1593 2549 1727 2603 Quod

230 2617 372 2659 homo
396 2623 501 2671 post
523 2617 808 2658 tentationes
831 2615 998 2668 gaudia
1019 2614 1228 2667 accipiat,
1249 2619 1318 2653 est
1338 2613 1440 2666 quia
1462 2612 1600 2653 homo
1623 2619 1726 2666 post

220 2680 333 2722 >illas
359 2680 580 2722 admissus
611 2686 681 2720 est
714 2680 759 2719 in
792 2678 997 2727 caelum;
1032 2689 1137 2717 nam
1169 2675 1308 2717 homo
1340 2689 1418 2729 per
1445 2676 1727 2716 tentationes

232 2744 522 2798 conjungitur
547 2742 691 2790 caelo,
719 2749 765 2783 et
793 2741 1053 2782 immittitur
1079 2741 1123 2780 in
1150 2739 1289 2790 illud;
1318 2739 1421 2779 inde
1448 2740 1487 2779 ei
1513 2739 1726 2792 gaudium

234 2806 381 2848 simile
406 2806 526 2861 quod
553 2812 623 2847 est
650 2805 826 2858 angelis
853 2804 925 2844 ibi.

313 2868 450 2922 898.
489 2865 895 2919 “Scriba''—Quod
933 2862 1157 2917 significet
1187 2863 1511 2911 certitudinem,
1543 2868 1728 2904 constat

232 2943 294 2971 ex
319 2929 651 2983 significatione
672 2926 944 2973 “scribere,''
962 2925 1080 2979 quod
1105 2925 1162 2965 sit
1190 2924 1444 2974 certitudo;
1478 2937 1582 2964 nam
1605 2925 1727 2978 quod

233 3006 259 3035 e
281 2992 410 3035 caelo
431 2993 608 3042 dicitur,
633 2998 678 3033 et
703 2990 947 3031 mandatur
971 2995 1018 3029 ut
1042 2988 1276 3037 scribatur,
1302 2988 1344 3028 id
1368 2994 1438 3028 est
1466 2988 1579 3028 sicut
1606 2988 1727 3042 quod
