<?xml version="1.0" encoding="UTF-8"?>
<!DOCTYPE html PUBLIC "-//W3C//DTD XHTML 1.0 Transitional//EN"
    "http://www.w3.org/TR/xhtml1/DTD/xhtml1-transitional.dtd">
<html xmlns="http://www.w3.org/1999/xhtml" xml:lang="en" lang="en">
 <head>
  <title>
</title>
<meta http-equiv="Content-Type" content="text/html;charset=utf-8" />
  <meta name='ocr-system' content='tesseract 3.04.00' />
  <meta name='ocr-capabilities' content='ocr_page ocr_carea ocr_par ocr_line ocrx_word'/>
</head>
<body>
  <div class='ocr_page' id='page_1' title='image "apocalypsisexpli04sweduoft_0402.png"; bbox 0 0 2008 3458; ppageno 0'>
   <div class='ocr_carea' id='block_1_1' title="bbox 1398 368 2004 2284">
    <p class='ocr_par' dir='ltr' id='par_1_1' title="bbox 1398 368 2004 2284">
     <span class='ocr_line' id='line_1_1' title="bbox 1398 368 2004 585; baseline 0 -149"><span class='ocrx_word' id='word_1_1' title='bbox 1398 368 2004 585; x_wconf 95' lang='lat' dir='ltr'>    </span> 
     </span>
     <span class='ocr_line' id='line_1_2' title="bbox 1762 585 2000 774; baseline 0 -183"><span class='ocrx_word' id='word_1_2' title='bbox 1762 585 2000 774; x_wconf 95' lang='lat' dir='ltr'>     </span> 
     </span>
     <span class='ocr_line' id='line_1_3' title="bbox 1817 774 2004 899; baseline 0 -69"><span class='ocrx_word' id='word_1_3' title='bbox 1817 774 2004 899; x_wconf 95' lang='lat' dir='ltr'>    </span> 
     </span>
     <span class='ocr_line' id='line_1_4' title="bbox 1883 899 2004 1176; baseline 0 -217"><span class='ocrx_word' id='word_1_4' title='bbox 1883 899 2004 1176; x_wconf 95' lang='lat' dir='ltr'>    </span> 
     </span>
     <span class='ocr_line' id='line_1_5' title="bbox 1816 1194 2004 2284; baseline 0 -915"><span class='ocrx_word' id='word_1_5' title='bbox 1816 1194 2004 2284; x_wconf 95' lang='lat' dir='ltr'>      </span> 
     </span>
    </p>
   </div>
   <div class='ocr_carea' id='block_1_2' title="bbox 329 385 1398 431">
    <p class='ocr_par' dir='ltr' id='par_1_2' title="bbox 329 385 1398 431">
     <span class='ocr_line' id='line_1_6' title="bbox 329 385 1398 431; baseline -0.003 -11"><span class='ocrx_word' id='word_1_6' title='bbox 329 388 441 431; x_wconf 89' lang='lat'><strong>2304</strong></span> <span class='ocrx_word' id='word_1_7' title='bbox 743 385 1072 419; x_wconf 81' lang='lat' dir='ltr'>APOCALYPS1S</span> <span class='ocrx_word' id='word_1_8' title='bbox 1102 385 1398 418; x_wconf 83' lang='lat' dir='ltr'>EXPLICATA.</span> 
     </span>
    </p>
   </div>
   <div class='ocr_carea' id='block_1_3' title="bbox 326 490 1934 1217">
    <p class='ocr_par' dir='ltr' id='par_1_3' title="bbox 326 490 1934 1217">
     <span class='ocr_line' id='line_1_7' title="bbox 326 490 1780 551; baseline -0.001 -12"><span class='ocrx_word' id='word_1_9' title='bbox 326 510 470 539; x_wconf 86' lang='lat' dir='ltr'>videatur</span> <span class='ocrx_word' id='word_1_10' title='bbox 481 510 575 539; x_wconf 89' lang='lat' dir='ltr'>etiam</span> <span class='ocrx_word' id='word_1_11' title='bbox 590 518 695 547; x_wconf 79' lang='lat' dir='ltr'>supra,</span> <span class='ocrx_word' id='word_1_12' title='bbox 709 509 917 550; x_wconf 84' lang='lat' dir='ltr'>n.443[a].)</span> <span class='ocrx_word' id='word_1_13' title='bbox 975 497 1111 551; x_wconf 76' lang='lat' dir='ltr'>Quod</span> <span class='ocrx_word' id='word_1_14' title='bbox 1134 503 1227 539; x_wconf 73' lang='lat' dir='ltr'>tres</span> <span class='ocrx_word' id='word_1_15' title='bbox 1248 497 1313 538; x_wconf 87' lang='lat'>1111</span> <span class='ocrx_word' id='word_1_16' title='bbox 1335 495 1535 551; x_wconf 69' lang='lat' dir='ltr'>apOStOll</span> <span class='ocrx_word' id='word_1_17' title='bbox 1557 490 1734 550; x_wconf 55' lang='lat' dir='ltr'>piscafio</span> <span class='ocrx_word' id='word_1_18' title='bbox 1767 522 1780 528; x_wconf 51' lang='lat'>2</span> 
     </span>
     <span class='ocr_line' id='line_1_8' title="bbox 326 555 1774 616; baseline -0.002 -12"><span class='ocrx_word' id='word_1_19' title='bbox 326 563 503 611; x_wconf 89' lang='lat' dir='ltr'>fuerint,</span> <span class='ocrx_word' id='word_1_20' title='bbox 523 570 569 604; x_wconf 88' lang='lat' dir='ltr'>et</span> <span class='ocrx_word' id='word_1_21' title='bbox 588 562 708 616; x_wconf 87' lang='lat' dir='ltr'>quod</span> <span class='ocrx_word' id='word_1_22' title='bbox 727 561 896 603; x_wconf 62' lang='lat' dir='ltr'>dictum</span> <span class='ocrx_word' id='word_1_23' title='bbox 915 563 972 603; x_wconf 86' lang='lat' dir='ltr'>sit</span> <span class='ocrx_word' id='word_1_24' title='bbox 995 562 1097 610; x_wconf 88' lang='lat' dir='ltr'>illis,</span> <span class='ocrx_word' id='word_1_25' title='bbox 1120 561 1326 603; x_wconf 89' lang='lat' dir='ltr'>“Venite</span> <span class='ocrx_word' id='word_1_26' title='bbox 1345 567 1448 615; x_wconf 89' lang='lat' dir='ltr'>post</span> <span class='ocrx_word' id='word_1_27' title='bbox 1471 560 1561 610; x_wconf 88' lang='lat' dir='ltr'>Me,</span> <span class='ocrx_word' id='word_1_28' title='bbox 1581 566 1628 602; x_wconf 88' lang='lat' dir='ltr'>et</span> <span class='ocrx_word' id='word_1_29' title='bbox 1650 555 1774 615; x_wconf 31' lang='lat' dir='ltr'>sacia·</span> 
     </span>
     <span class='ocr_line' id='line_1_9' title="bbox 326 620 1934 679; baseline 0.001 -14"><span class='ocrx_word' id='word_1_30' title='bbox 326 639 407 666; x_wconf 89' lang='lat' dir='ltr'>vos</span> <span class='ocrx_word' id='word_1_31' title='bbox 445 622 693 678; x_wconf 75' lang='lat' dir='ltr'>piscatores</span> <span class='ocrx_word' id='word_1_32' title='bbox 734 625 981 673; x_wconf 90' lang='lat' dir='ltr'>hominum,</span> <span class='ocrx_word' id='word_1_33' title='bbox 1024 630 1121 666; x_wconf 88' lang='lat' dir='ltr'>erat</span> <span class='ocrx_word' id='word_1_34' title='bbox 1167 625 1269 678; x_wconf 89' lang='lat' dir='ltr'>quia</span> <span class='ocrx_word' id='word_1_35' title='bbox 1313 623 1510 677; x_wconf 89' lang='lat' dir='ltr'>“piscari</span> <span class='ocrx_word' id='word_1_36' title='bbox 1525 622 1544 639; x_wconf 90' lang='lat'><strong><em>”</em></strong></span> <span class='ocrx_word' id='word_1_37' title='bbox 1586 620 1789 676; x_wconf 55' lang='lat' dir='ltr'>significi</span> <span class='ocrx_word' id='word_1_38' title='bbox 1932 677 1934 679; x_wconf 44' lang='grc' dir='ltr'><em>ᾖ</em></span> 
     </span>
     <span class='ocr_line' id='line_1_10' title="bbox 326 680 1874 743; baseline -0.001 -15"><span class='ocrx_word' id='word_1_39' title='bbox 326 689 546 728; x_wconf 88' lang='lat' dir='ltr'>instruere</span> <span class='ocrx_word' id='word_1_40' title='bbox 573 687 802 728; x_wconf 83' lang='lat' dir='ltr'>naturales</span> <span class='ocrx_word' id='word_1_41' title='bbox 828 687 1064 738; x_wconf 92' lang='lat' dir='ltr'>homines;</span> <span class='ocrx_word' id='word_1_42' title='bbox 1096 694 1225 728; x_wconf 86' lang='lat' dir='ltr'>erant</span> <span class='ocrx_word' id='word_1_43' title='bbox 1253 687 1372 728; x_wconf 89' lang='lat' dir='ltr'>enim</span> <span class='ocrx_word' id='word_1_44' title='bbox 1402 700 1457 727; x_wconf 89' lang='lat' dir='ltr'>eo</span> <span class='ocrx_word' id='word_1_45' title='bbox 1483 693 1689 738; x_wconf 87' lang='lat' dir='ltr'>tempore</span> <span class='ocrx_word' id='word_1_46' title='bbox 1713 680 1820 743; x_wconf 51' lang='lat' dir='ltr'>taius</span> <span class='ocrx_word' id='word_1_47' title='bbox 1867 684 1874 702; x_wconf 73' lang='lat'><em>⁷</em></span> 
     </span>
     <span class='ocr_line' id='line_1_11' title="bbox 326 748 1778 803; baseline -0.001 -13"><span class='ocrx_word' id='word_1_48' title='bbox 326 751 444 791; x_wconf 88' lang='lat' dir='ltr'>intra</span> <span class='ocrx_word' id='word_1_49' title='bbox 470 749 722 798; x_wconf 88' lang='lat' dir='ltr'>ecclesiam,</span> <span class='ocrx_word' id='word_1_50' title='bbox 747 763 881 803; x_wconf 90' lang='lat' dir='ltr'>quam</span> <span class='ocrx_word' id='word_1_51' title='bbox 907 756 1042 791; x_wconf 88' lang='lat' dir='ltr'>extra</span> <span class='ocrx_word' id='word_1_52' title='bbox 1069 749 1207 798; x_wconf 88' lang='lat' dir='ltr'>illam,</span> <span class='ocrx_word' id='word_1_53' title='bbox 1231 749 1461 790; x_wconf 84' lang='lat' dir='ltr'>naturales</span> <span class='ocrx_word' id='word_1_54' title='bbox 1488 748 1709 798; x_wconf 85' lang='lat' dir='ltr'>homines,</span> <span class='ocrx_word' id='word_1_55' title='bbox 1735 759 1778 803; x_wconf 13' lang='lat' dir='ltr'>qr</span> 
     </span>
     <span class='ocr_line' id='line_1_12' title="bbox 329 796 1926 865; baseline -0.001 -12"><span class='ocrx_word' id='word_1_56' title='bbox 329 814 443 853; x_wconf 88' lang='lat' dir='ltr'>sicut</span> <span class='ocrx_word' id='word_1_57' title='bbox 475 818 742 865; x_wconf 88' lang='lat' dir='ltr'>receperunt</span> <span class='ocrx_word' id='word_1_58' title='bbox 776 812 1035 860; x_wconf 90' lang='lat' dir='ltr'>Dominum,</span> <span class='ocrx_word' id='word_1_59' title='bbox 1068 819 1114 853; x_wconf 93' lang='lat' dir='ltr'>et</span> <span class='ocrx_word' id='word_1_60' title='bbox 1153 818 1420 865; x_wconf 89' lang='lat' dir='ltr'>receperunt</span> <span class='ocrx_word' id='word_1_61' title='bbox 1453 825 1559 852; x_wconf 88' lang='lat' dir='ltr'>vera</span> <span class='ocrx_word' id='word_1_62' title='bbox 1595 810 1652 852; x_wconf 90' lang='lat' dir='ltr'>ab</span> <span class='ocrx_word' id='word_1_63' title='bbox 1689 796 1817 864; x_wconf 56' lang='lat' dir='ltr'>Ipso}</span> <span class='ocrx_word' id='word_1_64' title='bbox 1858 806 1886 834; x_wconf 40' lang='grc' dir='ltr'>Ψ</span> <span class='ocrx_word' id='word_1_65' title='bbox 1919 810 1926 815; x_wconf 76' lang='grc'>”</span> 
     </span>
     <span class='ocr_line' id='line_1_13' title="bbox 326 868 1900 929; baseline -0.001 -13"><span class='ocrx_word' id='word_1_66' title='bbox 326 874 428 916; x_wconf 64' lang='lat' dir='ltr'>facti</span> <span class='ocrx_word' id='word_1_67' title='bbox 451 882 555 916; x_wconf 91' lang='lat' dir='ltr'>sunt</span> <span class='ocrx_word' id='word_1_68' title='bbox 578 875 846 929; x_wconf 81' lang='lat' dir='ltr'>spirituales.</span> <span class='ocrx_word' id='word_1_69' title='bbox 899 875 974 916; x_wconf 88' lang='lat' dir='ltr'>Ex</span> <span class='ocrx_word' id='word_1_70' title='bbox 1001 875 1069 916; x_wconf 90' lang='lat' dir='ltr'>his</span> <span class='ocrx_word' id='word_1_71' title='bbox 1091 875 1300 916; x_wconf 90' lang='lat' dir='ltr'>concludi</span> <span class='ocrx_word' id='word_1_72' title='bbox 1327 881 1482 928; x_wconf 92' lang='lat' dir='ltr'>potest</span> <span class='ocrx_word' id='word_1_73' title='bbox 1509 873 1615 928; x_wconf 91' lang='lat' dir='ltr'>quid</span> <span class='ocrx_word' id='word_1_74' title='bbox 1641 868 1900 929; x_wconf 51' lang='grc' dir='ltr'>εὶςῐιίίῖηΠ</span> 
     </span>
     <span class='ocr_line' id='line_1_14' title="bbox 326 931 1882 994; baseline -0.001 -15"><span class='ocrx_word' id='word_1_75' title='bbox 326 944 432 979; x_wconf 89' lang='lat' dir='ltr'>cant</span> <span class='ocrx_word' id='word_1_76' title='bbox 459 938 570 979; x_wconf 91' lang='lat' dir='ltr'>haec</span> <span class='ocrx_word' id='word_1_77' title='bbox 599 952 712 992; x_wconf 88' lang='lat' dir='ltr'>quae</span> <span class='ocrx_word' id='word_1_78' title='bbox 737 952 763 979; x_wconf 90' lang='lat' dir='ltr'>a</span> <span class='ocrx_word' id='word_1_79' title='bbox 793 938 989 979; x_wconf 91' lang='lat' dir='ltr'>Domino</span> <span class='ocrx_word' id='word_1_80' title='bbox 1014 938 1071 978; x_wconf 88' lang='lat' dir='ltr'>ad</span> <span class='ocrx_word' id='word_1_81' title='bbox 1102 938 1283 979; x_wconf 91' lang='lat' dir='ltr'>Petrum</span> <span class='ocrx_word' id='word_1_82' title='bbox 1310 938 1365 979; x_wconf 94' lang='lat' dir='ltr'>de</span> <span class='ocrx_word' id='word_1_83' title='bbox 1395 936 1634 978; x_wconf 90' lang='lat' dir='ltr'>“clavibus</span> <span class='ocrx_word' id='word_1_84' title='bbox 1646 934 1666 952; x_wconf 87' lang='lat'>’‘</span> <span class='ocrx_word' id='word_1_85' title='bbox 1691 931 1882 994; x_wconf 46' lang='lat' dir='ltr'>difflfffr</span> 
     </span>
     <span class='ocr_line' id='line_1_15' title="bbox 326 987 1918 1054; baseline 0 -14"><span class='ocrx_word' id='word_1_86' title='bbox 326 1006 458 1051; x_wconf 79' lang='lat' dir='ltr'>sunt3</span> <span class='ocrx_word' id='word_1_87' title='bbox 491 1014 605 1054; x_wconf 90' lang='lat' dir='ltr'>quae</span> <span class='ocrx_word' id='word_1_88' title='bbox 630 1002 694 1042; x_wconf 89' lang='lat' dir='ltr'>ita</span> <span class='ocrx_word' id='word_1_89' title='bbox 721 1000 932 1054; x_wconf 89' lang='lat' dir='ltr'>leguntur</span> <span class='ocrx_word' id='word_1_90' title='bbox 957 1000 1076 1054; x_wconf 91' lang='lat' dir='ltr'>apud</span> <span class='ocrx_word' id='word_1_91' title='bbox 1100 999 1394 1049; x_wconf 77' lang='lat' dir='ltr'>Matthaeu7n‚</span> <span class='ocrx_word' id='word_1_92' title='bbox 1773 1003 1789 1027; x_wconf 85' lang='lat'>&#39;·</span> <span class='ocrx_word' id='word_1_93' title='bbox 1824 987 1895 1026; x_wconf 50' lang='lat'>2„</span> <span class='ocrx_word' id='word_1_94' title='bbox 1916 1005 1918 1012; x_wconf 91' lang='lat'>&#39;</span> 
     </span>
     <span class='ocr_line' id='line_1_16' title="bbox 393 1068 1900 1137; baseline -0.001 -16"><span class='ocrx_word' id='word_1_95' title='bbox 393 1089 484 1121; x_wconf 89' lang='lat' dir='ltr'>Cum</span> <span class='ocrx_word' id='word_1_96' title='bbox 503 1090 670 1121; x_wconf 84' lang='lat' dir='ltr'>dixerunt</span> <span class='ocrx_word' id='word_1_97' title='bbox 682 1090 823 1131; x_wconf 87' lang='lat' dir='ltr'>quidam</span> <span class='ocrx_word' id='word_1_98' title='bbox 843 1089 965 1131; x_wconf 91' lang='lat' dir='ltr'>Jesum</span> <span class='ocrx_word' id='word_1_99' title='bbox 983 1099 1062 1120; x_wconf 88' lang='lat' dir='ltr'>esse</span> <span class='ocrx_word' id='word_1_100' title='bbox 1078 1088 1281 1131; x_wconf 77' lang='lat' dir='ltr'>johannem</span> <span class='ocrx_word' id='word_1_101' title='bbox 1301 1085 1510 1129; x_wconf 60' lang='lat' dir='ltr'>Baptistam&#39;,</span> <span class='ocrx_word' id='word_1_102' title='bbox 1524 1087 1584 1120; x_wconf 86' lang='lat' dir='ltr'>alii</span> <span class='ocrx_word' id='word_1_103' title='bbox 1603 1068 1900 1137; x_wconf 45' lang='grc' dir='ltr'>ΕΙίεπιςῑῙὶὶῖῆ-’Σξ</span> 
     </span>
     <span class='ocr_line' id='line_1_17' title="bbox 499 1131 1886 1175; baseline -0.001 -11"><span class='ocrx_word' id='word_1_104' title='bbox 499 1132 702 1175; x_wconf 89' lang='lat' dir='ltr'>Jeremiam,</span> <span class='ocrx_word' id='word_1_105' title='bbox 714 1133 771 1164; x_wconf 93' lang='lat' dir='ltr'>vel</span> <span class='ocrx_word' id='word_1_106' title='bbox 785 1133 892 1164; x_wconf 87' lang='lat' dir='ltr'>alium</span> <span class='ocrx_word' id='word_1_107' title='bbox 903 1133 1165 1173; x_wconf 84' lang='lat' dir='ltr'>prophetarum,</span> <span class='ocrx_word' id='word_1_108' title='bbox 1177 1133 1266 1164; x_wconf 85' lang='lat' dir='ltr'>dixit</span> <span class='ocrx_word' id='word_1_109' title='bbox 1278 1132 1382 1174; x_wconf 88' lang='lat' dir='ltr'>Jesus</span> <span class='ocrx_word' id='word_1_110' title='bbox 1393 1132 1584 1172; x_wconf 87' lang='lat' dir='ltr'>discipulis,</span> <span class='ocrx_word' id='word_1_111' title='bbox 1600 1132 1620 1146; x_wconf 93' lang='grc'>“</span> <span class='ocrx_word' id='word_1_112' title='bbox 1629 1131 1704 1164; x_wconf 86' lang='lat' dir='ltr'>Vos</span> <span class='ocrx_word' id='word_1_113' title='bbox 1717 1134 1806 1163; x_wconf 45' lang='lat' dir='ltr'>verer</span> <span class='ocrx_word' id='word_1_114' title='bbox 1835 1138 1851 1158; x_wconf 81' lang='lat'>&#39;-</span> <span class='ocrx_word' id='word_1_115' title='bbox 1860 1146 1871 1158; x_wconf 70' lang='lat' dir='ltr'>r·</span> <span class='ocrx_word' id='word_1_116' title='bbox 1882 1142 1886 1154; x_wconf 64' lang='lat'>›·</span> 
     </span>
     <span class='ocr_line' id='line_1_18' title="bbox 502 1173 1763 1217; baseline -0.001 -10"><span class='ocrx_word' id='word_1_117' title='bbox 502 1177 585 1217; x_wconf 90' lang='lat' dir='ltr'>quid</span> <span class='ocrx_word' id='word_1_118' title='bbox 614 1176 673 1208; x_wconf 90' lang='lat' dir='ltr'>Me</span> <span class='ocrx_word' id='word_1_119' title='bbox 699 1177 814 1208; x_wconf 82' lang='lat' dir='ltr'>dicitis</span> <span class='ocrx_word' id='word_1_120' title='bbox 840 1177 943 1209; x_wconf 86' lang='lat' dir='ltr'>esse?</span> <span class='ocrx_word' id='word_1_121' title='bbox 982 1176 1234 1216; x_wconf 86' lang='lat' dir='ltr'>Respondens.</span> <span class='ocrx_word' id='word_1_122' title='bbox 1250 1176 1389 1207; x_wconf 90' lang='lat' dir='ltr'>.Simon</span> <span class='ocrx_word' id='word_1_123' title='bbox 1418 1175 1554 1214; x_wconf 85' lang='lat' dir='ltr'>Petrus,</span> <span class='ocrx_word' id='word_1_124' title='bbox 1574 1175 1673 1213; x_wconf 85' lang='lat' dir='ltr'>dixit,</span> <span class='ocrx_word' id='word_1_125' title='bbox 1693 1173 1763 1207; x_wconf 83' lang='lat' dir='ltr'>Tu·</span> 
     </span>
    </p>
   </div>
   <div class='ocr_carea' id='block_1_4' title="bbox 502 1216 1857 1304">
    <p class='ocr_par' dir='ltr' id='par_1_4' title="bbox 502 1216 1857 1304">
     <span class='ocr_line' id='line_1_19' title="bbox 502 1216 1817 1260; baseline 0.002 -10"><span class='ocrx_word' id='word_1_126' title='bbox 502 1219 675 1257; x_wconf 84' lang='lat' dir='ltr'>Christus,</span> <span class='ocrx_word' id='word_1_127' title='bbox 689 1220 748 1251; x_wconf 88' lang='lat' dir='ltr'>ille</span> <span class='ocrx_word' id='word_1_128' title='bbox 763 1219 871 1251; x_wconf 85' lang='lat' dir='ltr'>Filius</span> <span class='ocrx_word' id='word_1_129' title='bbox 891 1219 956 1251; x_wconf 91' lang='lat' dir='ltr'>Dei</span> <span class='ocrx_word' id='word_1_130' title='bbox 970 1219 1123 1250; x_wconf 89' lang='lat' dir='ltr'>viventis</span> <span class='ocrx_word' id='word_1_131' title='bbox 1136 1230 1142 1251; x_wconf 75' lang='grc' dir='ltr'>ε</span> <span class='ocrx_word' id='word_1_132' title='bbox 1169 1225 1203 1250; x_wconf 87' lang='lat' dir='ltr'>et</span> <span class='ocrx_word' id='word_1_133' title='bbox 1219 1219 1440 1259; x_wconf 86' lang='lat' dir='ltr'>respondens</span> <span class='ocrx_word' id='word_1_134' title='bbox 1451 1218 1555 1260; x_wconf 89' lang='lat' dir='ltr'>Jesus</span> <span class='ocrx_word' id='word_1_135' title='bbox 1571 1218 1676 1251; x_wconf 82' lang='lat' dir='ltr'>dixit.</span> <span class='ocrx_word' id='word_1_136' title='bbox 1689 1242 1713 1255; x_wconf 89' lang='grc'>.,</span> <span class='ocrx_word' id='word_1_137' title='bbox 1726 1216 1817 1253; x_wconf 59' lang='lat' dir='ltr'>Bena-</span> 
     </span>
     <span class='ocr_line' id='line_1_20' title="bbox 504 1249 1857 1304; baseline -0.003 -10"><span class='ocrx_word' id='word_1_138' title='bbox 504 1270 560 1294; x_wconf 89' lang='lat' dir='ltr'>tus</span> <span class='ocrx_word' id='word_1_139' title='bbox 577 1273 625 1301; x_wconf 86' lang='lat' dir='ltr'>es,</span> <span class='ocrx_word' id='word_1_140' title='bbox 641 1263 763 1294; x_wconf 88' lang='lat' dir='ltr'>Simon</span> <span class='ocrx_word' id='word_1_141' title='bbox 781 1263 829 1294; x_wconf 88' lang='lat' dir='ltr'>fili</span> <span class='ocrx_word' id='word_1_142' title='bbox 845 1262 968 1304; x_wconf 86' lang='lat' dir='ltr'>Jonae,</span> <span class='ocrx_word' id='word_1_143' title='bbox 983 1262 1064 1303; x_wconf 85' lang='lat' dir='ltr'>quia</span> <span class='ocrx_word' id='word_1_144' title='bbox 1080 1272 1162 1294; x_wconf 88' lang='lat' dir='ltr'>caro</span> <span class='ocrx_word' id='word_1_145' title='bbox 1179 1268 1214 1294; x_wconf 89' lang='lat' dir='ltr'>et</span> <span class='ocrx_word' id='word_1_146' title='bbox 1230 1263 1376 1302; x_wconf 89' lang='lat' dir='ltr'>sanguis</span> <span class='ocrx_word' id='word_1_147' title='bbox 1390 1272 1461 1293; x_wconf 89' lang='lat' dir='ltr'>non</span> <span class='ocrx_word' id='word_1_148' title='bbox 1478 1261 1649 1293; x_wconf 85' lang='lat' dir='ltr'>revelavit</span> <span class='ocrx_word' id='word_1_149' title='bbox 1665 1261 1737 1300; x_wconf 82' lang='lat' dir='ltr'>tibi,</span> <span class='ocrx_word' id='word_1_150' title='bbox 1749 1249 1819 1295; x_wconf 53' lang='lat' dir='ltr'>sd</span> <span class='ocrx_word' id='word_1_151' title='bbox 1851 1287 1857 1290; x_wconf 72' lang='grc'>,</span> 
     </span>
    </p>
   </div>
   <div class='ocr_carea' id='block_1_5' title="bbox 330 1294 1973 2991">
    <p class='ocr_par' dir='ltr' id='par_1_5' title="bbox 330 1294 1980 2991">
     <span class='ocr_line' id='line_1_21' title="bbox 504 1294 1904 1350; baseline -0.001 -12"><span class='ocrx_word' id='word_1_152' title='bbox 504 1306 609 1338; x_wconf 87' lang='lat' dir='ltr'>Pater</span> <span class='ocrx_word' id='word_1_153' title='bbox 626 1316 724 1338; x_wconf 88' lang='lat' dir='ltr'>meus</span> <span class='ocrx_word' id='word_1_154' title='bbox 742 1306 800 1347; x_wconf 91' lang='lat' dir='ltr'>qui</span> <span class='ocrx_word' id='word_1_155' title='bbox 820 1313 874 1338; x_wconf 89' lang='lat' dir='ltr'>est</span> <span class='ocrx_word' id='word_1_156' title='bbox 894 1306 929 1337; x_wconf 91' lang='lat' dir='ltr'>in</span> <span class='ocrx_word' id='word_1_157' title='bbox 950 1306 1075 1337; x_wconf 85' lang='lat' dir='ltr'>caelis:</span> <span class='ocrx_word' id='word_1_158' title='bbox 1101 1306 1184 1346; x_wconf 89' lang='lat' dir='ltr'>quin</span> <span class='ocrx_word' id='word_1_159' title='bbox 1203 1306 1312 1336; x_wconf 90' lang='lat' dir='ltr'>immo</span> <span class='ocrx_word' id='word_1_160' title='bbox 1329 1315 1414 1336; x_wconf 86' lang='lat' dir='ltr'>vero</span> <span class='ocrx_word' id='word_1_161' title='bbox 1431 1305 1494 1337; x_wconf 89' lang='lat' dir='ltr'>tibi</span> <span class='ocrx_word' id='word_1_162' title='bbox 1513 1305 1602 1343; x_wconf 86' lang='lat' dir='ltr'>dico,</span> <span class='ocrx_word' id='word_1_163' title='bbox 1620 1304 1676 1337; x_wconf 91' lang='lat' dir='ltr'>Tu</span> <span class='ocrx_word' id='word_1_164' title='bbox 1693 1313 1732 1346; x_wconf 58' lang='lat' dir='ltr'>es</span> <span class='ocrx_word' id='word_1_165' title='bbox 1749 1294 1816 1337; x_wconf 72' lang='lat' dir='ltr'>Pe-</span> <span class='ocrx_word' id='word_1_166' title='bbox 1847 1326 1859 1347; x_wconf 27' lang='grc' dir='ltr'>,ἦ</span> <span class='ocrx_word' id='word_1_167' title='bbox 1901 1346 1904 1350; x_wconf 19' lang='grc' dir='ltr'><em>ᾖ</em></span> 
     </span>
     <span class='ocr_line' id='line_1_22' title="bbox 502 1349 1814 1389; baseline -0.001 -9"><span class='ocrx_word' id='word_1_168' title='bbox 502 1356 586 1387; x_wconf 81' lang='lat' dir='ltr'>trus,</span> <span class='ocrx_word' id='word_1_169' title='bbox 607 1355 642 1380; x_wconf 89' lang='lat' dir='ltr'>et</span> <span class='ocrx_word' id='word_1_170' title='bbox 666 1359 771 1389; x_wconf 89' lang='lat' dir='ltr'>super</span> <span class='ocrx_word' id='word_1_171' title='bbox 790 1350 880 1380; x_wconf 89' lang='lat' dir='ltr'>hanc</span> <span class='ocrx_word' id='word_1_172' title='bbox 905 1355 1040 1389; x_wconf 87' lang='lat' dir='ltr'>petram</span> <span class='ocrx_word' id='word_1_173' title='bbox 1064 1349 1256 1380; x_wconf 84' lang='lat' dir='ltr'>aedificabo</span> <span class='ocrx_word' id='word_1_174' title='bbox 1281 1349 1464 1380; x_wconf 87' lang='lat' dir='ltr'>ecclesiam</span> <span class='ocrx_word' id='word_1_175' title='bbox 1489 1357 1615 1386; x_wconf 88' lang='lat' dir='ltr'>meam,</span> <span class='ocrx_word' id='word_1_176' title='bbox 1632 1353 1668 1380; x_wconf 89' lang='lat' dir='ltr'>et</span> <span class='ocrx_word' id='word_1_177' title='bbox 1691 1353 1814 1388; x_wconf 58' lang='lat' dir='ltr'>portae</span> 
     </span>
     <span class='ocr_line' id='line_1_23' title="bbox 501 1391 1815 1432; baseline 0.001 -8"><span class='ocrx_word' id='word_1_178' title='bbox 501 1393 630 1424; x_wconf 83' lang='lat' dir='ltr'>inferni</span> <span class='ocrx_word' id='word_1_179' title='bbox 649 1403 721 1425; x_wconf 76' lang='lat' dir='ltr'>non</span> <span class='ocrx_word' id='word_1_180' title='bbox 741 1393 997 1432; x_wconf 83' lang='lat' dir='ltr'>praevalebunt</span> <span class='ocrx_word' id='word_1_181' title='bbox 1016 1392 1085 1424; x_wconf 88' lang='lat' dir='ltr'>illi:</span> <span class='ocrx_word' id='word_1_182' title='bbox 1112 1398 1148 1424; x_wconf 86' lang='lat' dir='ltr'>et</span> <span class='ocrx_word' id='word_1_183' title='bbox 1165 1393 1258 1424; x_wconf 90' lang='lat' dir='ltr'>dabo</span> <span class='ocrx_word' id='word_1_184' title='bbox 1278 1392 1341 1423; x_wconf 81' lang='lat' dir='ltr'>tibi</span> <span class='ocrx_word' id='word_1_185' title='bbox 1358 1392 1481 1423; x_wconf 79' lang='lat' dir='ltr'>claves</span> <span class='ocrx_word' id='word_1_186' title='bbox 1495 1391 1596 1432; x_wconf 83' lang='lat' dir='ltr'>regni</span> <span class='ocrx_word' id='word_1_187' title='bbox 1614 1391 1815 1431; x_wconf 61' lang='lat' dir='ltr'>caelorum-3</span> 
     </span>
     <span class='ocr_line' id='line_1_24' title="bbox 504 1433 1816 1477; baseline -0.001 -10"><span class='ocrx_word' id='word_1_188' title='bbox 504 1443 539 1467; x_wconf 87' lang='lat' dir='ltr'>et</span> <span class='ocrx_word' id='word_1_189' title='bbox 556 1437 719 1477; x_wconf 87' lang='lat' dir='ltr'>quiequid</span> <span class='ocrx_word' id='word_1_190' title='bbox 736 1436 901 1476; x_wconf 87' lang='lat' dir='ltr'>ligaveris</span> <span class='ocrx_word' id='word_1_191' title='bbox 919 1436 954 1467; x_wconf 91' lang='lat' dir='ltr'>in</span> <span class='ocrx_word' id='word_1_192' title='bbox 969 1442 1072 1474; x_wconf 86' lang='lat' dir='ltr'>terra,</span> <span class='ocrx_word' id='word_1_193' title='bbox 1087 1436 1154 1467; x_wconf 86' lang='lat' dir='ltr'>erit</span> <span class='ocrx_word' id='word_1_194' title='bbox 1169 1436 1316 1475; x_wconf 86' lang='lat' dir='ltr'>ligatum</span> <span class='ocrx_word' id='word_1_195' title='bbox 1335 1436 1370 1467; x_wconf 90' lang='lat' dir='ltr'>in</span> <span class='ocrx_word' id='word_1_196' title='bbox 1385 1435 1500 1474; x_wconf 86' lang='lat' dir='ltr'>caelis,</span> <span class='ocrx_word' id='word_1_197' title='bbox 1514 1441 1550 1467; x_wconf 89' lang='lat' dir='ltr'>et</span> <span class='ocrx_word' id='word_1_198' title='bbox 1565 1434 1730 1476; x_wconf 85' lang='lat' dir='ltr'>quiequid</span> <span class='ocrx_word' id='word_1_199' title='bbox 1740 1433 1816 1467; x_wconf 62' lang='grc' dir='ltr'><strong>δοῖ-ἰ</strong></span> 
     </span>
     <span class='ocr_line' id='line_1_25' title="bbox 502 1478 1482 1519; baseline 0 -9"><span class='ocrx_word' id='word_1_200' title='bbox 502 1479 596 1511; x_wconf 89' lang='lat' dir='ltr'>veris</span> <span class='ocrx_word' id='word_1_201' title='bbox 614 1480 649 1511; x_wconf 82' lang='lat' dir='ltr'>iti</span> <span class='ocrx_word' id='word_1_202' title='bbox 667 1485 769 1517; x_wconf 88' lang='lat' dir='ltr'>terra,</span> <span class='ocrx_word' id='word_1_203' title='bbox 787 1479 853 1511; x_wconf 88' lang='lat' dir='ltr'>erit</span> <span class='ocrx_word' id='word_1_204' title='bbox 870 1479 1024 1511; x_wconf 82' lang='lat' dir='ltr'>solutum</span> <span class='ocrx_word' id='word_1_205' title='bbox 1042 1479 1078 1510; x_wconf 91' lang='lat' dir='ltr'>in</span> <span class='ocrx_word' id='word_1_206' title='bbox 1095 1478 1231 1510; x_wconf 87' lang='lat' dir='ltr'>caelis”</span> <span class='ocrx_word' id='word_1_207' title='bbox 1248 1479 1330 1519; x_wconf 88' lang='lat' dir='ltr'>(xvi.</span> <span class='ocrx_word' id='word_1_208' title='bbox 1351 1479 1482 1519; x_wconf 88' lang='lat'>14-19).</span> 
     </span>
     <span class='ocr_line' id='line_1_26' title="bbox 331 1560 1829 1615; baseline -0.001 -14"><span class='ocrx_word' id='word_1_209' title='bbox 331 1560 557 1614; x_wconf 83' lang='lat' dir='ltr'>Quoniam</span> <span class='ocrx_word' id='word_1_210' title='bbox 594 1574 748 1602; x_wconf 91' lang='lat' dir='ltr'>verum</span> <span class='ocrx_word' id='word_1_211' title='bbox 786 1575 846 1602; x_wconf 88' lang='lat' dir='ltr'>ex</span> <span class='ocrx_word' id='word_1_212' title='bbox 883 1561 1018 1608; x_wconf 88' lang='lat' dir='ltr'>bono,</span> <span class='ocrx_word' id='word_1_213' title='bbox 1051 1561 1171 1615; x_wconf 91' lang='lat' dir='ltr'>quod</span> <span class='ocrx_word' id='word_1_214' title='bbox 1204 1575 1230 1602; x_wconf 92' lang='lat' dir='ltr'>a</span> <span class='ocrx_word' id='word_1_215' title='bbox 1269 1561 1481 1609; x_wconf 87' lang='lat' dir='ltr'>Domino,</span> <span class='ocrx_word' id='word_1_216' title='bbox 1515 1566 1586 1602; x_wconf 85' lang='lat' dir='ltr'>est</span> <span class='ocrx_word' id='word_1_217' title='bbox 1622 1560 1829 1614; x_wconf 81' lang='lat' dir='ltr'>primum·</span> 
     </span>
     <span class='ocr_line' id='line_1_27' title="bbox 330 1622 1958 1679; baseline -0.001 -14"><span class='ocrx_word' id='word_1_218' title='bbox 330 1623 562 1672; x_wconf 89' lang='lat' dir='ltr'>ecclesiae,</span> <span class='ocrx_word' id='word_1_219' title='bbox 591 1630 637 1665; x_wconf 90' lang='lat' dir='ltr'>et</span> <span class='ocrx_word' id='word_1_220' title='bbox 669 1623 778 1664; x_wconf 91' lang='lat' dir='ltr'>illud</span> <span class='ocrx_word' id='word_1_221' title='bbox 806 1638 884 1677; x_wconf 92' lang='lat' dir='ltr'>per</span> <span class='ocrx_word' id='word_1_222' title='bbox 912 1623 1167 1665; x_wconf 86' lang='lat' dir='ltr'>“Petrum”</span> <span class='ocrx_word' id='word_1_223' title='bbox 1193 1623 1544 1677; x_wconf 80' lang='lat' dir='ltr'>significabatur,</span> <span class='ocrx_word' id='word_1_224' title='bbox 1571 1623 1675 1664; x_wconf 87' lang='lat' dir='ltr'>ideo</span> <span class='ocrx_word' id='word_1_225' title='bbox 1700 1622 1813 1665; x_wconf 86' lang='lat' dir='ltr'>haec</span> <span class='ocrx_word' id='word_1_226' title='bbox 1955 1678 1958 1679; x_wconf 17' lang='grc' dir='ltr'><em>ᾖ</em></span> 
     </span>
     <span class='ocr_line' id='line_1_28' title="bbox 331 1684 1814 1740; baseline 0.002 -14"><span class='ocrx_word' id='word_1_227' title='bbox 331 1700 357 1726; x_wconf 91' lang='lat' dir='ltr'>a</span> <span class='ocrx_word' id='word_1_228' title='bbox 384 1686 581 1726; x_wconf 89' lang='lat' dir='ltr'>Domino</span> <span class='ocrx_word' id='word_1_229' title='bbox 604 1684 724 1727; x_wconf 65' lang='lat' dir='ltr'>dicta</span> <span class='ocrx_word' id='word_1_230' title='bbox 746 1692 851 1727; x_wconf 87' lang='lat' dir='ltr'>sunt</span> <span class='ocrx_word' id='word_1_231' title='bbox 877 1686 934 1727; x_wconf 92' lang='lat' dir='ltr'>ad</span> <span class='ocrx_word' id='word_1_232' title='bbox 963 1687 1158 1735; x_wconf 87' lang='lat' dir='ltr'>Petrum,</span> <span class='ocrx_word' id='word_1_233' title='bbox 1184 1693 1230 1727; x_wconf 90' lang='lat' dir='ltr'>et</span> <span class='ocrx_word' id='word_1_234' title='bbox 1257 1693 1365 1727; x_wconf 91' lang='lat' dir='ltr'>tunc</span> <span class='ocrx_word' id='word_1_235' title='bbox 1389 1684 1510 1727; x_wconf 65' lang='lat' dir='ltr'>dicta</span> <span class='ocrx_word' id='word_1_236' title='bbox 1531 1685 1712 1740; x_wconf 88' lang='lat' dir='ltr'>quando</span> <span class='ocrx_word' id='word_1_237' title='bbox 1736 1684 1814 1727; x_wconf 86' lang='lat' dir='ltr'>ille</span> 
     </span>
     <span class='ocr_line' id='line_1_29' title="bbox 332 1748 1815 1802; baseline -0.001 -13"><span class='ocrx_word' id='word_1_238' title='bbox 332 1750 520 1802; x_wconf 89' lang='lat' dir='ltr'>agnovit</span> <span class='ocrx_word' id='word_1_239' title='bbox 545 1749 789 1789; x_wconf 88' lang='lat' dir='ltr'>Dominum</span> <span class='ocrx_word' id='word_1_240' title='bbox 812 1763 892 1802; x_wconf 90' lang='lat' dir='ltr'>pro</span> <span class='ocrx_word' id='word_1_241' title='bbox 915 1749 1083 1790; x_wconf 87' lang='lat' dir='ltr'>Messia</span> <span class='ocrx_word' id='word_1_242' title='bbox 1104 1763 1182 1790; x_wconf 85' lang='lat' dir='ltr'>seu</span> <span class='ocrx_word' id='word_1_243' title='bbox 1200 1749 1397 1798; x_wconf 89' lang='lat' dir='ltr'>Christo,</span> <span class='ocrx_word' id='word_1_244' title='bbox 1417 1755 1464 1790; x_wconf 92' lang='lat' dir='ltr'>et</span> <span class='ocrx_word' id='word_1_245' title='bbox 1487 1763 1568 1802; x_wconf 92' lang='lat' dir='ltr'>pro</span> <span class='ocrx_word' id='word_1_246' title='bbox 1590 1748 1706 1790; x_wconf 82' lang='lat' dir='ltr'>Filio</span> <span class='ocrx_word' id='word_1_247' title='bbox 1729 1748 1815 1791; x_wconf 83' lang='lat' dir='ltr'>Dei</span> 
     </span>
     <span class='ocr_line' id='line_1_30' title="bbox 331 1811 1813 1865; baseline 0.001 -14"><span class='ocrx_word' id='word_1_248' title='bbox 331 1812 549 1852; x_wconf 88' lang='lat' dir='ltr'>viventis:</span> <span class='ocrx_word' id='word_1_249' title='bbox 585 1825 688 1852; x_wconf 91' lang='lat' dir='ltr'>nam</span> <span class='ocrx_word' id='word_1_250' title='bbox 712 1812 881 1865; x_wconf 86' lang='lat' dir='ltr'>absque</span> <span class='ocrx_word' id='word_1_251' title='bbox 903 1811 979 1852; x_wconf 90' lang='lat' dir='ltr'>illa</span> <span class='ocrx_word' id='word_1_252' title='bbox 1001 1812 1233 1865; x_wconf 87' lang='lat' dir='ltr'>agnitione</span> <span class='ocrx_word' id='word_1_253' title='bbox 1255 1825 1408 1853; x_wconf 90' lang='lat' dir='ltr'>verum</span> <span class='ocrx_word' id='word_1_254' title='bbox 1431 1825 1522 1852; x_wconf 91' lang='lat' dir='ltr'>non</span> <span class='ocrx_word' id='word_1_255' title='bbox 1547 1818 1618 1852; x_wconf 88' lang='lat' dir='ltr'>est</span> <span class='ocrx_word' id='word_1_256' title='bbox 1642 1821 1813 1861; x_wconf 79' lang='lat' dir='ltr'>verum,</span> 
     </span>
     <span class='ocr_line' id='line_1_31' title="bbox 332 1874 1913 1930; baseline 0.001 -15"><span class='ocrx_word' id='word_1_257' title='bbox 332 1888 436 1916; x_wconf 89' lang='lat' dir='ltr'>nam</span> <span class='ocrx_word' id='word_1_258' title='bbox 472 1888 626 1916; x_wconf 87' lang='lat' dir='ltr'>verum</span> <span class='ocrx_word' id='word_1_259' title='bbox 663 1888 788 1916; x_wconf 89' lang='lat' dir='ltr'>suam</span> <span class='ocrx_word' id='word_1_260' title='bbox 826 1875 1059 1928; x_wconf 88' lang='lat' dir='ltr'>originem,</span> <span class='ocrx_word' id='word_1_261' title='bbox 1093 1876 1337 1916; x_wconf 88' lang='lat' dir='ltr'>essentiam</span> <span class='ocrx_word' id='word_1_262' title='bbox 1375 1881 1421 1916; x_wconf 89' lang='lat' dir='ltr'>et</span> <span class='ocrx_word' id='word_1_263' title='bbox 1457 1875 1598 1916; x_wconf 85' lang='lat' dir='ltr'>vitam</span> <span class='ocrx_word' id='word_1_264' title='bbox 1628 1874 1757 1916; x_wconf 42' lang='lat' dir='ltr'>ducit*</span> <span class='ocrx_word' id='word_1_265' title='bbox 1787 1876 1913 1930; x_wconf 15' lang='lat' dir='ltr'>augg</span> 
     </span>
     <span class='ocr_line' id='line_1_32' title="bbox 330 1931 1920 1992; baseline 0.001 -14"><span class='ocrx_word' id='word_1_266' title='bbox 330 1938 465 1987; x_wconf 87' lang='lat' dir='ltr'>bono,</span> <span class='ocrx_word' id='word_1_267' title='bbox 488 1951 540 1978; x_wconf 88' lang='lat' dir='ltr'>ac</span> <span class='ocrx_word' id='word_1_268' title='bbox 563 1938 730 1978; x_wconf 90' lang='lat' dir='ltr'>bonum</span> <span class='ocrx_word' id='word_1_269' title='bbox 757 1951 783 1978; x_wconf 93' lang='lat' dir='ltr'>a</span> <span class='ocrx_word' id='word_1_270' title='bbox 806 1938 1014 1978; x_wconf 90' lang='lat' dir='ltr'>Domino.</span> <span class='ocrx_word' id='word_1_271' title='bbox 1072 1937 1298 1990; x_wconf 81' lang='lat' dir='ltr'>Quoniam</span> <span class='ocrx_word' id='word_1_272' title='bbox 1315 1950 1470 1979; x_wconf 90' lang='lat' dir='ltr'>verum</span> <span class='ocrx_word' id='word_1_273' title='bbox 1492 1951 1518 1978; x_wconf 93' lang='lat' dir='ltr'>a</span> <span class='ocrx_word' id='word_1_274' title='bbox 1539 1938 1675 1986; x_wconf 88' lang='lat' dir='ltr'>bono,</span> <span class='ocrx_word' id='word_1_275' title='bbox 1692 1935 1815 1992; x_wconf 86' lang='lat' dir='ltr'>quod</span> <span class='ocrx_word' id='word_1_276' title='bbox 1853 1931 1920 1991; x_wconf 47' lang='grc' dir='ltr'>ζ’ἶζῇ-</span> 
     </span>
     <span class='ocr_line' id='line_1_33' title="bbox 331 1991 1896 2053; baseline 0.001 -13"><span class='ocrx_word' id='word_1_277' title='bbox 331 2014 357 2040; x_wconf 92' lang='lat' dir='ltr'>a</span> <span class='ocrx_word' id='word_1_278' title='bbox 376 2001 586 2048; x_wconf 89' lang='lat' dir='ltr'>Domino,</span> <span class='ocrx_word' id='word_1_279' title='bbox 603 2006 673 2041; x_wconf 90' lang='lat' dir='ltr'>est</span> <span class='ocrx_word' id='word_1_280' title='bbox 691 2001 881 2053; x_wconf 88' lang='lat' dir='ltr'>primum</span> <span class='ocrx_word' id='word_1_281' title='bbox 899 2000 1130 2048; x_wconf 89' lang='lat' dir='ltr'>ecclesiae,</span> <span class='ocrx_word' id='word_1_282' title='bbox 1146 2000 1248 2040; x_wconf 92' lang='lat' dir='ltr'>ideo</span> <span class='ocrx_word' id='word_1_283' title='bbox 1265 2001 1372 2041; x_wconf 92' lang='lat' dir='ltr'>dicit</span> <span class='ocrx_word' id='word_1_284' title='bbox 1392 2000 1660 2049; x_wconf 90' lang='lat' dir='ltr'>Dominus,“</span> <span class='ocrx_word' id='word_1_285' title='bbox 1673 1998 1815 2053; x_wconf 79' lang='lat' dir='ltr'>Super</span> <span class='ocrx_word' id='word_1_286' title='bbox 1852 2019 1854 2027; x_wconf 63' lang='lat'>&gt;</span> <span class='ocrx_word' id='word_1_287' title='bbox 1879 1991 1920 2052; x_wconf 55' lang='lat' dir='ltr'>*f</span> 
     </span>
     <span class='ocr_line' id='line_1_34' title="bbox 332 2062 1815 2123; baseline 0.003 -20"><span class='ocrx_word' id='word_1_288' title='bbox 332 2063 448 2104; x_wconf 90' lang='lat' dir='ltr'>hanc</span> <span class='ocrx_word' id='word_1_289' title='bbox 476 2069 650 2116; x_wconf 90' lang='lat' dir='ltr'>petram</span> <span class='ocrx_word' id='word_1_290' title='bbox 677 2062 924 2123; x_wconf 78' lang='lat' dir='ltr'>aedificabo</span> <span class='ocrx_word' id='word_1_291' title='bbox 948 2062 1187 2103; x_wconf 88' lang='lat' dir='ltr'>ecclesiam</span> <span class='ocrx_word' id='word_1_292' title='bbox 1215 2063 1411 2104; x_wconf 90' lang='lat' dir='ltr'>meam:&#39;&#39;</span> <span class='ocrx_word' id='word_1_293' title='bbox 1443 2063 1562 2118; x_wconf 93' lang='lat' dir='ltr'>quod</span> <span class='ocrx_word' id='word_1_294' title='bbox 1587 2076 1667 2117; x_wconf 88' lang='lat' dir='ltr'>per</span> <span class='ocrx_word' id='word_1_295' title='bbox 1693 2062 1815 2105; x_wconf 59' lang='lat' dir='ltr'>“Pei-</span> 
     </span>
     <span class='ocr_line' id='line_1_35' title="bbox 332 2125 1962 2182; baseline 0.001 -17"><span class='ocrx_word' id='word_1_296' title='bbox 332 2125 481 2166; x_wconf 88' lang='lat' dir='ltr'>trum&#39;’</span> <span class='ocrx_word' id='word_1_297' title='bbox 496 2139 573 2166; x_wconf 90' lang='lat' dir='ltr'>seu</span> <span class='ocrx_word' id='word_1_298' title='bbox 594 2129 619 2145; x_wconf 80' lang='lat'>‘⁴</span> <span class='ocrx_word' id='word_1_299' title='bbox 634 2125 812 2166; x_wconf 88' lang='lat' dir='ltr'>Petram</span> <span class='ocrx_word' id='word_1_300' title='bbox 824 2125 843 2140; x_wconf 91' lang='lat'>&#39;’</span> <span class='ocrx_word' id='word_1_301' title='bbox 861 2126 904 2165; x_wconf 92' lang='lat' dir='ltr'>in</span> <span class='ocrx_word' id='word_1_302' title='bbox 927 2139 1136 2178; x_wconf 90' lang='lat' dir='ltr'>supremo</span> <span class='ocrx_word' id='word_1_303' title='bbox 1154 2139 1286 2166; x_wconf 90' lang='lat' dir='ltr'>sensu</span> <span class='ocrx_word' id='word_1_304' title='bbox 1304 2125 1581 2179; x_wconf 89' lang='lat' dir='ltr'>significetur</span> <span class='ocrx_word' id='word_1_305' title='bbox 1602 2125 1814 2167; x_wconf 79' lang='lat' dir='ltr'>Divinum</span> <span class='ocrx_word' id='word_1_306' title='bbox 1958 2179 1962 2182; x_wconf 20' lang='grc' dir='ltr'><em>ᾖ</em></span> 
     </span>
     <span class='ocr_line' id='line_1_36' title="bbox 331 2187 1814 2242; baseline 0.001 -14"><span class='ocrx_word' id='word_1_307' title='bbox 331 2188 502 2228; x_wconf 86' lang='lat' dir='ltr'>Verum</span> <span class='ocrx_word' id='word_1_308' title='bbox 525 2188 776 2241; x_wconf 89' lang='lat' dir='ltr'>procedens</span> <span class='ocrx_word' id='word_1_309' title='bbox 798 2201 824 2228; x_wconf 95' lang='lat' dir='ltr'>a</span> <span class='ocrx_word' id='word_1_310' title='bbox 847 2187 1059 2236; x_wconf 90' lang='lat' dir='ltr'>Domino,</span> <span class='ocrx_word' id='word_1_311' title='bbox 1082 2194 1129 2228; x_wconf 89' lang='lat' dir='ltr'>et</span> <span class='ocrx_word' id='word_1_312' title='bbox 1154 2188 1198 2228; x_wconf 88' lang='lat' dir='ltr'>in</span> <span class='ocrx_word' id='word_1_313' title='bbox 1224 2201 1358 2229; x_wconf 89' lang='lat' dir='ltr'>sensu</span> <span class='ocrx_word' id='word_1_314' title='bbox 1383 2187 1635 2242; x_wconf 59' lang='lat' dir='ltr'>respeo&#39;tivo</span> <span class='ocrx_word' id='word_1_315' title='bbox 1661 2200 1814 2231; x_wconf 84' lang='lat' dir='ltr'>verum</span> 
     </span>
     <span class='ocr_line' id='line_1_37' title="bbox 331 2243 1950 2310; baseline 0.002 -19"><span class='ocrx_word' id='word_1_316' title='bbox 331 2265 358 2292; x_wconf 90' lang='lat' dir='ltr'>a</span> <span class='ocrx_word' id='word_1_317' title='bbox 397 2251 532 2299; x_wconf 86' lang='lat' dir='ltr'>bono,</span> <span class='ocrx_word' id='word_1_318' title='bbox 565 2250 685 2304; x_wconf 93' lang='lat' dir='ltr'>quod</span> <span class='ocrx_word' id='word_1_319' title='bbox 721 2264 748 2291; x_wconf 92' lang='lat' dir='ltr'>a</span> <span class='ocrx_word' id='word_1_320' title='bbox 788 2250 1000 2298; x_wconf 90' lang='lat' dir='ltr'>Domino,</span> <span class='ocrx_word' id='word_1_321' title='bbox 1034 2263 1143 2291; x_wconf 88' lang='lat' dir='ltr'>mox</span> <span class='ocrx_word' id='word_1_322' title='bbox 1175 2264 1307 2304; x_wconf 91' lang='lat' dir='ltr'>supra</span> <span class='ocrx_word' id='word_1_323' title='bbox 1347 2250 1515 2292; x_wconf 70' lang='lat' dir='ltr'>dictum</span> <span class='ocrx_word' id='word_1_324' title='bbox 1551 2251 1650 2293; x_wconf 77' lang='lat' dir='ltr'>est:</span> <span class='ocrx_word' id='word_1_325' title='bbox 1694 2243 1815 2306; x_wconf 71' lang='lat' dir='ltr'>quod</span> <span class='ocrx_word' id='word_1_326' title='bbox 1876 2243 1950 2310; x_wconf 40' lang='lat' dir='ltr'>‘fig</span> 
     </span>
     <span class='ocr_line' id='line_1_38' title="bbox 332 2299 1947 2370; baseline 0.003 -17"><span class='ocrx_word' id='word_1_327' title='bbox 332 2319 491 2367; x_wconf 90' lang='lat' dir='ltr'>portae</span> <span class='ocrx_word' id='word_1_328' title='bbox 517 2313 674 2353; x_wconf 88' lang='lat' dir='ltr'>inferni</span> <span class='ocrx_word' id='word_1_329' title='bbox 700 2325 791 2353; x_wconf 91' lang='lat' dir='ltr'>non</span> <span class='ocrx_word' id='word_1_330' title='bbox 817 2312 1145 2365; x_wconf 88' lang='lat' dir='ltr'>praevaliturae</span> <span class='ocrx_word' id='word_1_331' title='bbox 1171 2313 1274 2361; x_wconf 90' lang='lat' dir='ltr'>sint,</span> <span class='ocrx_word' id='word_1_332' title='bbox 1292 2313 1527 2366; x_wconf 70' lang='lat' dir='ltr'>significat</span> <span class='ocrx_word' id='word_1_333' title='bbox 1553 2314 1673 2369; x_wconf 88' lang='lat' dir='ltr'>quod</span> <span class='ocrx_word' id='word_1_334' title='bbox 1703 2313 1816 2356; x_wconf 82' lang='lat' dir='ltr'>falsa</span> <span class='ocrx_word' id='word_1_335' title='bbox 1867 2316 1885 2334; x_wconf 77' lang='grc'>“’</span> <span class='ocrx_word' id='word_1_336' title='bbox 1902 2299 1947 2370; x_wconf 58' lang='lat'>11⁵²·</span> 
     </span>
     <span class='ocr_line' id='line_1_39' title="bbox 333 2363 1942 2430; baseline 0.002 -15"><span class='ocrx_word' id='word_1_337' title='bbox 333 2390 392 2416; x_wconf 86' lang='lat' dir='ltr'>ex</span> <span class='ocrx_word' id='word_1_338' title='bbox 425 2374 559 2423; x_wconf 91' lang='lat' dir='ltr'>malo,</span> <span class='ocrx_word' id='word_1_339' title='bbox 588 2389 701 2428; x_wconf 91' lang='lat' dir='ltr'>quae</span> <span class='ocrx_word' id='word_1_340' title='bbox 733 2389 792 2415; x_wconf 86' lang='lat' dir='ltr'>ex</span> <span class='ocrx_word' id='word_1_341' title='bbox 823 2375 1017 2423; x_wconf 88' lang='lat' dir='ltr'>infernis,</span> <span class='ocrx_word' id='word_1_342' title='bbox 1050 2388 1141 2415; x_wconf 89' lang='lat' dir='ltr'>non</span> <span class='ocrx_word' id='word_1_343' title='bbox 1172 2375 1349 2417; x_wconf 89' lang='lat' dir='ltr'>hiscent</span> <span class='ocrx_word' id='word_1_344' title='bbox 1381 2390 1626 2430; x_wconf 86' lang='lat' dir='ltr'>exsurgere</span> <span class='ocrx_word' id='word_1_345' title='bbox 1656 2383 1816 2419; x_wconf 87' lang='lat' dir='ltr'>contra</span> <span class='ocrx_word' id='word_1_346' title='bbox 1911 2363 1942 2383; x_wconf 33' lang='grc' dir='ltr'><strong>ἲ</strong></span> 
     </span>
     <span class='ocr_line' id='line_1_40' title="bbox 334 2431 1962 2494; baseline 0.001 -15"><span class='ocrx_word' id='word_1_347' title='bbox 334 2438 436 2479; x_wconf 91' lang='lat' dir='ltr'>illos</span> <span class='ocrx_word' id='word_1_348' title='bbox 462 2438 535 2491; x_wconf 89' lang='lat' dir='ltr'>qui</span> <span class='ocrx_word' id='word_1_349' title='bbox 560 2437 618 2478; x_wconf 94' lang='lat' dir='ltr'>ab</span> <span class='ocrx_word' id='word_1_350' title='bbox 643 2437 835 2486; x_wconf 87' lang='lat' dir='ltr'>ecclesia</span> <span class='ocrx_word' id='word_1_351' title='bbox 859 2437 904 2478; x_wconf 90' lang='lat' dir='ltr'>in</span> <span class='ocrx_word' id='word_1_352' title='bbox 929 2438 1045 2477; x_wconf 88' lang='lat' dir='ltr'>veris</span> <span class='ocrx_word' id='word_1_353' title='bbox 1071 2451 1130 2477; x_wconf 85' lang='lat' dir='ltr'>ex</span> <span class='ocrx_word' id='word_1_354' title='bbox 1161 2437 1281 2478; x_wconf 92' lang='lat' dir='ltr'>bono</span> <span class='ocrx_word' id='word_1_355' title='bbox 1303 2452 1329 2478; x_wconf 94' lang='lat' dir='ltr'>a</span> <span class='ocrx_word' id='word_1_356' title='bbox 1355 2439 1552 2480; x_wconf 88' lang='lat' dir='ltr'>Domino</span> <span class='ocrx_word' id='word_1_357' title='bbox 1578 2446 1708 2481; x_wconf 88' lang='lat' dir='ltr'>sunt:</span> <span class='ocrx_word' id='word_1_358' title='bbox 1736 2452 1816 2494; x_wconf 83' lang='lat' dir='ltr'>per</span> <span class='ocrx_word' id='word_1_359' title='bbox 1850 2471 1858 2486; x_wconf 19' lang='grc' dir='ltr'>η,</span> <span class='ocrx_word' id='word_1_360' title='bbox 1884 2431 1886 2435; x_wconf 47' lang='grc'>’</span> <span class='ocrx_word' id='word_1_361' title='bbox 1919 2440 1962 2492; x_wconf 69' lang='grc' dir='ltr'>’,ι</span> 
     </span>
     <span class='ocr_line' id='line_1_41' title="bbox 335 2499 1859 2555; baseline 0.001 -13"><span class='ocrx_word' id='word_1_362' title='bbox 335 2506 529 2555; x_wconf 85' lang='lat' dir='ltr'>“portas</span> <span class='ocrx_word' id='word_1_363' title='bbox 547 2499 735 2540; x_wconf 81' lang='lat' dir='ltr'>inferni&#39;&#39;</span> <span class='ocrx_word' id='word_1_364' title='bbox 752 2499 1060 2553; x_wconf 88' lang='lat' dir='ltr'>significantur</span> <span class='ocrx_word' id='word_1_365' title='bbox 1077 2500 1228 2541; x_wconf 92' lang='lat' dir='ltr'>omnia</span> <span class='ocrx_word' id='word_1_366' title='bbox 1244 2501 1413 2550; x_wconf 88' lang='lat' dir='ltr'>inferni,</span> <span class='ocrx_word' id='word_1_367' title='bbox 1433 2502 1590 2555; x_wconf 91' lang='lat' dir='ltr'>quibus</span> <span class='ocrx_word' id='word_1_368' title='bbox 1607 2502 1815 2544; x_wconf 87' lang='lat' dir='ltr'>omnibus</span> <span class='ocrx_word' id='word_1_369' title='bbox 1853 2517 1859 2522; x_wconf 91' lang='lat'><strong>·</strong></span> 
     </span>
     <span class='ocr_line' id='line_1_42' title="bbox 333 2562 1860 2616; baseline 0 -12"><span class='ocrx_word' id='word_1_370' title='bbox 333 2570 439 2605; x_wconf 88' lang='lat' dir='ltr'>sunt</span> <span class='ocrx_word' id='word_1_371' title='bbox 470 2569 643 2616; x_wconf 89' lang='lat' dir='ltr'>portae,</span> <span class='ocrx_word' id='word_1_372' title='bbox 672 2576 750 2616; x_wconf 89' lang='lat' dir='ltr'>per</span> <span class='ocrx_word' id='word_1_373' title='bbox 774 2576 885 2615; x_wconf 91' lang='lat' dir='ltr'>quas</span> <span class='ocrx_word' id='word_1_374' title='bbox 910 2562 1022 2603; x_wconf 89' lang='lat' dir='ltr'>falsa</span> <span class='ocrx_word' id='word_1_375' title='bbox 1043 2575 1102 2602; x_wconf 85' lang='lat' dir='ltr'>ex</span> <span class='ocrx_word' id='word_1_376' title='bbox 1127 2562 1246 2603; x_wconf 91' lang='lat' dir='ltr'>malo</span> <span class='ocrx_word' id='word_1_377' title='bbox 1272 2564 1548 2605; x_wconf 84' lang='lat' dir='ltr'>exhalantur</span> <span class='ocrx_word' id='word_1_378' title='bbox 1578 2570 1626 2606; x_wconf 85' lang='lat' dir='ltr'>et</span> <span class='ocrx_word' id='word_1_379' title='bbox 1655 2577 1815 2606; x_wconf 65' lang='lat' dir='ltr'>exsun·</span> <span class='ocrx_word' id='word_1_380' title='bbox 1858 2582 1860 2584; x_wconf 96' lang='lat'>·</span> 
     </span>
     <span class='ocr_line' id='line_1_43' title="bbox 333 2624 1815 2679; baseline 0.002 -13"><span class='ocrx_word' id='word_1_381' title='bbox 333 2631 476 2679; x_wconf 92' lang='lat' dir='ltr'>gunt:</span> <span class='ocrx_word' id='word_1_382' title='bbox 519 2638 596 2678; x_wconf 89' lang='lat' dir='ltr'>per</span> <span class='ocrx_word' id='word_1_383' title='bbox 629 2625 818 2665; x_wconf 87' lang='lat' dir='ltr'>“claves</span> <span class='ocrx_word' id='word_1_384' title='bbox 855 2624 1081 2667; x_wconf 91' lang='lat' dir='ltr'>caelorum</span> <span class='ocrx_word' id='word_1_385' title='bbox 1097 2626 1115 2641; x_wconf 87' lang='lat'>’&#39;</span> <span class='ocrx_word' id='word_1_386' title='bbox 1147 2625 1424 2679; x_wconf 85' lang='lat' dir='ltr'>significatur</span> <span class='ocrx_word' id='word_1_387' title='bbox 1459 2627 1736 2668; x_wconf 89' lang='lat' dir='ltr'>intromissio</span> <span class='ocrx_word' id='word_1_388' title='bbox 1769 2627 1815 2669; x_wconf 89' lang='lat' dir='ltr'>in</span> 
     </span>
     <span class='ocr_line' id='line_1_44' title="bbox 333 2687 1917 2740; baseline 0.001 -11"><span class='ocrx_word' id='word_1_389' title='bbox 333 2688 508 2729; x_wconf 89' lang='lat' dir='ltr'>caelum</span> <span class='ocrx_word' id='word_1_390' title='bbox 531 2687 736 2728; x_wconf 89' lang='lat' dir='ltr'>omnibus</span> <span class='ocrx_word' id='word_1_391' title='bbox 759 2687 845 2727; x_wconf 90' lang='lat' dir='ltr'>illis</span> <span class='ocrx_word' id='word_1_392' title='bbox 870 2688 943 2740; x_wconf 87' lang='lat' dir='ltr'>qui</span> <span class='ocrx_word' id='word_1_393' title='bbox 969 2688 1013 2728; x_wconf 90' lang='lat' dir='ltr'>in</span> <span class='ocrx_word' id='word_1_394' title='bbox 1039 2689 1155 2729; x_wconf 89' lang='lat' dir='ltr'>veris</span> <span class='ocrx_word' id='word_1_395' title='bbox 1177 2702 1236 2729; x_wconf 85' lang='lat' dir='ltr'>ex</span> <span class='ocrx_word' id='word_1_396' title='bbox 1263 2689 1383 2729; x_wconf 91' lang='lat' dir='ltr'>bono</span> <span class='ocrx_word' id='word_1_397' title='bbox 1409 2702 1435 2729; x_wconf 92' lang='lat' dir='ltr'>a</span> <span class='ocrx_word' id='word_1_398' title='bbox 1462 2688 1659 2730; x_wconf 89' lang='lat' dir='ltr'>Domino</span> <span class='ocrx_word' id='word_1_399' title='bbox 1680 2694 1812 2731; x_wconf 83' lang='lat' dir='ltr'>sunt:</span> <span class='ocrx_word' id='word_1_400' title='bbox 1910 2687 1917 2702; x_wconf 51' lang='lat'>⁹</span> 
     </span>
     <span class='ocr_line' id='line_1_45' title="bbox 337 2749 1813 2807; baseline 0.002 -17"><span class='ocrx_word' id='word_1_401' title='bbox 337 2750 582 2804; x_wconf 85' lang='lat' dir='ltr'>“quicquid</span> <span class='ocrx_word' id='word_1_402' title='bbox 605 2749 814 2803; x_wconf 88' lang='lat' dir='ltr'>ligaveris</span> <span class='ocrx_word' id='word_1_403' title='bbox 839 2750 883 2790; x_wconf 88' lang='lat' dir='ltr'>in</span> <span class='ocrx_word' id='word_1_404' title='bbox 909 2756 1028 2791; x_wconf 88' lang='lat' dir='ltr'>terra</span> <span class='ocrx_word' id='word_1_405' title='bbox 1050 2752 1133 2792; x_wconf 90' lang='lat' dir='ltr'>erit</span> <span class='ocrx_word' id='word_1_406' title='bbox 1161 2750 1352 2803; x_wconf 89' lang='lat' dir='ltr'>ligatum</span> <span class='ocrx_word' id='word_1_407' title='bbox 1378 2752 1422 2792; x_wconf 91' lang='lat' dir='ltr'>in</span> <span class='ocrx_word' id='word_1_408' title='bbox 1444 2751 1594 2800; x_wconf 89' lang='lat' dir='ltr'>caelis,</span> <span class='ocrx_word' id='word_1_409' title='bbox 1617 2758 1664 2793; x_wconf 87' lang='lat' dir='ltr'>et</span> <span class='ocrx_word' id='word_1_410' title='bbox 1690 2753 1813 2807; x_wconf 90' lang='lat' dir='ltr'>quic-</span> 
     </span>
     <span class='ocr_line' id='line_1_46' title="bbox 333 2812 1973 2873; baseline 0.001 -19"><span class='ocrx_word' id='word_1_411' title='bbox 333 2813 438 2867; x_wconf 90' lang='lat' dir='ltr'>quid</span> <span class='ocrx_word' id='word_1_412' title='bbox 455 2812 642 2853; x_wconf 86' lang='lat' dir='ltr'>solveris</span> <span class='ocrx_word' id='word_1_413' title='bbox 664 2813 707 2853; x_wconf 92' lang='lat' dir='ltr'>in</span> <span class='ocrx_word' id='word_1_414' title='bbox 731 2819 850 2853; x_wconf 89' lang='lat' dir='ltr'>terra</span> <span class='ocrx_word' id='word_1_415' title='bbox 867 2813 951 2853; x_wconf 87' lang='lat' dir='ltr'>erit</span> <span class='ocrx_word' id='word_1_416' title='bbox 969 2812 1168 2854; x_wconf 90' lang='lat' dir='ltr'>solutum</span> <span class='ocrx_word' id='word_1_417' title='bbox 1189 2814 1234 2854; x_wconf 90' lang='lat' dir='ltr'>in</span> <span class='ocrx_word' id='word_1_418' title='bbox 1257 2813 1434 2862; x_wconf 87' lang='lat' dir='ltr'>caelis,&#39;&#39;</span> <span class='ocrx_word' id='word_1_419' title='bbox 1451 2813 1675 2867; x_wconf 88' lang='lat' dir='ltr'>significat</span> <span class='ocrx_word' id='word_1_420' title='bbox 1693 2814 1814 2868; x_wconf 91' lang='lat' dir='ltr'>quod</span> <span class='ocrx_word' id='word_1_421' title='bbox 1919 2848 1973 2873; x_wconf 38' lang='lat'>3·</span> 
     </span>
     <span class='ocr_line' id='line_1_47' title="bbox 333 2874 1862 2929; baseline 0 -14"><span class='ocrx_word' id='word_1_422' title='bbox 333 2890 360 2916; x_wconf 93' lang='lat' dir='ltr'>a</span> <span class='ocrx_word' id='word_1_423' title='bbox 392 2876 588 2916; x_wconf 91' lang='lat' dir='ltr'>Domino</span> <span class='ocrx_word' id='word_1_424' title='bbox 614 2874 788 2916; x_wconf 80' lang='lat' dir='ltr'>caelum</span> <span class='ocrx_word' id='word_1_425' title='bbox 815 2876 1040 2928; x_wconf 88' lang='lat' dir='ltr'>aperiatur</span> <span class='ocrx_word' id='word_1_426' title='bbox 1070 2875 1157 2916; x_wconf 90' lang='lat' dir='ltr'>illis</span> <span class='ocrx_word' id='word_1_427' title='bbox 1189 2876 1262 2929; x_wconf 89' lang='lat' dir='ltr'>qui</span> <span class='ocrx_word' id='word_1_428' title='bbox 1293 2877 1337 2916; x_wconf 89' lang='lat' dir='ltr'>in</span> <span class='ocrx_word' id='word_1_429' title='bbox 1369 2877 1483 2917; x_wconf 90' lang='lat' dir='ltr'>veris</span> <span class='ocrx_word' id='word_1_430' title='bbox 1514 2890 1574 2917; x_wconf 89' lang='lat' dir='ltr'>ex</span> <span class='ocrx_word' id='word_1_431' title='bbox 1605 2876 1726 2917; x_wconf 91' lang='lat' dir='ltr'>bono</span> <span class='ocrx_word' id='word_1_432' title='bbox 1755 2876 1814 2917; x_wconf 87' lang='lat' dir='ltr'>ab</span> <span class='ocrx_word' id='word_1_433' title='bbox 1857 2878 1862 2884; x_wconf 82' lang='grc'><em>’</em></span> 
     </span>
     <span class='ocr_line' id='line_1_48' title="bbox 335 2935 1956 2991; baseline 0.001 -13"><span class='ocrx_word' id='word_1_434' title='bbox 335 2938 440 2991; x_wconf 89' lang='lat' dir='ltr'>Ipso</span> <span class='ocrx_word' id='word_1_435' title='bbox 471 2944 589 2986; x_wconf 90' lang='lat' dir='ltr'>sunt,</span> <span class='ocrx_word' id='word_1_436' title='bbox 623 2944 670 2978; x_wconf 91' lang='lat' dir='ltr'>et</span> <span class='ocrx_word' id='word_1_437' title='bbox 706 2937 825 2991; x_wconf 90' lang='lat' dir='ltr'>quod</span> <span class='ocrx_word' id='word_1_438' title='bbox 863 2935 1102 2978; x_wconf 81' lang='lat' dir='ltr'>&#39;claudatur</span> <span class='ocrx_word' id='word_1_439' title='bbox 1138 2937 1225 2978; x_wconf 89' lang='lat' dir='ltr'>illis</span> <span class='ocrx_word' id='word_1_440' title='bbox 1262 2939 1335 2991; x_wconf 91' lang='lat' dir='ltr'>qui</span> <span class='ocrx_word' id='word_1_441' title='bbox 1376 2952 1466 2979; x_wconf 92' lang='lat' dir='ltr'>non</span> <span class='ocrx_word' id='word_1_442' title='bbox 1504 2945 1621 2980; x_wconf 91' lang='lat' dir='ltr'>sunt.</span> <span class='ocrx_word' id='word_1_443' title='bbox 1684 2938 1811 2980; x_wconf 88' lang='lat' dir='ltr'>Haec</span> <span class='ocrx_word' id='word_1_444' title='bbox 1952 2939 1956 2947; x_wconf 76' lang='grc'><strong>“</strong></span> 
     </span>
    </p>
   </div>
   <div class='ocr_carea' id='block_1_6' title="bbox 333 2999 1811 3055">
    <p class='ocr_par' dir='ltr' id='par_1_6' title="bbox 333 2999 1811 3055">
     <span class='ocr_line' id='line_1_49' title="bbox 333 2999 1811 3055; baseline 0.001 -15"><span class='ocrx_word' id='word_1_445' title='bbox 333 2999 452 3041; x_wconf 67' lang='lat' dir='ltr'>dicta</span> <span class='ocrx_word' id='word_1_446' title='bbox 478 3007 581 3041; x_wconf 88' lang='lat' dir='ltr'>sunt</span> <span class='ocrx_word' id='word_1_447' title='bbox 611 3000 667 3041; x_wconf 90' lang='lat' dir='ltr'>ad</span> <span class='ocrx_word' id='word_1_448' title='bbox 700 3000 894 3049; x_wconf 87' lang='lat' dir='ltr'>Petrum,</span> <span class='ocrx_word' id='word_1_449' title='bbox 923 3000 1002 3041; x_wconf 93' lang='lat' dir='ltr'>sed</span> <span class='ocrx_word' id='word_1_450' title='bbox 1029 3001 1130 3054; x_wconf 91' lang='lat' dir='ltr'>quia</span> <span class='ocrx_word' id='word_1_451' title='bbox 1155 3013 1234 3054; x_wconf 90' lang='lat' dir='ltr'>per</span> <span class='ocrx_word' id='word_1_452' title='bbox 1263 3005 1286 3021; x_wconf 81' lang='lat'>‘⁴</span> <span class='ocrx_word' id='word_1_453' title='bbox 1304 3000 1484 3042; x_wconf 86' lang='lat' dir='ltr'>Petrum</span> <span class='ocrx_word' id='word_1_454' title='bbox 1497 3000 1516 3016; x_wconf 88' lang='lat'><strong>”</strong></span> <span class='ocrx_word' id='word_1_455' title='bbox 1541 3000 1811 3055; x_wconf 87' lang='lat' dir='ltr'>intelligitur</span> 
     </span>
    </p>
   </div>
  </div>
 </body>
</html>
