2054 3464
420 359 532 412 2164
642 341 645 345 r
832 367 1163 401 APOCALYPSIS
1194 368 1491 402 EXPLICATA.

419 484 445 500 “
459 479 633 530 Ultor,”
654 484 678 501 “
693 480 912 529 Zelotes,'’
933 484 958 501 ‘¹
972 481 1204 530 irascens,'‘
1224 485 1249 502 “
1265 482 1604 523 excandescens
1620 481 1653 532 ;’'
1669 494 1782 536 quae
1798 481 1898 527 loca

417 542 557 583 Verbi
589 544 649 583 sic
682 543 932 591 falsificant,
966 556 1069 584 nam
1101 544 1208 584 talia
1239 544 1448 585 dicuntur
1477 544 1521 584 in
1553 557 1685 584 sensu
1721 543 1898 588 litterae

417 604 556 645 Verbi
601 606 845 645 secundum
891 606 1200 658 apparentias:
1233 607 1412 659 quando
1456 607 1574 647 enim
1617 607 1754 648 homo
1795 613 1898 660 post

417 673 622 715 mortem,
651 668 754 707 dum
788 667 836 708 fit
868 669 1059 720 spiritus,
1087 669 1130 708 in
1160 668 1287 709 malis
1323 675 1391 708 est
1423 681 1501 720 per
1525 668 1666 708 vitam
1697 681 1822 710 suam
1853 668 1898 711 in

416 729 596 777 mundo,
622 736 727 770 tune
754 731 916 770 avertit
938 744 985 771 se
1007 744 1033 770 a
1055 730 1275 778 Domino;
1309 737 1353 771 et
1376 743 1476 771 cum
1498 730 1555 771 ab
1578 731 1681 783 Ipso
1702 744 1750 772 se
1772 744 1898 772 aver-

415 792 485 839 tit,
519 798 564 832 et
598 788 747 844 Ipsum
776 798 927 845 negat,
962 806 1050 833 non
1083 793 1272 845 amplius
1303 800 1456 846 potest
1492 794 1536 833 in
1575 792 1720 834 tutela
1755 793 1897 846 Ipsius

416 867 512 893 esse
539 855 641 906 quin
669 854 834 894 malum
861 854 951 907 ejus
977 855 1100 895 illum
1125 856 1292 907 puniat,
1321 869 1422 895 nam
1455 855 1575 896 malo
1605 856 1722 896 inest
1753 862 1898 908 poena

417 915 535 963 mali,
569 917 682 957 sicut
714 917 834 957 bono
865 918 980 958 inest
1013 931 1183 958 merces
1213 918 1344 967 boni;
1382 925 1427 959 et
1460 919 1560 971 quia
1591 918 1762 970 punitio
1794 916 1898 960 mali

415 991 441 1017 a
478 977 610 1026 malo,
644 979 727 1019 hoc
766 986 848 1027 est,
881 993 907 1019 a
947 979 1088 1028 malis,
1130 987 1315 1033 apparet
1356 981 1468 1020 sicut
1508 980 1622 1020 soret
1663 980 1834 1032 punitio
1872 993 1898 1021 a

416 1039 593 1089 Divino,
618 1041 719 1081 ideo
744 1056 802 1082 ex
830 1043 1091 1094 apparentia
1116 1042 1192 1083 illa
1213 1043 1374 1082 dicitur
1394 1043 1436 1082 in
1460 1042 1614 1083 Verbo
1639 1042 1694 1083 de
1718 1042 1897 1092 Divino,

418 1104 537 1156 quod
558 1104 847 1153 “irascatur‚’'
868 1109 892 1125 ‘⁶
907 1104 1218 1154 condemnet,’‘
1239 1104 1484 1157 “conjiciat
1510 1106 1554 1145 in
1579 1104 1835 1154 infernum‚'’
1851 1111 1898 1147 et

418 1165 587 1205 similia.
636 1165 768 1218 Quod
787 1173 938 1207 tamen
959 1167 1176 1207 Dominus
1194 1166 1364 1207 nullum
1381 1167 1653 1208 condemnet
1668 1173 1714 1208 et
1728 1167 1896 1220 puniat,

416 1225 625 1266 videatur
642 1227 684 1266 in
704 1241 839 1279 opere
853 1228 920 1267 De
939 1227 1069 1269 Caelo
1083 1234 1125 1267 et
1139 1227 1321 1279 Inferna
1335 1237 1380 1275 (n.
1397 1244 1465 1275 545.
1480 1237 1567 1275 550),
1585 1227 1659 1267 ubi
1676 1222 1825 1280 agitur
1840 1227 1898 1268 de

418 1300 485 1333 e0,
504 1285 636 1338 Quod
661 1287 880 1328 Dominus
903 1289 1125 1328 neminem
1149 1289 1191 1328 in
1219 1288 1444 1328 Infernum
1467 1287 1657 1340 dejiciat,
1677 1287 1756 1328 sed
1779 1287 1896 1342 quod

415 1349 508 1401 ipse
532 1348 720 1401 Spiritus
742 1357 897 1390 semet.
947 1350 1020 1390 Ex
1044 1351 1111 1390 his
1134 1357 1340 1391 constare
1359 1356 1511 1402 potest
1529 1349 1755 1403 quomodo
1775 1349 1896 1391 blas-

416 1411 653 1463 phematur
669 1412 878 1452 Divinum
894 1427 970 1465 per
985 1411 1339 1453 falsificationem
1354 1412 1492 1452 Verbi
1509 1426 1518 1462 ;
1543 1412 1767 1464 cogitatur
1780 1412 1894 1454 enim

416 1473 534 1525 quod
558 1473 679 1513 Deus
702 1474 848 1527 aliquo
871 1473 1073 1528 respectu
1099 1476 1155 1515 sit
1173 1474 1354 1523 vindex,
1374 1474 1506 1522 ultor,
1526 1474 1644 1527 quod
1666 1474 1896 1523 irascatur,

416 1535 623 1588 conjiciat
655 1537 697 1576 in
730 1537 960 1585 infernum,
990 1538 1158 1590 puniat,
1186 1549 1286 1577 cum
1312 1543 1464 1577 tamen
1490 1535 1657 1576 malum
1678 1549 1726 1576 se
1751 1536 1896 1589 ipsum

416 1598 556 1649 punit,
583 1598 646 1638 ita
671 1598 901 1647 infernum,
926 1613 951 1640 a
977 1613 1064 1652 quo
1086 1598 1267 1648 malum,
1295 1605 1340 1639 et
1367 1612 1457 1639 non
1485 1598 1708 1638 Divinum.
1769 1597 1892 1638 Blas-

416 1659 653 1711 phematur
679 1661 887 1701 Divinum
915 1676 992 1714 per
1018 1661 1372 1703 falsificationem
1396 1661 1550 1710 Verbi,
1575 1661 1711 1702 etiam
1738 1673 1816 1714 per
1834 1661 1895 1710 id,

415 1723 534 1775 quod
557 1724 742 1764 credant
769 1731 814 1764 et
841 1726 1044 1777 cogitent
1071 1725 1190 1778 quod
1218 1725 1339 1765 Deus
1367 1724 1499 1765 Pater
1523 1723 1713 1765 voluerit
1738 1737 1895 1766 recon-

402 1785 551 1826 ciliari
587 1787 782 1827 humano
819 1789 971 1840 generi
1012 1801 1090 1840 per
1129 1801 1320 1840 poenam
1357 1787 1541 1828 ultimae
1579 1786 1894 1835 damnationis,

416 1862 529 1901 quae
556 1856 650 1889 erat
683 1850 1015 1901 passiocrucis,
1044 1856 1088 1891 et
1115 1851 1176 1890 sic
1209 1863 1286 1903 per
1317 1851 1581 1902 sanguinem
1614 1848 1712 1889 Filii
1743 1848 1822 1898 sui,
1849 1854 1896 1889 et

416 1911 534 1963 quod
567 1925 643 1964 per
666 1912 708 1952 id
741 1918 994 1953 commotus
1026 1913 1082 1953 sit
1114 1918 1159 1953 et
1191 1917 1530 1952 commoveatur
1560 1910 1617 1952 ad
1648 1911 1897 1952 misericor-

416 1974 548 2013 diam.
610 1973 720 2026 Quis
744 1987 846 2022 non,
867 1975 934 2014 cui
958 1973 1214 2015 intelleffitus
1240 1974 1489 2014 illustratus
1515 1980 1598 2022 est,
1622 1973 1759 2021 videt,
1777 1973 1897 2026 quod

416 2036 550 2076 etiam
568 2035 652 2076 hoc
672 2042 829 2076 contra
848 2036 1058 2076 Divinum
1076 2037 1146 2085 sit,
1167 2042 1213 2077 et
1236 2042 1564 2089 consequenter
1581 2041 1739 2076 contra
1755 2047 1897 2088 genu-

414 2098 535 2138 inum
562 2098 731 2138 Verum
759 2098 927 2139 Verbi?
988 2099 1104 2139 Nam
1131 2099 1250 2152 quod
1277 2105 1436 2139 contra
1461 2098 1671 2138 Divinum
1702 2103 1786 2154 est,
1807 2096 1896 2143 hoc

414 2159 692 2212 blasphemia
715 2167 809 2210 est;
843 2161 946 2200 inde
969 2174 1144 2214 quoque
1167 2161 1342 2201 trahere
1361 2173 1540 2200 sensum
1563 2158 1740 2200 litterae
1758 2157 1898 2214 Verbi

415 2222 471 2262 ad
494 2222 846 2262 confirmandum
879 2223 1002 2272 illud,
1029 2223 1307 2276 blasphemia
1338 2229 1421 2263 est.
1482 2221 1571 2262 Sed
1589 2221 1644 2262 de
1675 2221 1759 2263 hac
1781 2234 1828 2262 re
1853 2221 1897 2262 in

415 2286 702 2339 sequentibus
730 2285 866 2338 plura.

498 2345 581 2399 [b.]
611 2345 730 2398 Quid
757 2347 909 2398 itaque
932 2345 1159 2399 significat
1179 2343 1544 2398 “blasphemia,’'
1562 2349 1774 2384 constare
1790 2348 1896 2397 pot-

416 2413 484 2448 est
516 2421 574 2447 ex
612 2406 722 2447 locis
757 2408 800 2447 in
832 2407 986 2447 Verbo
1022 2407 1095 2447 ubi
1127 2407 1300 2454 dicitur,
1334 2420 1392 2446 ex
1424 2405 1581 2458 quibus
1616 2405 1726 2445 haec
1762 2404 1898 2445 modo

415 2470 458 2511 in
485 2470 680 2510 medium
707 2469 812 2512 licet
844 2469 998 2510 afferre
1015 2468 1223 2522 z-Apud
1247 2468 1580 2521 Evangelistas,

492 2559 597 2601 Jesus
613 2560 710 2596 dixit,
726 2559 870 2590 “Omne
887 2564 1068 2598 peccatum
1086 2563 1122 2588 et
1137 2557 1358 2596 blasphemia
1374 2556 1572 2588 remittetur
1586 2555 1734 2594 homini,
1748 2555 1897 2596 Spiritus

589 2613 674 2634 vero
698 2603 919 2642 blasphemia
939 2612 1010 2632 non
1032 2601 1227 2632 remittetur
1242 2600 1465 2632 hominibus:
1491 2600 1600 2630 immo
1625 2600 1654 2630 si
1674 2599 1751 2640 quis
1770 2599 1899 2631 dixerit

588 2647 734 2677 verbum
745 2654 867 2676 contra
880 2645 1005 2676 Filium
1017 2644 1182 2681 hominis,
1195 2644 1391 2674 remittetur
1402 2643 1465 2680 illi;
1479 2643 1630 2683 quivero
1641 2642 1766 2674 dixerit
1774 2647 1899 2674 contra

589 2689 755 2730 Spiritum
780 2687 951 2725 sanctum,
970 2698 1041 2718 non
1062 2687 1259 2718 remittetur
1274 2687 1334 2724 illi,
1352 2696 1465 2727 neque
1483 2686 1518 2717 in
1538 2686 1604 2718 hoc
1624 2685 1766 2717 saeculo
1783 2694 1896 2726 neque

588 2733 624 2764 in
642 2732 788 2763 futuro’'
805 2732 946 2769 (Matth.
965 2732 1021 2762 xii.
1041 2739 1091 2769 31,
1109 2730 1176 2770 32);

482 2777 503 2791 ‘¹
515 2776 602 2808 Dico
615 2776 723 2807 vobis·
734 2776 826 2815 quod
844 2776 965 2806 omnia
982 2780 1125 2814 peccata
1141 2773 1364 2804 remittentur
1376 2772 1456 2804 filiis
1472 2772 1628 2804 hominis
1642 2781 1665 2810 ;.
1680 2796 1687 2804 .
1701 2795 1708 2803 .
1723 2771 1894 2812 ‚quisquis

589 2826 707 2850 autem
727 2818 1025 2859 blasphemaverit
1045 2818 1079 2848 in
1100 2817 1283 2857 Spiritum.
1298 2841 1320 2854 .,
1342 2826 1414 2846 non
1431 2816 1574 2847 habebit
1591 2815 1835 2847 remissionem
1859 2814 1896 2846 in

589 2869 782 2899 aeternum,
797 2863 858 2893 sed
876 2872 955 2892 reus
972 2861 1037 2892 erit
1053 2860 1187 2892 aeterni
1203 2859 1351 2900 judicii’'
1368 2859 1490 2897 (Marc.
1509 2858 1554 2891 iii.
1572 2859 1622 2897 28,
1637 2858 1712 2898 29);

482 2907 501 2921 “
511 2906 654 2938 Omnis.
669 2906 741 2947 .qui
765 2906 890 2942 dixerit
910 2906 1055 2936 verbum
1077 2909 1199 2935 contra
1217 2902 1340 2934 Filium
1365 2902 1530 2937 hominis.
1550 2902 1747 2933 remittetur
1767 2900 1839 2936 illi:
1862 2900 1896 2931 ei

589 2959 682 2987 vero,
701 2950 758 2990 qui
779 2949 945 2990 Spiritum
966 2946 1127 2979 sanctum
1145 2946 1452 2987 blasphemaverit,
1471 2955 1542 2976 non
1563 2943 1786 2977 remittetur”
1799 2943 1895 2984 (Luc.

588 2993 645 3025 xii.
666 2993 730 3033 1o):
