2054 3464
83 649 145 689 *a*

186 675 308 732 apud
327 674 626 724 Matthaeum,

90 743 137 795 υἷι,

554 360 660 393 CAP.
683 360 808 402 xm„
831 359 970 393 VERs.
995 359 1144 404 3.—N.
1168 349 1336 405 785[b].
1563 347 1685 403 ‘2191

90 467 101 516 ἶ
190 473 312 530 apud
333 471 600 523 Johannem‚

254 549 274 566 ‘⁸
286 549 330 582 In
346 549 414 582 hoc
430 533 720 592 glorificatus'est
738 548 845 580 Pater
863 558 976 587 meus,
993 554 1032 581 ut
1055 546 1211 581 fructum
1235 548 1386 580 multum
1404 547 1538 587 feratis,
1558 553 1594 580 et
1613 547 1691 580 red-

363 593 499 626 damini
515 593 679 634 discipuli
690 593 762 624 mei
773 592 791 604 ”
811 592 882 633 (xv.
898 600 926 632 7,
939 592 993 633 8);

252 750 502 834 “Auferetur''
521 750 564 783 iis
574 751 604 835 >⁸¹
617 725 767 792 regnum
802 749 881 789 Dei,
905 755 942 782 et
965 750 1108 782 dabitur
1130 750 1230 791 genti
1254 749 1398 782 facienti
1422 747 1558 782 fructus
1581 749 1660 792 ejus
1671 749 1690 762 ”

377 804 447 828 ¹¹¹·
463 803 572 835 40-43
601 804 609 834 ;

85 867 158 947 11’
188 879 310 936 apud
334 879 603 930 Jolzannem,

232 945 242 982 s
255 957 276 973 ‘⁴
287 956 372 1000 Qui.
387 956 487 989 .faeit
499 956 697 994 veritatem,
716 955 815 987 venit
831 954 874 987 ad
896 955 1022 994 lucem,
1036 960 1074 988 ut
1088 954 1365 987 manifestentur
1377 954 1455 996 ejus
1475 964 1593 996 opera,
1607 954 1691 996 quia

202 1003 204 1005 '
364 1000 402 1033 in
422 999 500 1033 Deo
519 998 615 1032 facta
634 999 747 1032 sunt'’
766 999 826 1040 (iii.
844 998 920 1040 21);

189 1075 312 1148 apud
333 1076 542 1126 eundem,

251 1153 418 1187 “scimus
435 1153 530 1195 quod
547 1158 752 1194 peccatores
778 1151 877 1184 Deus
901 1161 974 1183 non
999 1151 1132 1190 audiat,
1157 1151 1220 1183 sed
1244 1151 1274 1183 si
1294 1151 1373 1192 quis
1399 1150 1515 1183 Deum
1541 1150 1636 1190 colit,
1653 1156 1690 1183 et

360 1196 582 1230 voluntatem
602 1196 719 1238 Ipsius
738 1196 833 1234 facit,
851 1196 947 1228 hunc
965 1195 1086 1227 audiat
1097 1194 1115 1207 '’
1132 1194 1193 1236 (ix.
1218 1195 1295 1236 31);

76 1295 134 1341 ,15
187 1279 309 1336 apud
329 1279 625 1329 Matthaeum,

253 1356 478 1390 “Venturus.
493 1363 564 1390 ,est
588 1356 698 1389 Filius
714 1355 872 1388 hominis
890 1356 926 1387 in
946 1355 1062 1397 gloria
1079 1356 1196 1388 Patris
1216 1356 1272 1388 sui
1297 1365 1377 1388 cum
1397 1355 1535 1396 angelis
1552 1356 1636 1395 suis,
1654 1361 1690 1388 et

360 1406 446 1434 tunc
461 1401 584 1433 reddet
600 1401 788 1442 unicuique
809 1400 1004 1432 secundum
1023 1398 1121 1432 facta
1136 1399 1215 1441 eJ’us
1227 1399 1245 1412 '’
1265 1398 1351 1441 (xvi.
1370 1397 1461 1440 [¹127)
1476 1410 1484 1439 ;

187 1483 309 1540 apud
334 1484 604 1534 Johanmm,

254 1560 443 1594 “Exibunt
466 1562 525 1603 qui
551 1561 648 1593 bona
675 1560 847 1599 fecerunt,
869 1560 904 1592 in
930 1557 1228 1592 resurreffionem
1248 1559 1366 1599 vitae3
1399 1558 1458 1601 qui
1482 1568 1568 1599 vero
1595 1558 1691 1591 mala

361 1604 532 1644 fecerunt,
549 1605 585 1636 in
604 1602 904 1636 resurretftionem
920 1603 1042 1645 judicii
1054 1603 1072 1616 ’¹
1089 1603 1136 1644 (v.
1155 1604 1231 1644 29);

69 1663 137 1676 Τ
186 1664 234 1731 in
259 1686 550 1745 Apocalypsi,

254 1765 274 1781 ‘⁸
283 1764 442 1798 naturus
466 1773 545 1796 sum
562 1764 679 1802 vobis,
699 1764 888 1805 unicuique
907 1762 1102 1795 secundum
1120 1772 1231 1803 opera
1247 1761 1325 1803 ejus
1341 1771 1365 1800 ς.
1379 1787 1387 1795 .
1400 1786 1409 1795 .
1423 1762 1498 1804 .qui
1516 1762 1639 1794 vicerit
1655 1767 1692 1794 et

228 1814 229 1818 ’
308 1835 310 1837 ,
362 1809 560 1841 servaverit
575 1818 687 1849 usque
705 1807 750 1839 ad
766 1807 876 1838 finem
894 1817 1004 1848 opera
1020 1805 1130 1838 mea''
1147 1806 1196 1847 (ii.
1210 1814 1262 1846 23,
1277 1806 1352 1846 26);

254 1851 404 1894 “Opera
421 1851 564 1884 illorum
583 1857 778 1893 sequentur
794 1850 902 1883 illos''
918 1851 1001 1890 (xiv.
1022 1850 1095 1890 13):

206 1900 211 1909 '
254 1895 437 1939 “judicati
467 1901 552 1928 sunt
575 1895 707 1927 mortui
729 1895 832 1936 juxta
854 1904 897 1926 ea
920 1904 1010 1936 quae
1034 1894 1168 1935 scripta
1191 1899 1275 1925 sunt
1298 1893 1334 1925 in
1359 1893 1469 1931 libris,
1493 1893 1689 1925 secundum

362 1948 473 1981 opera
485 1944 609 1971 eorum
624 1938 670 1976 ;”.
685 1963 692 1971 .
705 1964 713 1971 .
728 1945 779 1971 ,et
793 1938 923 1970 mortui
937 1938 1110 1979 “judicati
1123 1943 1207 1969 sunt
1225 1947 1353 1969 omnes
1367 1937 1563 1969 secundum
1580 1947 1691 1978 opera

363 1982 505 2016 illorum
516 1982 535 1995 '¹
552 1980 658 2023 (1²lxx.
678 1991 728 2021 12,
748 1983 802 2022 13)
815 1987 836 2020 ;'

255 2026 378 2060 “Ecce
393 2027 502 2059 venio
522 2026 603 2065 cito,
622 2033 659 2058 et
683 2035 818 2058 merces
836 2035 917 2057 mea
937 2024 1091 2064 Mecum,
1111 2030 1151 2057 ut
1173 2024 1255 2056 dem
1279 2024 1472 2066 unicuique
1494 2024 1689 2056 secundum

362 2080 454 2112 opus
472 2070 551 2111 ejus
561 2069 579 2082 ”
599 2070 695 2109 (xxii.
715 2070 791 2110 12);

255 2114 388 2148 “Beati
404 2114 464 2156 qui
479 2114 615 2146 faciunt
627 2114 797 2146 mandata
817 2113 934 2154 Ipsius
945 2111 965 2125 ‘’
981 2111 1077 2152 (xxii.
1097 2111 1150 2152 14)
1164 2121 1172 2151 ;

256 2158 356 2192 Dixit
371 2157 502 2199 angelo
527 2157 730 2199 Ephesinae
757 2157 947 2194 Ecclesiae,
965 2157 984 2171 ‘⁶
999 2156 1128 2188 Habeo
1151 2156 1281 2188 contra'
1300 2161 1346 2194 te,
1363 2155 1458 2197 quod
1481 2155 1690 2187 charitatem

365 2202 520 2244 priorem
538 2201 725 2243 reliqueris
742 2211 749 2238 ;
774 2201 975 2233 recordare.
990 2200 1100 2232 .unde
1124 2199 1310 2238 excideris,
1321 2224 1329 2231 .
1343 2223 1351 2232 .
1365 2209 1422 2232 ‚ac
1438 2199 1558 2240 priora
1581 2209 1692 2240 opera

366 2246 444 2284 fam
468 2245 524 2278 sin
541 2255 644 2277 vero.
659 2270 666 2277 .
680 2270 688 2277 .
703 2244 737 2278 .''
755 2251 821 2277 etc.
841 2244 889 2285 (ii.
906 2253 937 2283 4,
957 2244 988 2284 5)
1003 2253 1010 2280 :

257 2287 402 2324 Dictum
422 2295 477 2322 est
500 2289 630 2330 angelo
656 2289 836 2321 Ecclesiae
860 2288 1149 2329 Smyrnaeorum,
1168 2286 1293 2319 “Novi
1310 2296 1420 2328 opera
1438 2292 1500 2319 tua
1513 2285 1543 2325 ;''
1561 2286 1691 2327 angelo

367 2332 548 2366 Ecclesiae
565 2333 599 2364 in
621 2333 807 2373 Pergamo,
820 2334 838 2346 ‘⁸
850 2331 944 2364 Novi
961 2341 1070 2372 opera
1082 2337 1143 2363 tua
1156 2330 1185 2370 ;”
1202 2330 1333 2371 angelo
1352 2330 1530 2362 Ecclesiae
1547 2330 1583 2361 in
1595 2330 1692 2371 Thy-

364 2377 475 2415 atiris.
485 2378 504 2392 “
518 2376 612 2408 Novi
624 2386 734 2417 opera
747 2382 807 2408 tua
822 2375 852 2414 ;''
863 2375 994 2416 angelo
1010 2375 1189 2407 Ecclesiae
1203 2375 1238 2406 in
1253 2374 1432 2412 Sardibus,
1445 2375 1464 2388 “
1475 2373 1569 2405 Novi
1583 2384 1693 2414 opera

366 2427 428 2454 tua
441 2419 471 2460 ;”
484 2426 519 2453 et
537 2420 667 2461 angelo
686 2420 866 2452 Ecclesiae
883 2420 919 2451 in
937 2418 1192 2460 philadelphia,
1207 2419 1226 2433 ‘⁸
1237 2417 1331 2450 Novi
1348 2427 1458 2458 opera
1472 2423 1534 2449 tua
1545 2417 1563 2429 ’'
1577 2417 1691 2459 (Apoc.

365 2465 399 2498 ii.
411 2475 442 2506 9,
453 2461 542 2504 (³113,
559 2473 621 2505 19;
645 2474 722 2505 cap.
739 2464 787 2495 iii.
808 2472 836 2502 1,
854 2464 908 2504 8):

189 2569 368 2619 septem
409 2562 514 2604 illae
551 2562 786 2610 ecclesiae,
837 2560 995 2616 quales
1035 2566 1142 2602 sunt
1187 2565 1235 2602 et
1266 2558 1422 2614 quales
1467 2565 1612 2608 erunt,
1647 2559 1692 2599 in

189 2627 306 2670 binis
330 2626 418 2671 illis
440 2626 664 2681 capitibus
687 2639 747 2667 ex
768 2625 982 2679 operibus
1007 2630 1055 2666 et
1080 2623 1330 2665 secundum
1354 2636 1492 2677 opera
1513 2622 1692 2663 illarum

194 2689 496 2745 explorantur
517 2695 563 2731 et
584 2688 856 2742 judicantur.

273 2755 359 2811 [b.]
392 2755 543 2797 Docet
558 2756 700 2796 etiam
718 2754 941 2796 Dominus
957 2754 1080 2795 bona
1094 2766 1249 2807 opera,
1262 2758 1360 2794 tum
1375 2751 1526 2806 qualia
1541 2757 1691 2800 erunt,

190 2823 238 2860 et
259 2817 379 2872 quod
405 2817 509 2858 inde
530 2816 768 2858 beatitudo
790 2815 1018 2864 caelestis,
1042 2814 1161 2868 apud
1181 2813 1477 2862 Mamaeum,
1497 2814 1541 2854 in
1565 2813 1690 2866 capi-

191 2880 311 2922 tibus
328 2879 501 2934 quinto,
519 2885 671 2928 sexto,
690 2885 737 2921 et
755 2879 966 2933 septimo,
984 2892 1010 2919 a
1028 2877 1248 2932 principio
1270 2877 1327 2918 ad
1349 2875 1484 2917 finem
1509 2889 1663 2917 eorum
1680 2889 1689 2916 :

192 2949 291 2986 tum
307 2943 351 2984 in
370 2942 599 2984 Parabolis
614 2942 670 2983 de
695 2941 923 2996 Operariis
941 2941 985 2982 in
1004 2940 1166 2990 Vinea,
1187 2940 1243 2981 de
1266 2939 1453 2981 Colonis
1471 2945 1518 2980 et
1538 2937 1691 2979 Servis

190 3006 266 3058 ibi,
289 3005 345 3049 de
369 3004 762 3059 Negotiatoribus‚
787 3004 946 3059 quibus
973 3003 1110 3046 datae
1136 3009 1242 3044 sunt
1265 3001 1432 3051 Minae,
1456 3008 1503 3043 et
1526 3001 1687 3056 quibus
