2008 3458
365 365 474 417 2368
775 364 1106 407 APOCALYPSIS
1137 375 1435 408 EXPLICATA.

361 486 574 536 decoris‚''
601 501 710 540 quas
739 486 1059 541 Hierosolyma
1085 488 1253 530 induet.
1315 489 1452 543 Apud
1479 489 1660 539 Joelem,
1719 498 1721 501 “

426 576 630 618 “Jehovah.
646 587 679 608 .e
705 576 814 608 Zione
839 577 962 615 rugiet,
988 583 1022 608 et
1050 587 1094 608 ex
1119 576 1375 618 Hierosolyma
1398 579 1496 609 dabit
1519 587 1642 610 vocem
1668 587 1779 615 suam,
1803 582 1843 610 ut

532 620 808 651 contremiscant
825 621 912 651 caeli
930 627 964 651 et
984 627 1078 652 terra
1091 632 1114 653 :.
1129 646 1136 653 .
1151 646 1158 653 .
1172 627 1271 653 ‚tunc
1288 622 1511 661 cognoscetis
1529 622 1622 662 quod
1643 620 1718 661 Ego
1737 620 1843 662 Jeho-

532 663 832 695 vah...habitans
861 664 896 694 in
923 664 1042 702 Sione,
1067 670 1188 695 monte
1213 663 1412 696 sanetitatis
1437 675 1548 703 meae,
1573 665 1688 705 sitque
1714 663 1843 696 Hiero-

531 707 670 746 solyma
693 705 888 744 sandlitas;
922 717 986 738 nec
1010 707 1232 748 alienigenae
1257 708 1438 740 transituri
1467 718 1528 748 per
1556 717 1634 739 eam
1658 707 1811 748 amplius
1822 706 1842 720 '¹

493 752 495 755 ’
533 750 591 789 (iv.
612 748 670 791 [B.
687 751 732 782 A.
746 748 810 791 iii.]
832 750 880 788 16,
897 758 946 789 17,
962 751 1037 791 21),

357 832 475 885 apud
500 831 541 871 A
550 845 655 880 mos,

423 914 612 956 “Jehovah
629 925 648 946 e
665 915 775 947 Zione
793 916 917 956 rugiet,
935 921 970 948 et
986 926 1029 947 ex
1048 914 1300 958 Hierosolyma
1317 917 1413 948 dabit
1430 926 1553 948 vocem
1571 925 1672 947 suam
1685 914 1703 928 ”
1720 915 1754 956 (i.
1773 914 1824 956 2):

356 1027 435 1066 per
468 1014 651 1066 “rugire
665 1013 684 1029 ”
715 1020 762 1055 et
799 1028 878 1067 per
914 1016 1149 1068 “rugitum
1181 1015 1363 1064 leonis,''
1395 1028 1496 1056 cum
1527 1015 1583 1056 de
1617 1013 1838 1068 Jehovah,

356 1076 635 1129 significatur
666 1077 828 1118 ardens
860 1077 982 1118 zelus
1008 1078 1189 1118 tutandi
1220 1077 1394 1118 caelum
1426 1084 1473 1118 et
1505 1076 1759 1126 ecclesiam,
1786 1090 1838 1118 ac

355 1139 560 1180 salvandi
597 1139 698 1180 illos
730 1141 803 1193 qui
839 1140 898 1180 ibi
935 1146 1053 1189 sunt,
1087 1140 1207 1194 quod
1243 1139 1293 1181 fit
1330 1140 1607 1181 destruendo
1642 1139 1762 1184 mala
1792 1145 1840 1180 et

355 1201 480 1248 salsa,
510 1200 659 1255 fflquae
686 1203 923 1255 insurgunt
950 1216 1008 1243 ex
1035 1202 1221 1251 inferno,
1249 1216 1327 1256 per
1354 1203 1565 1243 Divinum
1591 1201 1761 1243 Verum
1793 1207 1840 1243 et

355 1261 452 1314 ejus
470 1263 726 1315 potentiam
746 1273 904 1312 (videatur
917 1282 1022 1311 supra,
1039 1283 1070 1303 n.
1086 1263 1239 1311 601[a])
1257 1278 1266 1314 ;
1293 1269 1339 1303 et
1362 1263 1465 1316 quia
1486 1276 1565 1316 per
1585 1261 1839 1303 “Sionem’'

355 1325 632 1378 significatur
655 1326 829 1367 caelum
853 1327 926 1367 ubi
954 1326 1174 1367 Dominus
1201 1341 1278 1380 per
1301 1327 1514 1366 Divinum
1536 1325 1707 1367 Verum
1733 1338 1838 1379 reg-

355 1395 448 1436 nat,
468 1395 513 1429 et
537 1403 615 1442 per
635 1393 659 1409 ·‘
676 1389 1044 1442 Hierosolymam
1057 1388 1076 1404 ”
1094 1388 1298 1430 doftrina
1316 1390 1434 1437 inde,
1455 1395 1665 1430 constare
1683 1394 1838 1442 potest

354 1452 458 1504 quid
485 1451 761 1504 significatur
787 1465 863 1505 per
889 1452 1008 1504 quod
1035 1451 1279 1504 “Jehovah
1307 1465 1330 1492 e
1357 1450 1491 1491 Sione
1517 1451 1680 1504 rugiet,
1704 1457 1751 1491 et
1777 1464 1838 1491 ex

355 1514 675 1566 Hierosolyma
706 1514 831 1554 dabit
862 1527 1022 1554 vocem
1054 1527 1180 1554 suam
1198 1513 1232 1554 :'’
1268 1514 1387 1567 quod
1426 1514 1646 1554 Dominus
1683 1513 1743 1554 ibi
1780 1514 1838 1554 sit

355 1577 428 1617 ubi
460 1590 538 1629 per
570 1577 782 1617 Divinum
814 1568 941 1616 suum
969 1576 1139 1617 Verum
1166 1583 1342 1629 regnat,
1372 1583 1467 1617 tam
1498 1575 1617 1629 apud
1649 1575 1838 1629 angelos

356 1639 468 1679 caeli
500 1652 634 1692 quarn
666 1639 783 1692 apud
810 1639 1016 1679 homines
1043 1638 1276 1687 ecclesiae,
1305 1638 1583 1692 significatur
1608 1651 1687 1691 per
1717 1638 1837 1691 quod

356 1705 381 1721 “
396 1700 696 1753 Cognoscetis
719 1702 838 1754 quod
863 1701 965 1754 Ego
985 1701 1190 1754 Jehovah
1213 1701 1423 1742 habitans
1446 1702 1490 1741 in
1513 1700 1662 1749 Sione,
1681 1706 1837 1741 monte

354 1761 609 1804 sanotitatis
642 1764 822 1804 meae:”
863 1764 982 1818 quod
1013 1764 1125 1804 falsa
1157 1764 1262 1804 mali
1294 1764 1417 1804 nulla
1452 1764 1526 1812 ibi,
1559 1762 1838 1816 significatur

355 1840 434 1879 per
458 1827 579 1880 quod
605 1826 923 1879 “alienigenae
947 1840 1036 1866 non
1060 1827 1292 1867 transituri
1316 1827 1406 1867 sint
1432 1840 1510 1880 per
1532 1839 1631 1867 eam
1649 1825 1685 1877 ;”
1717 1825 1836 1866 “ali-

353 1888 604 1942 enigenae”
636 1895 742 1930 sunt
767 1889 879 1929 salsa
905 1889 1023 1929 mali.
1085 1889 1223 1942 Apud
1249 1886 1452 1937 Esaiam,

419 1982 732 2067 “Diesgfindid‘tae
752 1983 920 2026 Jehovae,
941 1993 1055 2016 annus
1076 1984 1348 2015 retributionum
1369 1993 1433 2024 pro
1457 1984 1518 2015 lite
1537 1982 1687 2015 Zionis¹'
1706 1981 1837 2022 (xxxiv.

1115 2117 1134 2133 5)

349 2131 431 2171 per
459 2117 616 2158 “diem
643 2116 870 2159 vindi&ae
894 2117 1109 2171 Jehovae,
1161 2124 1207 2158 et
1239 2131 1317 2171 per
1346 2121 1550 2158 “annum
1576 2117 1835 2158 retributio-

354 2179 502 2228 num,’'
527 2179 805 2232 significatur
832 2180 1038 2220 ultimum
1064 2179 1291 2232 judicium,
1320 2185 1366 2220 et
1398 2179 1632 2220 damnatio
1658 2179 1836 2219 illorum

354 2243 428 2295 qui
465 2256 545 2295 per
580 2241 692 2282 falsa
729 2248 775 2282 et
814 2242 934 2282 mala
970 2242 1232 2283 desolarunt
1270 2242 1420 2282 omnia
1457 2255 1563 2282 vera
1599 2240 1834 2290 ecclesiae,

347 2305 478 2358 ’quod
505 2310 575 2344 est
605 2308 723 2357 “pro
750 2303 829 2344 lite
856 2304 1046 2344 Zionis.'‘
1105 2304 1242 2358 Apud
1267 2304 1499 2353 Davidem,

419 2400 437 2413 ‘¹
450 2398 610 2440 Jehovah
636 2396 706 2429 [²]in
735 2398 844 2430 Zione
868 2408 1029 2438 magnus,
1050 2405 1085 2430 et
1108 2399 1199 2430 altus
1225 2398 1289 2430 Ille
1310 2407 1416 2438 super
1435 2407 1559 2430 omnes
1579 2398 1729 2439 populos
1743 2407 1766 2437 ;.
1780 2422 1788 2431 .
1802 2421 1809 2430 .
1823 2422 1832 2431 .

527 2442 634 2473 robur
651 2442 760 2482 regis.
775 2466 782 2473 .
796 2466 803 2473 .
819 2466 825 2473 .
842 2441 860 2453 '¹
879 2441 952 2481 (Ps.
972 2442 1061 2473 xcix.
1081 2450 1110 2480 2,
1127 2442 1182 2481 4):

353 2536 411 2576 ibi
444 2535 551 2576 Sion
583 2541 773 2576 vocatur
807 2536 978 2576 “robur
1013 2535 1163 2588 regis’'
1195 2550 1254 2576 ex
1292 2536 1457 2577 Divino
1489 2535 1627 2585 Vero,
1661 2536 1731 2578 cui
1765 2542 1836 2579 est

353 2599 449 2652 ipsa
474 2599 694 2652 potentia.
757 2598 895 2651 Apud
921 2598 1128 2647 eundem,
1271 2587 1278 2596 '

417 2693 588 2735 Jehovah,
604 2693 686 2724 “Tu
700 2703 833 2733 surges,
850 2699 886 2725 et
902 2693 1125 2725 misereberis
1140 2693 1267 2731 Sionis,
1282 2694 1364 2734 quia
1377 2700 1517 2734 tempus
1534 2694 1578 2725 ad
1595 2694 1836 2725 miserandum

525 2747 603 2768 eam
617 2746 623 2774 ;
643 2746 725 2767 nam
740 2737 836 2767 venit
849 2743 988 2776 tempus
1003 2743 1171 2768 statutum
1188 2747 1194 2768 :
1217 2738 1298 2777 quia
1311 2738 1514 2768 desiderant
1527 2737 1620 2768 servi
1634 2738 1683 2768 tui
1700 2737 1836 2777 lapides

525 2780 613 2820 ejus,
631 2786 666 2811 et
687 2780 867 2820 pulverem
885 2780 962 2820 ejus
977 2780 1198 2818 miserantur,
1215 2786 1253 2811 ut
1273 2781 1420 2811 timeant
1440 2787 1565 2821 gentes
1583 2790 1714 2812 nomen
1730 2780 1837 2821 Jeho-

526 2833 602 2861 vae,
635 2830 670 2854 et
700 2833 826 2854 omnes
859 2833 961 2863 reges
993 2829 1106 2854 terrae
1138 2823 1287 2863 gloriam
1316 2830 1412 2854 tuam
1429 2833 1436 2860 ;
1472 2823 1566 2864 quod
1599 2823 1836 2855 aedificaverit

525 2866 685 2908 Jehovah
697 2866 854 2903 Zionem,
867 2873 902 2897 et
913 2867 1114 2906 apparuerit
1128 2866 1163 2897 in
1175 2867 1288 2906 gloria
1300 2876 1363 2897 sua
1377 2878 1383 2898 z
1402 2866 1668 2898 annuntiabitur
1680 2866 1715 2897 in
1729 2865 1835 2898 Sione

529 2919 661 2940 nomen
678 2909 845 2950 Jehovae,
859 2916 899 2940 et
919 2910 994 2940 laus
1013 2909 1128 2949 Ipsius
1149 2910 1184 2940 in
1205 2909 1466 2950 Hierosolyma,
1485 2910 1625 2950 quando
1642 2918 1836 2949 congrega·

525 2954 656 2983 buntur
669 2953 789 2992 populi
802 2963 882 2990 una,
895 2959 929 2984 et
943 2962 1053 2992 regna
1065 2953 1109 2983 ad
1124 2953 1347 2984 serviendum
1362 2952 1518 2994 Jehovae
1530 2952 1547 2964 ''
1560 2952 1632 2992 (Ps.
1649 2952 1702 2984 cii.
1719 2960 1822 2991 14-17

526 3004 578 3033 22,
597 3003 635 3034 23
655 2993 714 3036 [Β.
729 2997 773 3027 Α.
792 2996 905 3035 13-16,
924 3004 975 3034 21,
990 2993 1082 3036 22]):
