2098 3476
634 374 741 409 CAP.
764 374 866 416 κη,
889 373 1027 407 vssRs.
1047 372 1196 418 4.—N.
1218 362 1385 418 721[b].
1646 363 1751 418 1983

438 487 558 522 medio
584 487 721 520 dierum
750 496 896 519 suorum
924 486 1056 519 deserit
1083 485 1174 524 illas,
1204 490 1240 517 et
1267 485 1303 517 in
1332 484 1577 526 postremitate
1605 494 1669 516 sua
1696 484 1756 516 fiet

438 532 568 565 stultus
578 531 597 544 ”
613 530 709 572 (xvii.
729 531 800 571 11):
1733 547 1737 553 .

267 634 348 677 per
379 618 675 674 “perdicem”
706 617 1021 672 intelliguntur
1051 617 1124 671 qui
1160 616 1288 670 plura
1323 630 1382 657 ex
1414 615 1570 657 Verbo
1609 621 1655 656 et
1695 628 1754 656 ex

267 681 481 726 doetrinis
518 682 736 724 ecclesiae
773 681 965 730 discunt,
1000 681 1079 722 sed
1116 693 1207 721 non
1245 685 1429 732 propter
1465 692 1570 719 usus
1604 678 1754 728 vitae3

250 745 499 801 ''⁴‘parere”
523 751 593 787 est
619 758 723 786 usus
754 744 913 792 facere,
942 744 1005 784 ita
1029 743 1195 791 vivere,
1223 748 1270 783 et
1301 743 1363 783 sic
1389 741 1645 782 reformari:
1679 753 1757 793 per

250 807 518 853 ’“divitias”
539 822 649 862 quas
671 820 760 849 non
788 820 889 848 cum
910 806 1076 860 judicio
1101 805 1220 854 facit,
1245 804 1554 858 significantur
1575 804 1756 844 divitiae

251 870 535 927 spirituales,
568 884 682 925 quae
714 876 819 911 sunt
851 869 1135 922 cognitiones
1166 868 1257 909 veri
1289 874 1335 909 et
1366 867 1501 917 boni;
1544 857 1643 907 illas
1674 865 1756 906 sibi

267 947 530 988 comparare
557 946 647 974 non
672 938 857 987 propter
882 945 986 972 usus
1011 932 1132 972 vitae
1158 936 1227 972 est
1252 930 1437 971 “facere
1463 929 1639 970 divitias
1666 942 1756 969 non

253 1009 371 1049 ,cum
393 996 557 1050 judicio
572 996 605 1037 :”
637 996 758 1050 quod
781 995 1066 1048 cognitiones
1089 993 1207 1042 illae,
1233 1007 1345 1047 quae
1372 1006 1462 1033 non
1487 990 1630 1033 sac‘tae
1653 998 1756 1032 sunt

265 1059 401 1109 vitae,
440 1065 642 1113 pereant,
682 1057 959 1111 significatur
996 1071 1076 1110 per
1111 1055 1231 1110 quod
1274 1056 1356 1096 “in
1396 1054 1546 1095 medio
1586 1054 1756 1095 dierum

266 1134 448 1164 suorum
476 1122 656 1163 deseret
688 1121 786 1162 illas
803 1120 837 1162 :’'
868 1120 988 1174 quod
1021 1119 1208 1160 tandem
1238 1118 1324 1159 illis
1357 1131 1446 1159 non
1478 1118 1568 1158 sint
1600 1117 1756 1170 cogni-

251 1179 414 1227 'tiones
430 1185 522 1226 veri
544 1185 627 1225 nisi
647 1183 922 1232 falsificatae,
942 1181 1218 1236 significatur
1239 1195 1318 1235 per
1334 1180 1455 1234 quod
1476 1181 1556 1220 “in
1579 1186 1756 1232 postre-

266 1247 427 1289 mitate
463 1261 543 1288 sua
578 1246 655 1289 fiet
695 1245 897 1288 stultu5.”
957 1244 1182 1298 Quoniam
1223 1243 1436 1284 “mater''
1473 1241 1757 1296 significabat

266 1309 520 1359 ecclesiam,
543 1323 595 1351 ac
621 1309 733 1350 “filii
759 1315 805 1350 et
830 1307 946 1349 filiae
961 1307 980 1323 ”
1002 1321 1109 1348 vera
1133 1313 1180 1348 et
1205 1307 1326 1348 bona
1347 1305 1454 1359 ejus,
1478 1312 1524 1346 et
1547 1305 1757 1360 quoniam

267 1372 312 1414 in
343 1371 561 1414 Ecclesiis
588 1371 816 1426 Antiquis,
849 1378 895 1412 et
928 1370 1030 1412 dein
1067 1371 1111 1411 in
1148 1369 1356 1411 Ecclesia
1385 1368 1570 1421 Judaica
1608 1368 1758 1408 omnia

267 1441 398 1477 erant
419 1436 804 1489 repraesentativa
826 1440 872 1475 et
894 1433 999 1474 inde
1018 1432 1329 1486 significativa,
1349 1431 1452 1472 ideo
1470 1431 1758 1484 opprobrium

221 1555 224 1558 Δ
251 1495 315 1541 >et
339 1498 586 1553 ignominia
611 1504 707 1539 erat
734 1496 992 1538 mulieribus
1017 1495 1193 1537 steriles
1218 1508 1342 1536 esse:
1376 1508 1512 1548 quare

341 1587 474 1620 Rachel
492 1587 693 1619 succensuit
711 1586 845 1629 Jacobo
865 1585 959 1627 quod
979 1595 1052 1616 non
1074 1590 1224 1625 pareret,
1241 1589 1277 1616 et
1295 1583 1383 1616 dixit
1403 1593 1482 1615 cum
1502 1582 1639 1624 peperit
1658 1581 1759 1625 Jose-

441 1631 561 1673 phum‚
579 1630 762 1671 “Collegit
781 1630 878 1662 Deus
895 1629 1126 1670 opprobrium
1144 1627 1292 1660 meum'’
1308 1627 1404 1668 (Gen.
1421 1637 1502 1659 xxx.
1523 1635 1550 1665 1,
1568 1626 1641 1666 23):

252 1754 255 1756 .
270 1724 457 1774 propter
481 1718 673 1760 eandem
699 1729 880 1759 causam

335 1807 530 1846 Elizabeth,
547 1813 735 1848 postquam
755 1806 928 1847 concepit,
948 1805 1046 1843 dixit,
1066 1805 1149 1837 “Sic
1169 1805 1253 1837 fecit
1272 1804 1357 1836 mihi
1379 1804 1556 1836 Dominus
1576 1803 1611 1835 in
1632 1803 1756 1835 diebus

441 1851 570 1936 {llugzus
586 1851 743 1935 Zisp2eg3it
758 1850 804 1882 ad
820 1849 1052 1882 auferendum
1071 1849 1307 1890 ignominiam
1325 1858 1442 1880 meam
1459 1848 1552 1879 inter
1564 1845 1757 1878 homines'’

529 1919 537 1927 .
567 1918 575 1927 .
637 1919 644 1933 ,
731 1919 737 1926 .

267 1983 372 2026 inde
403 1996 580 2037 quoque
611 1988 739 2036 patet
770 1981 891 2036 quod
920 1979 1215 2034 “parturire,”
1243 1978 1472 2033 “parere”
1499 1985 1545 2020 et
1579 1981 1757 2032 “gene-

267 2060 366 2089 rare
377 2045 396 2062 ''
412 2045 668 2100 significent
691 2058 925 2099 procreare
947 2044 1056 2086 talia
1073 2058 1186 2098 quae
1209 2043 1426 2086 ecclesiae
1450 2049 1567 2084 sunt.
1618 2041 1758 2095 Apud

266 2108 470 2158 Esaiam,
575 2112 578 2114 ’

333 2197 436 2230 “Vae
451 2197 584 2230 dicenti
602 2196 704 2238 patri,
719 2196 812 2239 Quid
827 2205 979 2238 generas
989 2198 1004 2229 ἲ
1025 2201 1086 2228 aut
1103 2195 1253 2234 mulieri,
1268 2194 1361 2236 Quid
1378 2194 1531 2235 parturis
1541 2193 1575 2227 ?'’
1587 2193 1669 2234 (xlv.
1684 2202 1725 2225 10
1737 2193 1759 2234 ;)

229 2336 232 2338 ,
268 2293 382 2336 haec
403 2307 582 2348 quoque
603 2290 724 2334 dicta
748 2298 853 2333 sunt
877 2291 934 2333 de
959 2291 1278 2332 reformatione
1303 2290 1511 2339 hominis,
1536 2289 1656 2344 quod
1681 2288 1758 2330 illa

270 2356 330 2399 sit
353 2369 381 2398 a
405 2355 618 2405 Domino,
643 2362 689 2396 et
715 2368 806 2396 non
828 2354 885 2396 ab
910 2354 1105 2395 homine.
1166 2353 1304 2407 Apud
1331 2353 1539 2402 eundem,

342 2444 443 2478 Dixit
466 2455 528 2477 rex
555 2445 713 2483 Hiskias,
734 2454 812 2476 cum
832 2444 967 2476 audivit
986 2444 1096 2476 verba
1115 2443 1355 2481 Rabschakes,
1377 2444 1395 2458 ‘⁸
1408 2443 1493 2474 Dies
1518 2443 1704 2483 angustiae
1724 2447 1759 2474 et

441 2489 705 2530 objurgationis
719 2494 755 2520 et
771 2488 1018 2526 contumeliae,
1031 2487 1108 2519 dies
1124 2488 1191 2526 hic,
1204 2494 1240 2519 et
1252 2493 1428 2519 venerunt
1442 2486 1503 2518 filii
1519 2487 1563 2518 ad
1581 2496 1622 2518 os
1640 2485 1760 2518 matri-

441 2533 504 2572 cis,
524 2542 589 2564 nec
605 2533 700 2564 vires
716 2532 762 2564 ad
778 2532 988 2573 pariendum
1000 2530 1018 2543 ”
1035 2530 1179 2572 (xxxvii.
1197 2530 1248 2571 3):

269 2620 390 2676 quod
421 2620 660 2662 audiantur
690 2626 736 2662 et
769 2620 968 2661 sciantur
992 2633 1099 2660 vera
1130 2633 1188 2660 ex
1218 2618 1388 2668 Verbo,
1417 2625 1463 2660 et
1494 2624 1647 2660 tamen
1680 2631 1759 2671 per

267 2683 347 2726 illa
382 2697 473 2725 non
509 2683 588 2725 fiat
625 2683 898 2732 reformatio,
932 2682 1210 2735 significatur
1245 2695 1324 2735 per
1354 2682 1474 2735 quod
1513 2681 1756 2722 “venerint

269 2746 346 2788 filii
367 2746 423 2787 ad
446 2747 695 2794 matricem,
716 2759 798 2787 nec
816 2746 931 2786 vires
950 2745 1006 2786 ad
1030 2745 1293 2798 pariendum
1311 2744 1344 2795 ;”
1378 2749 1404 2765 ‘⁴
1418 2758 1572 2798 parere
1583 2744 1601 2759 '’
1619 2745 1756 2797 signi-

268 2809 374 2852 ficat
395 2808 656 2851 fruetificare
682 2823 789 2850 vera
815 2823 893 2863 per
918 2809 1076 2857 facere,
1106 2808 1224 2849 unde
1250 2808 1533 2849 reformatio:
1567 2806 1686 2860 quod
1712 2806 1756 2847 id

202 2918 211 2928 ,
269 2879 392 2915 esset
417 2871 547 2914 dolor
571 2873 718 2914 cordis
742 2878 788 2913 et
815 2872 964 2920 animi,
988 2877 1034 2912 et
1060 2871 1180 2925 quod
1212 2871 1587 2912 contumeliosum
1614 2868 1758 2910 eccle-

269 2935 376 2984 siae,
416 2934 692 2988 significatur
732 2948 810 2988 per
851 2934 1009 2975 “diem
1049 2934 1300 2987 angustiae,
1342 2932 1666 2986 objurgationis
1710 2937 1757 2974 et

272 2997 610 3040 contumeliae.”
670 2997 807 3052 Apud
834 2995 1115 3046 Ezechielem,
