2008 3458
382 388 492 439 2328
794 395 1123 428 APOCALYPSIS
1154 396 1451 429 EXPLICATA.

383 509 684 550 illustratione
716 523 741 549 a
773 508 996 559 Domin03
1035 516 1138 551 sunt
1170 511 1288 551 enim
1315 524 1419 551 vera
1450 511 1493 550 in
1520 509 1656 550 caelis
1682 507 1859 563 objeeta

383 571 645 624 spiritualia,
674 585 786 624 quae
818 571 977 611 clarius
1010 585 1167 612 coram·
1193 573 1366 626 angelis
1397 573 1455 613 ibi
1481 578 1698 625 apparent
1725 584 1858 625 quam

382 633 558 686 objecta
590 633 810 674 naturalia
842 647 992 674 coram
1025 634 1279 676 hominibus
1310 637 1353 676 in
1391 636 1586 684 mundo;
1629 648 1764 688 quare
1795 633 1858 676 illi

379 694 561 737 fflsciunt
594 697 712 749 quod
744 696 854 736 fides
886 710 976 737 non
1014 697 1132 738 aliud
1170 699 1228 738 sit
1266 711 1399 751 quam
1430 698 1603 750 agnitio
1634 698 1724 738 veri
1756 698 1859 751 quia

380 759 536 799 vident
565 758 684 811 quod
710 772 864 799 verum
896 760 968 806 sit,
998 766 1044 800 et
1077 774 1256 813 prorsus
1288 774 1378 800 non
1405 761 1586 813 capiunt
1614 759 1732 813 quod
1764 759 1859 814 dari

380 822 522 874 possit
549 821 666 874 apud
693 821 886 875 aliquem
913 821 1022 862 fides
1050 822 1233 875 alicujus
1259 823 1321 862 rei
1348 836 1437 863 non
1460 823 1594 870 visae,
1619 836 1696 863 seu
1722 823 1856 864 intel·

380 881 554 933 le&ae;
593 884 653 924 sic
682 885 800 924 enim
833 897 923 924 non
956 885 1040 924 scit
1073 884 1211 925 homo
1237 898 1342 924 num
1369 897 1521 925 verum
1554 885 1611 925 sit
1643 891 1719 925 aut
1751 898 1856 927 num

378 945 551 994 falsum,
580 959 631 986 ac
658 945 767 986 fides
799 946 896 986 falsi
924 953 993 987 est
1021 947 1265 987 damnosa:
1304 947 1407 987 inde
1439 953 1566 1000 patet
1593 947 1712 1000 quod
1737 948 1858 988 visus

377 1006 697 1048 intellectualis
729 1009 847 1062 apud
885 1008 986 1049 illos
1024 1010 1080 1049 sit
1117 1010 1237 1049 visus
1275 1008 1532 1062 spiritualis,
1593 1008 1763 1061 Angeli
1793 1009 1858 1051 illi

378 1069 666 1121 perficiuntur
691 1069 939 1118 intellectu,
968 1077 1186 1124 quantum
1213 1072 1256 1111 in
1289 1084 1440 1111 amore
1466 1071 1558 1111 veri
1590 1077 1695 1112 sunt
1722 1085 1855 1126 prop-

378 1138 448 1172 ter
472 1133 613 1173 vitam
641 1139 686 1174 et
718 1133 810 1186 ejus
841 1134 1060 1186 genuinos
1093 1147 1210 1181 usu5‚
1239 1147 1289 1174 ac
1323 1140 1502 1174 tantum
1529 1132 1858 1186 implantantur
1885 1183 1888 1185 v

377 1209 483 1235 vera
508 1196 629 1236 vitae
655 1195 846 1241 illorum,
875 1209 925 1237 ac
954 1195 1063 1236 fiunt
1091 1194 1349 1236 affectiones
1375 1196 1493 1246 veri;
1526 1195 1712 1236 trahunt
1738 1196 1856 1237 enim

377 1271 483 1298 vera
515 1271 695 1299 omnem
729 1271 853 1298 suam
886 1259 1131 1298 essentiam
1168 1264 1215 1298 et
1252 1258 1355 1298 inde
1386 1258 1527 1298 vitam
1564 1271 1590 1297 a
1626 1257 1760 1306 bono,
1793 1258 1857 1299 ita

376 1319 634 1362 intelle&us
657 1335 682 1360 a
708 1320 945 1361 voluntate
973 1328 1017 1361 et
1045 1321 1136 1373 ejus
1159 1319 1306 1361 activo
1325 1335 1334 1371 ;
1367 1318 1624 1361 intellectus
1646 1321 1763 1361 enim
1785 1327 1855 1362 est

377 1382 714 1436 receptaculum
746 1383 850 1439 veri,
879 1389 924 1423 et
956 1383 1167 1424 voluntas
1199 1389 1269 1423 est
1295 1382 1636 1436 receptaculum
1663 1383 1781 1431 boni,
1809 1389 1855 1424 et

378 1443 571 1486 activum
604 1458 757 1486 eorum
789 1445 987 1498 complet
1026 1452 1071 1486 et
1109 1446 1292 1496 fundat;
1335 1446 1438 1485 inde
1475 1446 1612 1486 etiam
1644 1458 1762 1493 vera,
1796 1459 1855 1486 ex

378 1507 536 1560 quibus
558 1507 776 1548 formatus
799 1514 867 1548 est
891 1506 1149 1548 intellectus
1172 1521 1339 1555 eorum,
1361 1507 1541 1560 quando
1563 1506 1672 1547 fiunt
1695 1506 1855 1548 volun-

377 1571 499 1619 tatis,
529 1576 574 1610 et
606 1571 709 1610 inde
741 1569 880 1617 actus,
908 1577 1128 1610 vocantur
1159 1571 1292 1619 bona,
1321 1570 1400 1611 sed
1432 1570 1550 1610 bona
1582 1569 1854 1623 spiritualia;

377 1647 490 1686 quae
516 1633 619 1686 quia
644 1639 751 1673 tunc
775 1632 884 1673 fiunt
912 1634 1076 1672 amoris
1103 1632 1293 1680 illorum,
1317 1634 1489 1673 intrant
1515 1633 1671 1681 vitam,
1695 1638 1741 1673 et
1767 1631 1855 1673 for-

377 1701 504 1735 mant
545 1695 681 1735 illam.
763 1695 837 1735 Ex
878 1695 946 1735 his
983 1709 1159 1748 quoque
1201 1701 1329 1748 patet
1371 1694 1491 1748 quod
1531 1695 1625 1735 vita
1665 1693 1855 1747 cujusvis

375 1758 570 1798 hominis
597 1759 655 1798 sit
687 1772 746 1798 ex
773 1759 979 1811 operibus
1007 1757 1112 1810 ejus,
1141 1759 1242 1811 quia
1268 1756 1443 1798 affectio
1469 1771 1581 1811 quae
1607 1757 1856 1798 voluntatis

376 1826 422 1859 et
455 1820 677 1872 cogitatio
714 1834 828 1873 quae
865 1818 1124 1860 intelle-<stus
1161 1821 1204 1860 in
1243 1819 1329 1860 illis
1367 1821 1679 1868 terminantur,
1712 1826 1758 1860 et
1794 1820 1856 1860 sic

376 1883 607 1933 existunt;
652 1897 764 1936 quae
802 1883 884 1922 nisi
923 1884 1194 1923 terminatae
1231 1889 1350 1930 sunt,
1389 1889 1602 1935 pereunt:
1645 1881 1856 1923 voluntas

377 1946 495 1984 enirn
528 1958 618 1985 non
650 1946 809 1986 existit
837 1946 918 1984 nisi
950 1943 1096 1985 activa
1122 1945 1226 1995 fiat;
1265 1951 1310 1986 et
1343 1946 1378 1985 si
1410 1958 1499 1985 non
1526 1945 1736 1985 voluntas
1767 1951 1853 1993 est,

375 2007 494 2058 perit
522 2006 795 2056 intellectus,
829 2014 874 2048 et
912 2014 1116 2048 remanet
1154 2007 1300 2047 solum
1336 2007 1527 2048 facultas
1558 2006 1855 2060 intelligendi.

377 2067 493 2120 Quia
519 2083 644 2109 amor
667 2083 819 2110 eorum
846 2076 915 2110 est
943 2083 1068 2110 amor
1090 2070 1196 2118 veri,
1220 2070 1322 2110 ideo
1348 2083 1427 2122 pro
1453 2070 1662 2122 proximo
1687 2069 1853 2123 agnos-

376 2137 482 2171 cunt
499 2145 651 2171 verum
671 2130 785 2180 actu,
803 2133 922 2185 quod
940 2138 1129 2172 vocatur
1146 2132 1312 2172 bonum
1331 2131 1558 2185 spirituale
1577 2145 1586 2182 ;
1609 2132 1672 2172 ita
1689 2131 1856 2172 bonum

378 2193 610 2242 ecclesiae,
635 2194 802 2255 boni-um
826 2195 1058 2235 societatis
1087 2195 1130 2234 in
1157 2208 1243 2247 qua
1270 2201 1388 2242 sunt,
1413 2194 1580 2234 bonum
1606 2194 1856 2235 concivium

377 2257 420 2295 in
453 2257 688 2304 societate,
723 2252 909 2310 proinde
942 2258 1080 2297 etiam
1118 2257 1285 2297 bonum
1318 2256 1486 2297 morale
1518 2256 1637 2310 quod
1668 2262 1858 2297 vocatur

377 2319 612 2366 sincerum,
653 2325 699 2359 et
736 2319 903 2359 bonum
941 2318 1070 2359 civile
1107 2319 1227 2372 quod
1264 2325 1453 2359 vooatur
1483 2318 1677 2370 justum:
1721 2331 1856 2372 quare

376 2394 501 2420 amor
528 2387 680 2421 eorum
713 2395 819 2433 erga
852 2382 1105 2434 proximum
1133 2382 1270 2421 etiam
1297 2381 1505 2422 consistit
1537 2381 1580 2420 in
1612 2381 1855 2428 exercitiis,

377 2458 491 2496 quae
523 2451 627 2484 sunt
655 2458 819 2497 opera;
858 2458 1014 2485 omnes
1041 2445 1178 2484 etiam
1210 2444 1268 2484 ibi
1300 2458 1404 2484 usus
1430 2449 1601 2491 amant,
1629 2457 1679 2484 ac
1707 2444 1856 2484 inten-

377 2507 489 2546 dunt
528 2507 750 2559 operibus,
790 2521 867 2559 per
908 2521 1020 2560 quae
1058 2507 1362 2559 cogitationes
1399 2514 1501 2546 suas
1538 2512 1697 2546 tenent
1734 2505 1858 2559 quasi

377 2568 511 2616 domi,
541 2575 587 2609 et
615 2569 822 2609 detinent
855 2569 912 2609 ab
944 2570 1051 2616 otio,
1081 2569 1199 2622 quod
1232 2575 1316 2616 est,
1346 2569 1459 2608 sicut
1493 2569 1630 2608 etiam
1654 2573 1855 2616 vocatur,

379 2630 584 2682 pulvinar
616 2631 796 2671 diaboli.
859 2630 1015 2671 Sciunt
1047 2631 1166 2684 quod
1199 2644 1288 2671 non
1320 2630 1393 2671 alii
1425 2631 1599 2683 possint
1630 2631 1674 2670 in
1706 2643 1858 2671 amore

377 2694 594 2746 spirituali
612 2694 755 2734 teneri
774 2707 905 2747 quam
930 2694 1002 2747 qui
1020 2693 1266 2746 jucundum
1290 2694 1333 2732 in
1356 2693 1562 2746 operibus
1580 2693 1856 2746 percipiunt;

376 2757 422 2796 hi
455 2757 498 2796 in
531 2770 609 2796 sua
640 2754 874 2796 affectione
906 2763 1029 2796 stata
1061 2762 1179 2804 sunt,
1208 2756 1364 2808 reliqui
1395 2757 1439 2796 in
1476 2757 1596 2796 omni
1633 2762 1678 2796 et
1717 2756 1777 2796 sic
1814 2755 1858 2796 in

379 2818 516 2867 nulla,
549 2832 652 2859 nam
681 2819 950 2871 divagantur
975 2833 1063 2871 quo
1089 2818 1349 2871 voluptates
1380 2825 1426 2858 et
1459 2819 1731 2871 cupiditates
1757 2817 1858 2858 illos

377 2881 536 2921 ferunt.
613 2880 782 2933 Angeli
824 2881 1006 2920 secundi
1047 2880 1159 2921 caeli
1196 2881 1347 2927 etiam,
1387 2881 1500 2920 sicut
1543 2879 1694 2932 angeli
1736 2881 1858 2920 tertii

378 2943 504 2991 caeli,
529 2943 737 2983 habitant
760 2939 958 2983 distincti
982 2944 1025 2982 in
1049 2943 1322 2992 societates;
1358 2949 1404 2983 at
1427 2942 1586 2982 horum
1612 2943 1857 2982 societates

376 3012 479 3047 sunt
512 3019 642 3058 supra
683 3005 870 3054 illorum,
906 3012 1088 3058 propter
1118 3005 1332 3045 influxum
1370 3005 1531 3046 amoris
1565 3005 1771 3046 caelestis
1807 3005 1851 3045 in
