2054 3464
403 374 512 406 2002
813 333 1144 407 A‘POCALYPSIS
1175 375 1472 408 EXPLICATA.

399 487 627 528 hominem
673 487 729 528 ab
773 488 959 529 infantia
1003 494 1049 529 et
1097 489 1285 541 pueritia
1326 504 1352 530 a
1400 490 1595 530 Domino
1639 489 1884 532 recondita.

400 548 552 591 Etiam
576 551 741 603 legitur
762 551 881 604 quod
907 551 1229 592 “traduxerint
1252 551 1365 593 filios
1388 566 1491 593 suos
1514 552 1643 593 idolis
1668 552 1724 593 ad
1747 552 1885 594 devo-

400 613 630 661 randum‚''
651 614 820 667 “inque
839 613 1025 663 cibum,”
1043 620 1088 655 et
1109 618 1224 668 “per
1242 615 1432 667 ignem,'’
1451 616 1494 655 in
1513 614 1802 668 sequentibus
1817 628 1888 656 :—

400 674 539 728 Apud
563 675 851 725 Ezechielem,

467 765 551 796 “Tu
568 766 752 805 sumpsisti
773 766 864 797 filios
885 772 965 797 tuos
984 763 1035 807 [et
1055 766 1144 798 filias
1164 764 1270 808 tuas],
1289 777 1376 808 quos
1398 766 1566 807 peperisti
1587 766 1686 805 Mihi,
1704 771 1739 798 et
1757 766 1887 798 sacrifi-

574 810 676 840 casti.
692 810 750 840 .iis
767 810 811 840 ad
828 810 1071 841 devorandum
1087 820 1093 841 :
1120 820 1205 841 num
1222 811 1289 841 hoc
1306 820 1428 850 parum
1447 811 1489 841 de
1504 810 1780 841 scortationibus
1795 810 1888 842 tuis?

577 850 744 883 Maftasti
753 877 760 884 .
775 877 782 884 .
791 852 881 884 filios
893 863 1003 891 meos,
1015 859 1050 884 et
1063 853 1237 885 tradidisti
1251 863 1323 891 eos,
1335 854 1418 884 dum
1433 854 1583 884 transire
1596 853 1711 885 fecisti
1724 853 1775 885 eis
1787 853 1886 886 illos:

580 920 587 927 .
603 920 609 927 .
624 920 631 928 .
646 895 734 927 .fi1ia
751 897 872 927 matris
889 902 996 934 tuae„
1012 921 1019 928 .
1033 921 1040 929 .
1055 902 1106 928 ‚et
1122 906 1223 927 soror
1239 903 1277 928 tu
1294 907 1482 934 sororum„
1499 897 1764 928 ,fastidiverunt
1779 896 1888 928 mari-

575 945 631 971 tos
649 949 733 971 suos
750 946 786 971 et
802 939 894 971 filios
912 938 1025 971 suos”
1042 939 1125 980 (xvi.
1143 948 1193 979 20,
1213 938 1300 978 [¹121,
1319 940 1395 980 45):

401 1027 511 1067 haec
531 1027 586 1067 de
604 1027 1010 1068 abominationibus
1030 1028 1371 1082 Hierosolymae
1390 1042 1398 1068 :
1432 1042 1482 1069 ac
1506 1042 1584 1081 per
1604 1027 1886 1070 “sacrificare

402 1089 514 1130 filios
539 1096 586 1130 et
613 1089 723 1130 filias
749 1090 881 1130 idolis
907 1091 963 1130 ad
990 1091 1297 1131 devorandum
1310 1091 1327 1106 ’'
1354 1090 1629 1144 significatur
1655 1091 1886 1132 destruere

401 1158 448 1192 et
475 1165 736 1193 consumere
760 1153 909 1193 omnia
931 1167 1037 1193 vera
1061 1160 1107 1194 et
1134 1153 1253 1193 bona
1278 1153 1521 1204 ecclesiae;
1555 1152 1758 1194 similiter
1779 1166 1886 1194 vera

402 1228 461 1254 ex
502 1214 671 1263 Verbo,
711 1228 789 1268 per
828 1214 1062 1256 “maetare
1102 1215 1254 1264 filios,''
1291 1222 1336 1256 et
1376 1216 1599 1256 “transire
1640 1215 1784 1256 facere
1823 1216 1887 1256 eis

401 1277 503 1317 illos
520 1276 552 1328 ;‘’
584 1278 703 1330 quod
730 1277 1038 1319 destruxerint
1064 1291 1169 1318 vera
1194 1284 1240 1318 et
1266 1278 1386 1318 bona
1411 1278 1550 1319 Verbi
1577 1291 1654 1330 per
1679 1276 1886 1318 falsifica-

403 1340 549 1380 tiones
571 1347 617 1380 et
643 1340 1012 1388 adulterationes,
1037 1339 1312 1392 significatur
1334 1354 1412 1393 per
1436 1340 1775 1381 “scortationes
1787 1339 1805 1355 ''
1826 1339 1887 1381 ibi

402 1409 448 1443 et
471 1402 575 1443 alibi
600 1403 643 1443 in
670 1417 724 1443 eo
750 1403 911 1455 capite.
971 1402 1110 1455 Apud
1137 1403 1343 1451 eundem,

469 1491 487 1504 “
501 1490 661 1522 Polluam
683 1491 762 1522 illos
782 1501 860 1522 cum
881 1491 985 1522 donis
1005 1491 1156 1529 illorum,
1174 1501 1217 1522 eo
1235 1491 1327 1532 quod
1348 1491 1568 1522 traduxerint
1588 1501 1731 1522 omnem
1748 1497 1889 1532 apertu-

577 1544 652 1565 ram
670 1535 770 1573 uteri,
788 1541 826 1566 ut
843 1535 1025 1566 devastem
1044 1535 1124 1565 illos
1138 1545 1161 1566 :.
1176 1559 1183 1566 .
1198 1559 1205 1566 .
1220 1545 1342 1575 ,quare
1360 1534 1496 1566 offertis
1513 1535 1622 1566 dona.
1637 1559 1660 1573 .‚
1675 1544 1753 1566 cum
1770 1534 1889 1566 tradu-

575 1578 654 1660 citis
675 1578 765 1652 fi61ios
774 1584 924 1661 >vestros
944 1588 1006 1618 per
1026 1578 1156 1618 ignem,
1174 1588 1239 1609 vos
1261 1578 1385 1618 polluti
1406 1588 1467 1618 per
1487 1578 1608 1609 omnia
1627 1577 1723 1609 idola
1737 1576 1888 1610 vestra”

589 1631 644 1653 xx.
663 1629 681 1652 2
707 1646 714 1659 ‚
732 1629 769 1660 31
799 1633 806 1653 ;

402 1697 633 1738 destruere
659 1711 764 1738 vera
796 1711 874 1750 per
899 1697 1018 1738 mala
1044 1699 1207 1738 amoris
1238 1698 1316 1747 sui,
1345 1705 1390 1738 et
1422 1712 1501 1751 per
1526 1698 1796 1752 cupiditates
1826 1712 1888 1740 ex

1794 1761 1802 1777 Ι

402 1762 595 1815 proprio,
624 1761 898 1814 significatur
929 1774 1008 1814 per
1038 1762 1313 1802 “traducere
1345 1760 1458 1801 filios
1491 1774 1568 1814 per
1599 1762 1751 1814 ignem
1767 1761 1790 1812 3³
1832 1775 1885 1803 ac

402 1836 481 1875 per
502 1821 630 1870 falsa,
654 1821 935 1874 significatur
956 1835 1036 1874 per
1062 1821 1241 1875 “pollui
1273 1821 1442 1862 idolis.”
1500 1833 1613 1869 (Quod
1631 1829 1649 1841 ⁴¹
1661 1832 1774 1862 idola·'
1793 1833 1889 1870 signi-

402 1886 496 1915 ficent
510 1886 587 1914 salsa
599 1885 763 1914 doetrinae
776 1890 806 1914 et
822 1886 925 1914 cultus
937 1894 1019 1922 quae
1032 1894 1071 1914 ex
1082 1886 1211 1923 propria
1226 1886 1440 1923 intelligentia,
1454 1886 1598 1914 videatur
1611 1894 1716 1923 supra,
1731 1894 1762 1915 n.
1779 1876 1886 1928 587.)

402 1929 540 1982 Apud
567 1930 773 1978 eundem,

475 2017 591 2048 Ohola
605 2023 639 2048 et
657 2017 810 2048 Oholiba
824 2018 842 2031 “
852 2023 1026 2048 scortatae
1044 2022 1136 2055 sunt,
1150 2023 1185 2048 et
1199 2018 1344 2057 sanguis
1362 2017 1396 2048 in
1411 2017 1575 2048 manibus
1593 2017 1742 2056 illarum,
1756 2023 1791 2049 et
1807 2027 1886 2050 cum

575 2061 679 2091 idolis
706 2061 779 2092 suis
805 2067 978 2092 scortatae
1005 2067 1110 2096 sunt:
1139 2061 1313 2101 etiamque
1340 2061 1430 2092 filios
1456 2071 1550 2099 suos,
1576 2071 1664 2102 quos
1687 2067 1888 2102 genuerunt

577 2104 675 2142 Mihi,
694 2105 925 2136 traduxerunt
942 2104 1010 2135 illis
1028 2105 1063 2135 in
1084 2104 1200 2135 cibum
1212 2104 1229 2115 ''
1248 2104 1354 2143 (xxiii.
1373 2105 1446 2144 37):

402 2199 480 2238 per
513 2184 781 2225 “Oholam”
818 2191 864 2225 et
904 2183 1218 2225 “Oholibam'’
1254 2184 1567 2236 intelliguntur
1603 2183 1802 2226 Samaria
1839 2191 1887 2226 et

403 2247 735 2300 Hierosolyma,
756 2253 802 2287 et
825 2260 902 2299 per
923 2250 947 2266 ‘⁴
964 2245 1210 2287 Samariam
1223 2246 1241 2261 ”
1259 2246 1525 2299 intelligitur
1547 2246 1738 2287 ecclesia
1759 2247 1886 2300 spiri·

401 2309 548 2358 tualis,
582 2323 633 2350 ac
667 2323 744 2361 per
769 2308 1200 2361 “Hierosolymam”
1226 2308 1416 2349 ecclesia
1447 2308 1668 2358 caelestis,
1699 2315 1885 2363 utraque

401 2372 548 2426 quoad
586 2370 861 2421 do&rinam;
905 2370 1236 2411 falsificationes
1273 2377 1319 2411 et
1356 2371 1708 2411 adulterationes
1745 2370 1886 2412 Verbi

401 2434 707 2487 significantur
739 2447 816 2486 per
842 2434 960 2487 quod
991 2437 1255 2474 “scortatae
1287 2434 1414 2482 sint‚''
1441 2440 1486 2474 et
1518 2434 1638 2487 quod
1661 2434 1886 2486 “sanguis

400 2498 443 2538 in
482 2497 684 2537 manibus
722 2496 895 2536 illarum
914 2496 947 2546 ;'’
989 2496 1099 2536 falsa
1136 2496 1238 2536 inde
1276 2510 1335 2536 ex
1373 2496 1550 2548 propria
1585 2493 1886 2548 intelligentia

401 2559 708 2612 significantur
745 2572 823 2611 per
859 2558 978 2611 quod
1015 2562 1153 2598 “cum
1193 2558 1323 2598 idolis
1360 2559 1448 2598 suis
1485 2564 1710 2598 scortatae
1746 2558 1835 2598 sint
1852 2556 1886 2607 ;'’

400 2623 503 2662 inde
541 2628 668 2674 patet
706 2621 810 2674 quid
848 2620 1121 2673 significatur
1157 2634 1235 2673 per
1271 2621 1390 2673 quod
1430 2619 1579 2660 “filios
1616 2633 1719 2660 suos
1755 2619 1885 2660 idolis

401 2685 685 2725 traduxerint
703 2684 746 2723 in
765 2683 950 2731 cibum,”
965 2696 1125 2735 nempe
1143 2683 1262 2736 quod
1279 2697 1384 2723 vera
1402 2697 1460 2723 ex
1476 2682 1630 2722 Verbo
1645 2682 1883 2723 destruxe-

401 2748 487 2789 rint
515 2760 592 2799 per
617 2746 739 2787 falsa.
800 2745 1023 2798 Quoniam
1053 2745 1195 2786 “filii”
1221 2744 1475 2798 significant
1503 2758 1619 2793 vera,
1648 2745 1749 2785 ideo

466 2836 637 2868 “Semina
653 2845 741 2876 quae
765 2835 966 2866 ceciderunt
985 2835 1020 2866 in
1041 2836 1171 2866 bonam
1193 2840 1321 2865 terram
1334 2834 1351 2845 ’'
1369 2840 1542 2865 vocantur
1560 2843 1581 2864 a
1601 2833 1757 2864 Domino
1775 2834 1793 2848 ‘⁴
1805 2833 1884 2866 Filii

573 2880 673 2919 regni
689 2878 718 2916 ;‘’
735 2889 775 2910 ac
787 2881 805 2893 “
815 2879 949 2910 zizania
959 2878 1074 2919 ”quae
1086 2884 1168 2909 sunt
1180 2878 1278 2914 falsa,
1291 2880 1308 2892 ‘⁴
1323 2878 1399 2908 Filii
1412 2878 1494 2908 mali
1506 2877 1524 2888 ”
1535 2877 1676 2916 (Matth.
1687 2875 1865 2917 xiii.[2]38);

472 2924 563 2955 Tum
581 2923 638 2964 qui
656 2924 691 2954 in
709 2923 801 2954 veris
819 2929 911 2960 sunt,
930 2928 1101 2953 vocantur
1119 2921 1226 2952 “Filii
1244 2921 1358 2952 lucis'’
1376 2921 1472 2962 (Jolz.
1492 2921 1549 2952 xii.
1569 2921 1622 2960 36)
1637 2930 1644 2956 ;

473 2968 541 3007 Qui
559 2968 592 2998 in
606 2967 772 3006 conjugio
786 2967 859 2997 veri
874 2972 908 3000 et
922 2966 1006 2996 boni
1020 2975 1041 2996 a
1056 2966 1221 3002 Domino,
1235 2966 1252 2979 ‘⁴
1265 2965 1343 2996 Filii
1356 2966 1557 3004 nuptiarum
1569 2964 1586 2975 ’'
1598 2965 1721 3004 (Marc.
1734 2961 1881 3005 ii.[³]19);

474 3011 517 3043 Et
534 3011 591 3052 qui
609 3011 805 3051 regenerati
823 3016 915 3048 sunt,
935 3011 953 3023 ‘⁴
965 3009 1042 3041 Filii
1062 3009 1155 3040 Dei’'
1173 3008 1269 3051 (Joh.
1288 3010 1308 3041 i.
1329 3008 1455 3047 11-13).
