2008 3458
397 384 509 428 2420
811 382 1140 416 APOCALYPSIS
1172 383 1470 416 EXPLICATA.

375 493 562 535 -sanc‘tis
585 495 759 548 angelis
783 501 828 536 et
853 509 1004 536 coram
1024 495 1164 549 Agno
1186 495 1448 550 “significet
1472 496 1701 538 diritatem
1723 496 1880 539 inferni

394 558 641 598 secundum
666 557 1026 599 falsificationem
1045 565 1090 599 et
1114 559 1216 600 inde
1236 558 1589 600 destruffionem
1608 560 1758 601 Divini
1773 559 1881 601 Ve'ri

394 626 440 660 et
464 620 611 660 Divini
641 620 767 669 Boni,
797 622 860 662 ita
886 621 1040 670 Verbi,
1069 628 1138 662 est
1165 623 1266 675 quia
1298 623 1452 663 diritas
1484 622 1640 663 inferni
1672 636 1750 664 seu
1780 636 1881 664 cru-

394 683 537 723 ciatus
563 683 621 723 ibi
649 690 718 723 est
746 698 925 736 prorsus
949 685 1195 725 secundum
1221 684 1324 735 illa;
1358 691 1575 738 quantum
1599 686 1718 726 enim
1743 684 1881 726 homo

394 744 599 785 falsificat
620 745 821 786 Verbum
848 753 1027 787 tantum
1050 747 1250 788 occludit
1277 748 1358 788 sibi
1385 747 1573 797 caelum,
1594 754 1639 788 et
1662 753 1880 801 quantum

394 812 500 849 tunc
529 808 720 849 destruit
748 809 911 849 Divina
936 823 1042 850 vera
1068 810 1294 859 interiora,
1319 824 1431 863 quae
1458 817 1562 851 sunt
1586 810 1748 851 Divina
1774 823 1882 852 vera

394 870 437 911 in
462 871 598 911 caelis
621 878 666 911 et
690 885 748 912 ex
773 872 929 924 quibus
952 872 1079 921 caeli,
1105 879 1283 913 tantum
1306 879 1562 914 removetur
1583 872 1658 914 ille
1680 887 1706 914 a
1728 872 1880 922 caelis,

395 938 441 973 et
474 933 651 974 inferius
684 934 726 974 in
759 934 976 975 infernum
1014 934 1241 988 dejicitur:
1284 935 1403 988 quod
1442 935 1527 976 hoc
1567 936 1624 976 sit
1659 935 1881 976 “cruciari

395 1008 547 1036 coram
570 996 745 1048 angelis
768 1003 813 1037 et
837 1010 988 1037 coram
1007 996 1187 1050 Agno,”
1213 1004 1283 1038 est
1310 998 1412 1051 quia
1437 997 1638 1038 Verbum
1662 998 1707 1038 in
1729 997 1882 1039 littera

395 1071 474 1111 per
491 1071 671 1098 sensum
692 1059 969 1112 spiritualem
994 1061 1298 1101 communicat
1321 1073 1422 1100 cum
1440 1059 1594 1111 caelo;
1621 1060 1723 1100 ideo
1740 1073 1881 1114 quan-

395 1126 491 1160 tum
529 1121 572 1160 id
605 1135 683 1174 per
714 1121 1075 1163 falsificationem
1115 1122 1373 1170 destruitur,
1408 1129 1588 1163 tantum
1624 1121 1883 1163 falsificator

394 1182 590 1235 rejicitur
607 1197 631 1223 e
654 1183 781 1224 caelo
800 1198 808 1234 ;
843 1191 888 1225 et
907 1191 1126 1238 quantum
1148 1185 1245 1238 quis
1266 1183 1454 1237 rejectus
1481 1191 1550 1225 est
1578 1198 1602 1225 e
1629 1183 1756 1225 caelo
1778 1190 1881 1226 tan-

395 1251 492 1286 tum
519 1247 753 1287 cruciatur.
817 1246 949 1299 Quod
976 1247 1047 1288 hic
1075 1261 1231 1287 sensus
1257 1247 1499 1300 spiritualis
1524 1246 1702 1288 illorum
1719 1246 1882 1287 verbo·

394 1321 491 1348 rum
524 1309 596 1357 sit,
631 1315 841 1349 constare
878 1315 1032 1362 potest
1065 1323 1124 1350 ex
1157 1323 1224 1358 eo,
1259 1310 1378 1363 quod
1410 1322 1544 1350 nemo
1583 1309 1806 1350 crucietur
1834 1309 1879 1350 in

394 1370 567 1411 inferno
593 1371 650 1411 ab
676 1371 849 1424 angelis
876 1378 921 1412 et
945 1385 970 1411 a
998 1371 1209 1420 Domino,
1237 1372 1301 1412 ita
1333 1385 1414 1412 nec
1447 1384 1599 1412 coram
1630 1370 1805 1424 angelis
1835 1376 1883 1412 et

395 1447 548 1474 coram
582 1434 808 1485 Domino;
851 1435 929 1475 sed
961 1448 987 1475 a
1013 1448 1060 1476 se
1092 1447 1170 1488 per
1199 1434 1559 1476 falsificationem
1591 1441 1637 1475 et
1669 1434 1773 1475 inde
1803 1433 1882 1475 de-

395 1495 690 1537 structio-nem
729 1497 878 1537 Divini
910 1497 1033 1546 Veri,
1067 1498 1186 1551 quod
1227 1497 1504 1550 significatur
1542 1511 1622 1551 per
1661 1494 1883 1541 “sanctos

395 1559 624 1612 angelos,’'
650 1573 701 1600 ac
735 1560 884 1600 Divini
917 1559 1030 1600 Boni
1057 1560 1177 1613 quod
1209 1559 1488 1613 significatur
1513 1573 1592 1614 per
1619 1557 1884 1612 “Agnum.’'
1930 1582 1940 1598 1·

397 1621 545 1674 Quam
586 1622 801 1663 infernale
842 1629 888 1663 et
930 1622 1033 1663 inde
1074 1635 1208 1676 quam
1250 1623 1516 1663 damnosum
1554 1623 1611 1664 sit
1644 1620 1883 1663 falsificare

396 1684 598 1725 Verbum
637 1699 775 1738 usque
816 1686 872 1725 ad
913 1684 1268 1726 destructionem
1309 1685 1460 1726 Divini
1492 1685 1600 1726 Veri
1636 1698 1688 1725 ac
1733 1684 1884 1725 Divini

397 1747 511 1787 Boni
537 1748 580 1788 in
613 1748 763 1796 caelis,
793 1755 1003 1789 constare
1030 1754 1184 1801 potest
1210 1762 1269 1789 ex
1301 1762 1370 1797 eo,
1398 1747 1518 1801 quod
1549 1747 1700 1788 omnia
1725 1760 1883 1788 sensus

396 1810 578 1851 litterae
604 1811 758 1860 Verbi,
783 1825 897 1864 quae
921 1817 1024 1852 sunt
1053 1811 1215 1851 Divina
1237 1825 1342 1852 vera
1365 1825 1444 1864 pro
1467 1810 1659 1851 naturali
1684 1810 1881 1858 homine,

396 1887 475 1926 per
512 1887 693 1914 sensum
735 1873 1015 1927 spiritualem
1048 1874 1385 1914 communicent
1418 1887 1518 1914 cum
1550 1873 1723 1926 angelis
1754 1871 1881 1921 caeli,

397 1950 535 1990 usque
567 1937 682 1977 adeo
709 1943 757 1977 ut
789 1936 994 1977 homines
1027 1943 1073 1977 et
1105 1937 1256 1990 angeli
1295 1937 1406 1977 caeli
1438 1950 1515 1990 per
1541 1936 1743 1977 Verbum
1774 1949 1883 1977 con-

391 1998 533 2052 junffl
569 2000 686 2050 sint;
733 2013 868 2052 quare
901 2013 1057 2040 sensus
1094 1999 1275 2040 litterae
1307 1999 1461 2048 Verbi,
1495 1999 1613 2052 apud
1653 1998 1882 2039 hominem

397 2063 470 2116 qui
487 2062 692 2103 falsificat
716 2062 855 2111 illum,
876 2062 1042 2116 duplici
1065 2062 1201 2103 modo
1224 2063 1467 2116 percipitur
1488 2063 1532 2106 in
1559 2061 1700 2110 caelo,
1720 2073 1883 2114 nempe

397 2131 446 2165 ut
472 2125 717 2178 genuinum
737 2125 921 2173 Verum,
941 2131 987 2165 et
1015 2125 1145 2165 simul
1171 2131 1218 2165 ut
1246 2125 1289 2165 id
1317 2123 1623 2174 destru&um;
1655 2130 1704 2164 ut
1726 2123 1882 2176 genui-

398 2201 503 2228 num
523 2187 694 2228 Verum
722 2202 780 2228 ex
807 2201 940 2228 sensu
967 2187 1147 2228 litterae
1174 2187 1421 2228 secundum
1444 2185 1880 2240 correspondentias,

396 2263 448 2291 ac
482 2256 531 2292 ut
563 2249 840 2291 destructum
873 2250 1119 2290 secundum
1152 2249 1513 2300 falsificationes;
1547 2249 1650 2289 inde
1681 2247 1731 2289 fit
1762 2247 1882 2302 quod

397 2325 550 2354 verum
577 2319 622 2353 et
650 2312 809 2353 falsum
837 2319 884 2353 ut
911 2311 1149 2364 conjuncta
1171 2313 1302 2352 simul
1329 2313 1559 2360 sistantur,
1579 2325 1639 2352 ex
1661 2324 1749 2364 quo
1770 2323 1882 2351 exa-

397 2376 638 2417 cerbantur
659 2375 809 2428 angeli
836 2374 961 2423 caeli,
981 2381 1027 2415 et
1054 2388 1101 2415 se
1124 2388 1302 2428 prorsus
1325 2380 1536 2415 avertunt
1555 2388 1564 2425 ;
1598 2374 1659 2414 sic
1683 2372 1883 2414 occludi-

398 2445 470 2479 tur
500 2437 690 2486 caelum,
723 2451 774 2478 ac
817 2439 931 2490 perit
968 2438 1113 2477 omnis
1145 2438 1497 2477 communicatio
1529 2435 1641 2477 caeli
1673 2448 1774 2476 cum
1805 2434 1884 2476 illo

397 2501 607 2551 homine;
645 2501 747 2540 inde
780 2499 1035 2553 conjunctio
1066 2500 1106 2541 ei
1137 2499 1187 2540 fit
1220 2512 1320 2540 cum
1352 2499 1550 2550 inferno;
1587 2504 1634 2540 et
1666 2504 1883 2552 quantum

399 2565 496 2618 quis
529 2562 792 2616 conjunecus
825 2570 894 2603 est
927 2576 1027 2603 cum
1059 2562 1231 2603 inferno
1267 2568 1448 2603 tantum
1479 2562 1523 2602 in
1555 2574 1707 2602 amore
1738 2561 1883 2608 omnis

398 2626 503 2668 mali
526 2633 572 2667 et
595 2626 697 2666 inde
720 2625 817 2666 falsi
840 2632 924 2674 est,
945 2633 990 2666 et
1013 2640 1071 2666 ex
1095 2639 1148 2666 eo
1171 2626 1214 2665 in
1238 2625 1606 2678 concupiscentia
1623 2622 1883 2664 destruendi

397 2703 503 2730 vera
534 2695 581 2730 et
612 2689 732 2729 bona
764 2688 998 2736 ecclesiae,
1031 2694 1077 2729 et
1119 2687 1250 2728 simul
1290 2694 1398 2728 tunc
1439 2687 1484 2727 in
1525 2686 1754 2734 cruciatu;
1794 2684 1881 2726 hoc

397 2753 549 2806 itaque
581 2751 859 2804 significatur
890 2765 968 2804 per
996 2751 1219 2792 “cruciari
1251 2751 1355 2803 igne
1394 2756 1440 2791 et
1478 2749 1689 2802 sulphure
1729 2760 1881 2789 coram

398 2813 566 2855 sanffis
593 2814 767 2867 angelis
795 2820 840 2854 et
867 2827 1019 2854 coram
1046 2813 1225 2866 Agno.'’
1286 2813 1387 2854 Hoc
1414 2812 1463 2853 fit
1495 2812 1732 2866 praecipue
1763 2810 1882 2864 apud

397 2877 499 2918 illos
522 2877 595 2930 qui
620 2891 678 2918 ex
702 2876 798 2917 sola
820 2876 905 2917 fide
928 2877 1150 2929 cogitant,
1170 2882 1215 2917 et
1239 2875 1368 2916 simul
1392 2889 1450 2916 ex
1473 2874 1570 2915 sola
1591 2873 1676 2915 fide
1698 2874 1881 2923 vivunt3

399 2939 484 2980 hoc
512 2946 596 2988 est,
625 2940 697 2993 qui
721 2937 988 2979 confirmant
1015 2938 1138 2979 illam
1165 2938 1298 2979 fidem
1324 2938 1441 2991 apud
1468 2951 1515 2977 se
1542 2943 1587 2977 et
1610 2934 1812 2976 doc'trina
1834 2941 1880 2976 et

396 3003 505 3052 vita,
534 3008 583 3043 ut
609 3002 775 3042 faciunt
809 3002 1023 3055 imprimis
1054 3001 1117 3041 illi
1143 3001 1216 3055 qui
1248 3000 1438 3041 multum
1471 2999 1737 3040 studuerunt
1770 3010 1879 3039 con-
