2098 3476
600 366 706 399 CAP.
731 366 832 407 X11.,
857 366 995 400 VERS.
1022 367 1166 411 3.—N.
1190 357 1358 413 717[a].
1622 360 1725 415 1965

235 479 400 522 Divina
417 493 524 522 vera
545 480 590 521 in
609 479 770 521 ultimo
788 480 970 529 ordinis,
987 495 1102 535 quae
1122 487 1226 522 sunt
1244 495 1350 521 vera
1369 495 1526 522 sensus
1549 481 1730 523 litterae

231 543 388 594 Verbi,
421 550 492 586 est
524 545 628 598 quia
664 543 742 585 illa
773 544 1085 596 translucent;
1124 551 1193 586 est
1227 546 1345 586 enim
1379 546 1422 585 in
1454 545 1541 585 illis
1573 559 1730 586 sensus

233 607 493 662 spiritualis,
527 614 574 648 et
611 608 655 648 in
687 607 775 648 hoc
808 621 943 648 sensu
975 614 1045 648 est
1084 607 1162 649 lux
1202 607 1329 656 caeli,
1364 622 1423 648 ex
1461 622 1548 661 qua
1580 609 1732 648 omnia

230 683 390 712 sensus
408 669 589 711 litterae
609 669 749 711 Verbi
773 670 1004 724 pellucent
1022 685 1031 721 ;
1065 677 1110 712 et
1130 685 1308 725 quoque
1327 671 1573 711 secundum
1594 671 1730 711 series

229 733 276 775 in
307 746 443 775 sensu
473 733 694 787 spirituali
722 734 1039 787 variegantur;
1074 734 1192 775 unde
1224 734 1586 775 modificationes
1619 733 1730 775 lucis

229 795 455 845 caelestis,
489 810 604 850 quae
636 798 803 838 sistunt
836 796 1014 838 colores
1046 798 1203 851 quales
1236 804 1458 851 apparent
1497 797 1541 838 in
1575 797 1728 845 caelis,

229 865 276 902 et
313 859 417 901 inde
453 860 498 900 in
536 859 758 914 lapidibus
790 861 1000 914 pretiosis
1036 862 1262 901 variorum
1295 874 1532 914 generum.
1594 860 1730 914 Quod

166 940 179 955 ·
230 923 533 964 “diademata
571 937 704 977 super
739 930 918 977 septem
951 925 1177 978 capitibus
1215 925 1424 965 draconis
1441 924 1459 938 ”
1490 925 1585 965 visa
1623 925 1728 973 sint,

227 993 299 1028 est
325 987 428 1041 quia
449 1000 556 1028 vera
578 1000 736 1027 sensus
759 986 940 1028 litterae
963 987 1103 1028 Verbi
1131 987 1300 1036 lucent,
1326 988 1580 1042 ubicunque
1604 994 1724 1037 sunt,

227 1055 324 1091 tam
349 1050 470 1103 apud
502 1049 647 1090 malos
679 1063 814 1104 quam
846 1050 965 1104 apud
997 1051 1170 1101 bonos;
1210 1050 1287 1091 lux
1321 1052 1441 1091 enim
1469 1051 1728 1104 spiritualis,

227 1126 342 1168 quae
374 1113 462 1154 illis
493 1113 627 1162 inest,
662 1127 754 1154 non
786 1115 1097 1167 exstinguitur
1133 1115 1235 1168 quia
1268 1116 1386 1168 apud
1427 1114 1573 1155 malos
1607 1122 1727 1163 sunt,

227 1189 332 1218 nam
356 1176 533 1218 caelum
557 1190 695 1231 usque
717 1177 762 1217 in
785 1176 863 1218 illa
885 1191 992 1218 vera
1015 1178 1183 1218 influit:
1219 1185 1266 1218 at
1290 1179 1393 1232 quia
1417 1178 1524 1218 mali
1547 1178 1725 1219 adulte-

225 1246 330 1282 rant
354 1239 446 1288 illa,
471 1246 518 1281 et
549 1240 654 1281 inde
682 1253 772 1280 non
799 1241 956 1282 vident
979 1241 1146 1295 aliquid
1175 1241 1285 1282 lucis
1309 1241 1422 1282 caeli
1449 1243 1492 1281 in
1520 1241 1622 1289 illis,
1648 1241 1727 1282 sed

227 1316 367 1358 usque
393 1304 496 1357 quia
517 1303 708 1344 credunt
735 1302 894 1344 sancta
919 1318 1032 1352 esse,
1062 1318 1121 1345 ex
1149 1319 1217 1353 eo,
1243 1305 1363 1358 quod
1390 1304 1623 1358 applicent
1651 1304 1729 1345 illa

226 1366 284 1407 ad
310 1365 671 1408 confirmandum
697 1367 809 1407 salsa
832 1381 938 1408 suae
961 1368 1206 1421 religionis,
1233 1368 1336 1409 inde
1364 1382 1424 1409 ex
1450 1368 1537 1408 fide
1562 1366 1730 1409 sancti-

226 1430 336 1472 tatis
361 1429 482 1484 apud
511 1429 615 1470 illos
642 1445 782 1484 usque
807 1444 961 1472 coram
988 1431 1075 1472 illis
1109 1431 1289 1472 lucent:
1330 1438 1376 1472 et
1410 1433 1513 1486 quia
1546 1432 1610 1472 ita
1641 1438 1727 1480 est,

225 1499 274 1535 et
313 1506 392 1548 per
431 1493 510 1534 illa
547 1507 654 1534 vera
691 1495 1154 1536 communicationem
1194 1495 1276 1535 sibi
1314 1501 1584 1548 comparant
1624 1507 1727 1535 cum

226 1556 379 1606 caelis,
407 1557 510 1598 ideo
537 1557 726 1598 tandem
753 1558 1046 1611 deprivantur
1077 1558 1179 1607 illis,
1209 1572 1261 1599 ac
1295 1558 1609 1612 relinquuntur
1636 1558 1728 1598 suis

225 1620 362 1669 salsis,
395 1621 440 1662 in
472 1618 633 1674 quibus
665 1634 756 1661 non
788 1620 938 1674 aliqua
979 1621 1059 1662 lux
1098 1629 1183 1670 est,
1219 1622 1339 1675 quod
1372 1621 1421 1662 fit
1460 1620 1642 1674 quando
1682 1621 1726 1661 in

226 1684 448 1725 infernum
481 1685 797 1725 demittuntur.
860 1684 994 1738 Quod
1034 1699 1142 1726 vera
1179 1699 1340 1726 sensus
1373 1685 1554 1726 litterae
1587 1684 1729 1725 Verbi

226 1754 477 1802 appareant
492 1748 608 1789 sicut
627 1748 903 1797 diademata,
920 1754 1135 1789 constare
1151 1739 1310 1802 potest*
1322 1763 1380 1789 ex
1396 1748 1728 1789 diadematibus

225 1811 271 1853 in
294 1811 464 1852 mundo
486 1811 730 1864 spirituali:
765 1812 809 1851 in
833 1811 1102 1865 angelorum
1125 1812 1306 1867 palatiis
1330 1813 1373 1852 in
1397 1811 1526 1853 caelo
1549 1811 1727 1864 fulgent

226 1873 355 1928 plura
372 1888 432 1916 ex
454 1874 678 1928 lapidibus
697 1875 907 1928 pretiosis
925 1889 934 1925 3
962 1882 1008 1916 et
1026 1889 1204 1929 quoque
1224 1875 1395 1928 lapides
1414 1876 1600 1929 pretiosi
1622 1875 1728 1915 inde

225 1937 496 1992 quandoque
514 1937 819 1978 demittuntur
840 1938 884 1978 in
906 1938 1127 1987 inferiora,
1147 1952 1198 1979 ac
1219 1939 1340 1979 dono
1359 1939 1524 1979 dantur
1542 1938 1630 1979 illis
1654 1939 1728 1992 qui

226 2000 392 2055 aliquid
424 2001 532 2042 boni
561 2001 791 2051 fecerunt;
825 2002 965 2042 immo
992 2003 1130 2043 etiam
1159 2003 1218 2042 ibi
1250 2003 1508 2043 venduntur
1534 2003 1650 2043 sicut
1684 2003 1726 2042 in

220 2064 409 2114 mundo,
437 2065 654 2118 imprimis
679 2078 706 2104 a
729 2064 925 2117 Judaeis,
955 2066 1028 2119 qui
1055 2078 1157 2106 cum
1180 2065 1268 2106 illis
1291 2067 1430 2106 etiam
1458 2066 1516 2106 ibi
1544 2067 1727 2119 negoti-

225 2133 384 2179 antur;
406 2127 540 2182 «quod
571 2127 729 2180 Judaei
756 2141 858 2169 curn
890 2128 977 2169 illis
1009 2129 1053 2169 in
1086 2129 1256 2170 mundo
1282 2129 1503 2182 spirituali
1535 2130 1651 2170 sicut
1683 2130 1728 2169 in

226 2190 397 2232 mundo
419 2191 613 2232 naturali
635 2192 944 2244 negotientur,
969 2192 1130 2233 datum
1154 2199 1199 2233 et
1224 2205 1492 2233 concessum
1515 2199 1600 2241 est,
1627 2193 1730 2246 quia

226 2267 409 2295 sensum
435 2254 616 2295 litterae
644 2254 786 2295 Verbi
812 2253 1020 2296 sanctum
1052 2255 1252 2296 habent:
1293 2256 1396 2296 inde
1429 2271 1608 2310 quoque
1640 2264 1726 2305 est,

225 2317 348 2372 quod
379 2317 554 2359 nobiles
590 2317 784 2358 feminae
820 2318 933 2359 infra
969 2318 1122 2359 caelos
1159 2320 1298 2360 etiam
1342 2334 1390 2360 se
1428 2327 1592 2360 ornent
1631 2320 1728 2360 dia-

226 2381 498 2429 demaffibus,
527 2381 732 2422 similiter
764 2388 812 2422 ut
844 2382 887 2422 in
920 2382 1116 2423 mundo:
1152 2389 1199 2423 et
1231 2396 1334 2423 cum
1361 2384 1623 2436 inquisitum
1657 2391 1728 2425 est

225 2444 345 2486 unde
367 2443 444 2485 illa
461 2444 722 2485 diademata
744 2445 788 2484 in
812 2444 955 2494 caelo,
977 2451 1022 2486 et
1046 2445 1151 2486 inde
1174 2447 1217 2486 in
1241 2446 1535 2494 inferioribus,
1557 2445 1727 2488 dictum

226 2513 297 2548 est
322 2507 443 2561 quod
470 2507 559 2548 sint
586 2521 611 2548 a
639 2507 852 2556 Domino,
877 2515 924 2549 et
951 2523 977 2549 a
1004 2508 1103 2550 luce
1130 2509 1350 2562 spirituali
1377 2524 1491 2563 quae
1519 2511 1576 2551 ab
1604 2510 1726 2564 Ipso,

225 2577 274 2612 et
298 2571 419 2625 quod
446 2572 536 2612 sint
563 2571 722 2612 ultima
739 2571 855 2612 illius
883 2571 1008 2621 lucis,
1037 2586 1151 2626 quae
1178 2580 1400 2614 vocantur
1427 2572 1640 2624 effectum
1674 2588 1726 2615 ac

226 2635 347 2689 quod
388 2635 479 2676 sint
524 2635 694 2676 formae
735 2637 1155 2688 repraesentativae
1196 2635 1484 2678 affectionum
1530 2639 1622 2678 veri
1669 2652 1728 2679 ex

225 2698 375 2750 bono;
407 2699 472 2740 ita
503 2698 623 2752 quod
651 2699 742 2739 sint
777 2698 941 2739 Divina
965 2713 1072 2740 vera
1104 2700 1147 2740 in
1181 2699 1341 2740 ultimo
1368 2701 1550 2749 ordinis,
1580 2701 1730 2754 qualia

226 2767 332 2803 sunt
364 2775 470 2802 vera
503 2775 661 2802 sensus
697 2761 876 2803 litterae
909 2762 1063 2803 Verbi.
1127 2761 1244 2815 Quia
1275 2763 1379 2804 inde
1412 2770 1518 2804 sunt
1555 2763 1729 2817 lapides

227 2826 427 2880 pretiosi,
461 2826 564 2867 ideo
596 2840 775 2880 quoque
807 2826 1029 2880 aliquibus
1066 2827 1110 2867 in
1147 2827 1318 2868 mundo
1350 2828 1584 2881 spirituum
1619 2827 1726 2869 licet

226 2888 418 2930 formare
440 2889 706 2930 diademata
728 2903 806 2943 per
831 2890 1069 2930 insitiones
1092 2890 1372 2944 quarundam
1398 2892 1643 2931 veritatum
1666 2905 1726 2932 ex

227 2965 361 2993 sensu
379 2951 559 2994 litterae
578 2952 718 2994 Verbi
737 2967 745 3003 ;
773 2953 852 2994 sed
871 2953 984 2994 haec
1001 2953 1262 2994 diademata
1281 2967 1371 2994 non
1390 2960 1494 2994 sunt
1511 2954 1724 3007 genuina,

227 3015 390 3058 duritie
415 3017 531 3058 sicut
559 3016 776 3070 crystalli,
805 3018 907 3071 quia
939 3023 1036 3058 arte
1068 3015 1198 3058 facta.
1257 3017 1331 3058 Ex
1364 3018 1431 3058 his
1465 3031 1582 3058 nunc
1617 3030 1727 3058 con-
