2054 3464
415 371 438 401 2
449 371 523 403 102
825 372 1154 408 APOCALYPSIS
1185 376 1482 410 EXPLICATA.

412 496 533 524 mare
570 484 626 525 de
662 484 774 525 falso
816 491 862 526 et
903 486 1037 536 malo,
1075 501 1126 529 ac
1163 489 1426 531 reformare:
1473 492 1592 545 quod
1630 506 1655 532 a
1695 492 1891 536 Domino

412 546 589 586 dicatur
613 547 824 588 “festuca
846 562 905 588 ex
928 549 1060 589 oculo
1082 551 1267 599 fratris,”
1284 558 1329 592 et
1356 553 1517 594 “trabs
1541 555 1583 594 in
1607 554 1739 595 oculo
1760 554 1892 608 ejus,”

414 614 483 648 est
516 615 699 662 propter
724 623 904 651 sensum
931 612 1208 664 spiritualem
1241 615 1284 654 in
1316 615 1502 668 singulis
1529 630 1643 669 quae
1672 616 1892 659 Dominus

411 669 588 711 locutus
611 677 706 722 est;
740 685 844 712 nam
867 673 1035 727 absque
1062 688 1116 715 eo
1143 689 1289 724 sensu,
1314 678 1416 730 quid
1442 678 1556 718 foret
1580 679 1729 719 videre
1751 679 1891 721 festu-

410 745 509 773 cam
548 734 591 773 in
630 733 761 774 oculo
797 735 995 784 alterius,
1029 743 1075 778 et
1114 751 1204 778 non
1241 740 1600 781 animadvertere
1633 741 1806 782 trabem
1846 741 1892 783 in

410 795 542 835 oculo
574 797 684 836 suo?
727 803 822 838 tum
855 797 1012 850 ejicere
1045 800 1220 841 trabem
1252 815 1311 841 ex
1349 816 1430 843 suo
1467 803 1614 851 oculo,
1648 811 1892 858 antequam

408 858 627 899 festucam
660 873 719 900 ex
751 860 882 901 oculo
909 860 1123 903 alterius?
1184 863 1267 904 Per
1295 864 1551 906 “festucam
1565 865 1583 880 ”
1606 866 1725 907 enim
1751 866 1892 920 signi-

408 919 567 961 ficatur
598 921 717 962 exile
748 922 908 963 falsum
940 924 1060 973 mali,
1094 938 1145 965 ac
1179 939 1257 978 per
1285 927 1531 967 “trabem”
1564 941 1777 980 magnum
1808 927 1890 970 fal-

408 995 505 1022 sum
532 983 650 1032 mali,
675 997 726 1024 ac
754 998 831 1038 per
858 986 1104 1026 “oculum'’
1126 987 1402 1040 significatur
1423 987 1680 1030 intellectus
1707 995 1753 1031 et
1780 1004 1892 1044 quo·

408 1059 492 1098 que
523 1045 659 1096 fides;
698 1048 817 1100 quod
849 1062 927 1101 per
957 1049 1238 1090 “festucam”
1266 1057 1312 1091 et
1348 1052 1591 1092 “trabem”
1618 1051 1894 1105 significetur

407 1107 567 1148 falsum
605 1109 725 1158 mali,
759 1116 828 1151 est
870 1112 972 1164 quia
1013 1125 1091 1164 per
1125 1112 1363 1164 “lignum’'
1395 1114 1672 1166 significatur
1708 1115 1890 1165 bonum,

409 1183 460 1210 ac
492 1171 595 1211 inde
628 1185 705 1224 per
734 1173 947 1213 “trabem
961 1173 980 1188 ’'
1005 1187 1159 1214 verum
1196 1175 1315 1223 boni,
1349 1189 1399 1216 ac
1442 1177 1485 1216 in
1517 1177 1728 1229 opposito
1759 1176 1892 1218 sensu

409 1232 568 1273 salsum
606 1234 725 1282 mali,
759 1248 926 1287 perque
961 1235 1175 1276 “oculum
1189 1236 1208 1252 ''
1234 1236 1491 1278 intellefms
1527 1245 1573 1279 et
1610 1238 1746 1289 fides;
1789 1238 1893 1281 inde

411 1301 538 1348 patet
557 1297 661 1349 quid
684 1310 762 1349 per
781 1298 969 1338 “videre
987 1298 1206 1339 festucam
1227 1305 1272 1340 et
1295 1300 1511 1349 trabem,”
1529 1314 1580 1341 ac
1599 1315 1678 1354 per
1697 1300 1893 1354 “ejicere

406 1356 507 1396 illas
532 1370 591 1396 eX
617 1357 784 1398 oculo’'
809 1358 1103 1410 significatur.
1162 1370 1275 1407 (Quod
1292 1367 1441 1408 “lignum
1454 1371 1470 1381 ’'
1487 1372 1642 1409 significet
1659 1372 1792 1407 bonum,
1807 1377 1839 1402 et
1857 1373 1893 1403 in

368 1456 371 1459 Ι
406 1417 552 1454 opposito
564 1425 659 1446 sensu
670 1418 798 1452 malum,
812 1418 955 1447 videatur
965 1418 997 1447 in
1008 1419 1148 1448 Arcanis
1163 1420 1357 1455 Caelestibus,
1369 1430 1399 1450 n.
1412 1421 1480 1458 643,
1493 1430 1582 1458 3720,
1594 1430 1683 1459 4943,
1697 1423 1784 1460 8354.
1796 1424 1894 1461 874οὲ

407 1466 436 1490 et
464 1462 552 1497 quod
581 1462 746 1491 “oculus''
775 1463 929 1500 significet
955 1463 1150 1493 intelleti’mm
1178 1470 1208 1493 et
1236 1474 1364 1502 quoque
1392 1465 1498 1500 fidem,
1527 1475 1557 1495 n.
1588 1475 1675 1502 2701,
1703 1476 1894 1506 4403-4421·

406 1518 598 1548 4523-4534,
614 1519 704 1548 9051,
722 1513 829 1549 10569,
846 1512 906 1547 ibi;
931 1517 962 1541 et
981 1522 1111 1550 quoque
1127 1523 1231 1551 supra,
1252 1523 1283 1544 n.
1301 1514 1365 1556 37,
1392 1514 1467 1556 152
1482 1525 1488 1544 ;
1513 1516 1606 1544 etiam
1624 1513 1640 1524 '¹
1653 1517 1766 1545 trabs''
1782 1517 1894 1554 aliqui-

406 1559 506 1587 busin
517 1559 594 1587 locis
605 1560 795 1594 nominatur,
806 1564 836 1588 et
847 1569 903 1597 per
915 1561 998 1589 illam
1012 1561 1203 1598 significatur
1213 1562 1324 1591 falsum
1337 1563 1420 1596 mali,
1433 1567 1468 1591 ut
1483 1563 1587 1593 Genes.
1601 1563 1661 1593 xiX.
1676 1565 1692 1593 8
1703 1573 1710 1599 ;
1732 1573 1750 1594 2
1762 1564 1841 1604 Reg.
1853 1563 1892 1594 vi.
1906 1594 1910 1595 ⁷

409 1618 437 1642 2,
454 1615 482 1645 5,
500 1608 536 1643 6,
562 1609 685 1639 Habak.
701 1609 731 1639 ii.
749 1618 803 1645 11;
829 1611 915 1639 Cant.
932 1610 951 1640 i.
967 1610 1029 1648 17.)
1086 1601 1227 1653 Apud
1253 1602 1461 1651 eundem,

474 1698 571 1739 “Qui
596 1698 680 1730 facit
704 1704 738 1729 et
762 1699 874 1737 docet,
896 1699 925 1730 is
950 1710 1100 1739 magnus
1125 1701 1308 1732 vocabitur
1331 1701 1366 1732 in
1392 1712 1502 1742 regno
1527 1703 1714 1735 caelorum.
1762 1703 1887 1737 Dico..

579 1743 692 1780 vobis,
709 1742 777 1773 nisi
794 1743 1028 1774 abundaverit
1040 1743 1175 1783 justitia
1189 1751 1308 1775 vestra
1321 1755 1427 1785 supra
1440 1746 1639 1777 Scribarum
1657 1753 1692 1778 et
1710 1746 1893 1780 Pharisae-

579 1795 692 1822 orum,
710 1795 781 1816 non
800 1786 978 1817 intrabitis
1003 1787 1038 1817 in
1064 1797 1210 1826 regnum
1229 1788 1416 1820 caelorum.
1463 1789 1659 1821 Audivistis
1679 1791 1773 1830 quod
1796 1798 1892 1823 vete-

579 1829 676 1859 ribus
698 1827 830 1860 dietum
849 1829 903 1867 sit,
923 1829 1003 1860 Non
1024 1831 1162 1861 occides
1180 1840 1187 1867 ;
1212 1832 1368 1871 quisquis
1388 1838 1505 1863 autem
1523 1833 1698 1871 occiderit,
1716 1834 1891 1866 obnoxius

579 1872 645 1903 erit
662 1871 792 1911 judicio
807 1881 814 1908 ;
841 1872 916 1912 Ego
931 1883 1016 1904 vero
1033 1873 1111 1904 dico
1125 1874 1236 1912 vobis,
1252 1875 1344 1914 quod
1362 1875 1519 1916 quisquis
1533 1876 1693 1908 irascitur
1709 1876 1808 1909 fratri
1825 1887 1890 1909 suo

578 1921 721 1953 temere,
736 1916 911 1947 obnoxius
925 1917 991 1947 erit
1004 1916 1135 1956 judicio
1149 1926 1155 1954 ;
1173 1918 1330 1958 quisquis
1342 1928 1426 1950 vero
1440 1919 1566 1950 dixerit
1579 1919 1678 1951 fratri
1691 1929 1766 1957 suo,
1781 1920 1890 1957 Raka.

579 1959 754 1990 obnoxius
772 1959 837 1990 erit
854 1960 1042 1999 synedrio;
1067 1960 1264 2000 quicunque
1281 1967 1398 1992 autem
1419 1961 1554 2000 dixerit,
1574 1962 1695 1999 Stulte,
1714 1963 1890 1995 obnoxius

579 2002 646 2032 erit
658 2003 843 2042 gehennae
860 2003 962 2042 ignis.
1010 2003 1046 2034 Si
1063 2004 1232 2034 obtuleris
1247 2013 1373 2035 manus
1385 2010 1481 2035 tuum
1497 2015 1602 2045 super
1614 2006 1735 2043 altare,
1749 2012 1784 2038 et
1796 2007 1890 2047 apud

578 2045 645 2076 hoc
670 2046 873 2076 recordatus
897 2046 1006 2077 fueris
1030 2047 1124 2086 quod
1147 2046 1256 2078 frater
1280 2054 1359 2078 tuus
1388 2048 1515 2079 habeat
1542 2049 1674 2089 aliquid
1698 2055 1821 2081 contra
1844 2050 1889 2088 t'e,

582 2089 740 2129 relinque
761 2087 843 2119 [dibi
863 2099 990 2120 manus
1010 2099 1127 2120 coram
1148 2090 1260 2127 altari,
1279 2097 1313 2121 et
1332 2091 1398 2127 abi,
1417 2091 1512 2130 prius
1530 2092 1758 2124 reconciliare
1777 2091 1888 2131 fratri,

581 2137 616 2162 et
633 2138 716 2162 tunc
733 2132 882 2163 veniens
900 2132 989 2163 offer
1006 2143 1134 2164 munus
1155 2139 1252 2164 tuum
1264 2133 1280 2144 ''
1297 2133 1342 2173 (v.
1363 2134 1499 2174 19-24):

406 2242 449 2282 in
483 2247 584 2282 toto
616 2241 694 2282 illo
726 2243 875 2295 capite
907 2243 1057 2295 agitur
1087 2243 1142 2283 de
1174 2244 1268 2283 vita
1299 2244 1509 2285 interiore
1540 2244 1747 2293 hominis,
1774 2259 1888 2300 quae

406 2311 476 2345 est
503 2304 594 2356 ejus
620 2305 810 2352 animae,
839 2305 1024 2357 proinde
1047 2304 1139 2357 ejus
1165 2305 1415 2346 voluntatis
1442 2313 1487 2347 et
1514 2307 1617 2347 inde
1641 2309 1885 2360 cogitatio-

407 2368 500 2417 nis3
533 2367 597 2407 ita
620 2367 674 2407 de
692 2367 785 2407 vita
807 2367 1057 2415 charitatis,
1078 2381 1190 2420 quae
1213 2375 1282 2408 est
1301 2369 1395 2408 vita
1413 2369 1654 2421 spiritualis
1677 2370 1886 2421 moralis;

406 2443 538 2482 quarn
570 2430 711 2468 vitam
748 2429 823 2469 filii
862 2429 1019 2481 Jacobi
1051 2431 1170 2482 prius
1202 2431 1479 2482 ignorarunt,
1514 2445 1572 2471 ex
1605 2445 1752 2480 causa,
1785 2433 1888 2486 quia

406 2491 585 2531 externi
621 2490 826 2531 homines
863 2505 1001 2544 usque
1043 2506 1069 2531 a
1110 2493 1310 2545 patribus
1351 2506 1504 2533 eorum
1541 2494 1742 2535 fuerunt:
1785 2495 1887 2536 ideo

406 2553 543 2592 etiam
571 2553 844 2593 tenebantur
877 2554 1026 2594 vivere
1058 2555 1101 2594 in
1133 2554 1257 2594 cultu
1283 2561 1491 2603 externo,
1519 2557 1764 2596 secundum
1791 2563 1885 2598 sta-

406 2620 521 2663 tuta,
555 2629 669 2668 quae
708 2621 837 2656 erant
874 2622 1066 2656 externa
1102 2618 1490 2669 repraesentantia
1525 2618 1703 2659 interna
1738 2619 1886 2661 cultus

405 2683 451 2717 et
480 2677 710 2718 ecclesiae.
771 2677 838 2718 At
871 2678 1090 2719 Dominus
1121 2680 1165 2719 in
1191 2679 1276 2719 hoc
1304 2681 1452 2732 capite
1479 2680 1613 2720 docet
1646 2682 1764 2734 quod
1796 2680 1884 2722 non

406 2739 552 2780 solum
590 2753 668 2792 per
703 2738 821 2780 facta
852 2747 1043 2781 externa
1075 2742 1456 2794 repraesentanda
1488 2748 1640 2783 essent
1673 2743 1886 2784 interiora

405 2801 637 2850 ecclesiae,
666 2802 743 2842 sed
771 2803 908 2843 etiam
934 2803 1054 2856 quod
1080 2804 1228 2843 anima
1254 2809 1299 2843 et
1327 2804 1462 2844 corde
1488 2805 1680 2845 amanda
1707 2811 1753 2846 et
1778 2805 1884 2846 faci-

405 2865 547 2914 enda;
585 2879 720 2917 quare
752 2866 824 2918 qui
855 2879 914 2905 ex
946 2866 1156 2906 interiore
1183 2866 1276 2906 vita
1308 2872 1499 2906 externa
1530 2867 1747 2908 ecclesiae
1778 2867 1883 2909 facit

405 2934 451 2968 et
493 2927 627 2968 docet
660 2928 779 2980 quod
811 2927 1074 2976 salvaretur,
1109 2927 1385 2981 significatur
1422 2942 1499 2980 per
1534 2927 1659 2981 “Qui
1694 2929 1799 2969 facit
1835 2935 1886 2970 et

405 2989 553 3039 docet,
588 3003 776 3043 magnus
808 2990 1042 3031 vocabitur
1077 2991 1121 3031 in
1157 3003 1298 3043 regno
1330 2990 1607 3031 caelorum:“
1644 2991 1762 3045 quod
1798 2990 1886 3043 nisi⁴
