2008 3458
392 383 504 425 2234
804 378 1136 413 APOCALvPsm
1166 379 1466 412 EXPLICATA.

388 495 532 536 facere
555 507 655 535 cum
678 492 857 543 sanctis,
882 499 928 534 et
950 492 1050 535 illos
1072 492 1288 542 vincere,”
1306 492 1581 547 significatur
1603 505 1754 546 pugna
1774 502 1875 535 cum
1916 508 1919 512 f

389 558 474 598 illis
493 558 565 610 qui
583 558 626 597 in
644 557 758 597 veris
774 571 831 597 ex
855 556 976 597 bono
998 562 1114 605 sunt,
1134 562 1180 598 et
1199 569 1288 597 non
1307 556 1500 597 assecuti
1519 554 1876 597 combinationes
1930 549 2001 600 ,ἶ

389 623 572 672 propter
598 619 895 672 apparentias.
957 617 1099 672 Supra
1123 618 1320 671 pluribus
1346 619 1389 659 in
1416 618 1524 659 locis
1551 615 1701 658 aetum
1727 622 1797 659 est
1818 617 1875 658 de
1927 669 1934 672 ‚

388 683 641 730 ratiociniis,
663 695 740 734 per
757 695 869 734 quae
888 681 1143 722 defensores
1161 680 1262 722 fidei
1280 687 1513 733 separatae
1532 694 1557 720 a
1575 681 1667 721 vita
1684 679 1876 720 induxe-

389 751 492 785 runt
510 744 629 785 falsis
647 745 931 797 apparentias
950 745 1054 793 veri,
1072 758 1150 798 per
1163 758 1271 798 quas
1286 744 1367 784 sibi
1383 744 1462 784 visi
1478 749 1581 784 sunt
1600 742 1900 784 submovisset
1922 756 1927 757 ⁷
1948 787 1953 789 ,

389 807 715 847 discordantias
748 820 849 848 cum
876 806 1059 857 Verbo;
1092 819 1245 848 verum
1277 806 1395 860 quod
1427 805 1754 846 discordantias
1785 817 1875 847 non

389 870 708 918 submoverint,
737 870 815 910 sed
848 869 967 923 quod
999 869 1138 910 telam
1164 869 1288 922 quasi
1320 882 1508 909 araneae
1540 867 1876 920 inconspicuam

389 933 633 981 texuerint,
661 933 718 973 ad
745 932 1046 973 inducendum
1072 932 1206 973 fidem
1231 932 1365 979 falsis,
1394 938 1602 972 constare
1632 936 1785 984 potest
1815 943 1875 972 ex

388 993 477 1033 illis
509 1007 625 1047 quae
656 1007 791 1046 supra
822 1003 867 1042 (n.
893 994 1042 1045 780[a],
1063 994 1238 1045 781[a‚b]‚
1259 993 1353 1044 786,
1378 1002 1530 1044 790[a])
1565 991 1709 1032 allata
1738 998 1874 1042 sunt;

388 1065 434 1098 et
461 1072 635 1111 quoque
658 1072 715 1098 ex
738 1058 833 1098 his:
868 1058 987 1111 quod
1014 1055 1230 1105 doctrina,
1254 1057 1602 1110 praedicatione,
1628 1062 1674 1096 et
1700 1055 1876 1108 scriptis

389 1127 602 1173 satagant
625 1126 671 1160 et
693 1120 864 1161 instent
892 1120 1011 1173 quod
1038 1119 1147 1160 fides
1174 1120 1281 1160 data
1303 1120 1359 1160 sit
1383 1118 1578 1159 medium
1601 1117 1874 1167 salvationis,

389 1184 491 1236 quia
516 1183 651 1223 homo
683 1196 773 1223 non
805 1189 957 1235 potest
990 1183 1156 1223 bonum
1188 1182 1332 1223 facere
1358 1196 1383 1222 a
1409 1195 1483 1232 se;
1516 1188 1561 1222 et
1588 1180 1707 1235 quod
1738 1193 1878 1235 usque
1922 1214 1927 1219 .

391 1245 512 1286 Deus
536 1252 746 1298 operetur
771 1246 890 1286 bona
922 1245 1039 1298 apud
1071 1245 1299 1286 hominem
1331 1244 1407 1285 illo
1438 1245 1604 1295 inscio;
1637 1257 1716 1297 per
1742 1255 1876 1298 quam

389 1309 698 1361 operationem
729 1308 860 1357 mala,
889 1322 1002 1361 quae
1033 1307 1170 1348 homo
1195 1306 1462 1360 justificatus
1489 1320 1566 1360 per
1591 1306 1725 1348 fidem
1755 1306 1874 1355 facit,
1922 1347 1926 1350 Δ

389 1384 478 1411 non
505 1377 608 1411 sunt
632 1377 836 1423 peccata,
867 1371 946 1411 sed
979 1377 1163 1411 naturae
1195 1369 1503 1420 infirmitates;
1537 1375 1582 1410 et
1609 1369 1728 1423 quod
1759 1368 1878 1410 mala

389 1447 446 1472 ex
481 1434 714 1486 proposito
746 1447 822 1473 seu
854 1433 1119 1481 voluntaria,
1146 1432 1218 1474 vel
1250 1433 1419 1480 statim,
1446 1432 1518 1473 vel
1550 1438 1652 1486 post
1683 1430 1878 1485 aliquam

389 1497 714 1548 paenitentiam
733 1496 833 1544 oris,
851 1497 1139 1536 remittantur
1156 1509 1164 1536 ι
1194 1502 1239 1536 et
1258 1495 1376 1549 quod
1394 1495 1496 1536 inde
1514 1501 1737 1548 sequatur,
1757 1493 1879 1548 quod
1896 1496 1903 1500 ”

389 1573 467 1611 per
495 1563 519 1578 ‘⁴
535 1572 671 1611 opera
683 1558 702 1573 ‘’
725 1565 771 1599 et
794 1572 872 1611 per
892 1562 916 1579 “
933 1558 1115 1607 facere,”
1133 1559 1176 1599 in
1198 1557 1368 1606 Verbo,
1393 1558 1670 1611 intelligatur
1691 1556 1800 1598 fides
1825 1569 1878 1598 ac

389 1621 521 1662 fidem
556 1621 733 1661 habere.
796 1621 922 1662 Haec
957 1621 1048 1662 tela
1084 1634 1236 1662 eorum
1273 1627 1356 1669 est,
1394 1634 1471 1673 per
1492 1633 1625 1674 quam
1661 1619 1878 1661 inducunt

389 1683 661 1736 simplicibus
688 1684 871 1724 credere
899 1684 1018 1737 quod
1050 1697 1109 1724 ex
1136 1683 1355 1724 thesauris
1382 1682 1627 1735 sapientiae
1653 1696 1730 1722 seu
1761 1681 1876 1722 inte-

388 1747 513 1786 rioris
554 1747 869 1799 perceptionis,
913 1746 985 1800 qui
1024 1746 1150 1787 unice
1191 1746 1308 1798 apud
1345 1743 1553 1786 d06tores
1592 1751 1638 1786 et
1678 1744 1878 1786 eruditos

389 1809 571 1860 repositi
598 1816 715 1857 sunt,
741 1809 1102 1862 deprompserint
1129 1807 1467 1849 auctoramenta
1488 1807 1613 1848 firma
1634 1821 1714 1861 pro
1736 1807 1877 1848 stabi-

390 1871 539 1911 liendo
557 1871 690 1912 fidem
708 1878 962 1924 separatam
980 1885 1005 1912 a
1022 1871 1258 1912 manifesto
1280 1878 1458 1920 conatu,
1475 1871 1548 1924 qui
1565 1877 1634 1911 est
1651 1870 1875 1920 voluntas,
1947 1922 1950 1932 .

389 1934 577 1974 faciendi
595 1934 713 1974 bona
735 1934 792 1974 ab
815 1934 995 1975 homine
1014 1948 1022 1984 ;
1056 1934 1118 1974 ita
1139 1934 1221 1974 sibi
1243 1939 1288 1974 et
1315 1935 1519 1974 universo
1542 1932 1708 1986 populo
1730 1931 1876 1974 eccle-

390 1997 479 2036 siae
512 1997 749 2037 remittunt
781 2003 827 2037 et
865 1996 1025 2037 laxant
1057 1996 1191 2045 frena,
1226 2002 1274 2037 ut
1306 2010 1364 2036 ex
1402 1995 1543 2036 lubitu
1573 2002 1619 2036 et
1651 2009 1710 2036 ex
1740 1996 1875 2048 genio

390 2060 588 2099 omnium
615 2060 1076 2112 concupiscentiarum
1105 2065 1244 2112 agant
1267 2065 1312 2099 et
1335 2059 1514 2108 vivant;
1547 2058 1666 2112 quod
1692 2058 1874 2112 dogma,

388 2122 490 2174 quia
515 2123 635 2162 carni
657 2128 703 2162 et
730 2122 868 2163 oculis
892 2121 1055 2174 placet,
1081 2121 1330 2162 communis
1357 2127 1512 2161 coetus
1537 2120 1729 2162 libenter
1750 2134 1874 2162 rece-

1976 1110 2008 1189 ἀὲ

1983 1309 2008 1395 Ξ

1979 1405 2008 1501 Ξ

1994 1589 2008 1603 ,Α

1988 1608 2008 1635 *li

1962 1672 1968 1705 ³
1986 1641 2008 1717 Ξ

1957 1773 1962 1780 “
1995 1766 2008 1798 ‘l

2000 1810 2008 1827 ‚

1984 1835 2008 1869 14

389 2185 478 2236 pit:
506 2184 590 2224 hoc
618 2185 767 2237 itaque
793 2190 876 2232 est,
902 2184 1020 2237 quod
1047 2183 1321 2236 significatur
1342 2183 1411 2223 hic
1435 2196 1512 2235 per
1535 2183 1654 2236 quod
1680 2183 1896 2235 “datum,
1944 2233 1946 2235 ι

389 2248 445 2287 sit
464 2247 634 2288 bestiae
657 2247 825 2288 bellum
848 2247 990 2288 facere
1009 2260 1108 2287 cum
1131 2245 1311 2295 sanetis,
1331 2253 1376 2287 et
1394 2247 1569 2286 vincere
1588 2245 1726 2287 illos.”
1784 2245 1874 2288 Sed

389 2323 444 2350 ne
476 2311 717 2358 antistites,
752 2310 823 2363 qui
855 2310 897 2350 in
930 2310 973 2349 id
1005 2309 1185 2362 dogma,
1214 2322 1315 2349 cum
1341 2309 1383 2348 in
1410 2308 1726 2358 sacerdotium,
1754 2309 1874 2351 initi-

389 2380 533 2421 antur,
554 2379 599 2413 et
617 2387 675 2413 ex
693 2372 777 2412 illis
800 2372 990 2425 populus
1007 2371 1236 2426 ecclesiae,
1255 2385 1432 2412 veneno
1452 2384 1529 2424 per
1546 2378 1720 2412 astutas
1736 2373 1875 2414 ratio-

389 2436 636 2476 cinationes
655 2441 826 2488 parato,
843 2448 901 2475 ex
921 2448 1008 2488 quo
1027 2447 1116 2474 non
1135 2440 1322 2486 possunt
1340 2447 1429 2474 non
1448 2435 1573 2483 mori,
1589 2432 1872 2484 infestentur,

389 2498 522 2539 velim
562 2511 837 2538 reassumere
875 2497 1011 2537 modo
1051 2503 1322 2537 memoratas
1358 2497 1773 2549 argumentationes
1817 2498 1873 2539 de

388 2561 672 2613 separatione
694 2559 795 2600 fidei
817 2573 843 2600 a
864 2559 992 2600 bonis
1014 2559 1225 2600 faciendis
1247 2559 1303 2599 ab
1325 2558 1518 2607 homine,
1543 2565 1639 2599 tum
1662 2558 1873 2613 conjunc-

389 2625 534 2665 tiones
575 2623 794 2663 fallaciter
825 2635 981 2670 nexas,
1015 2635 1093 2674 per
1123 2635 1231 2675 quas
1263 2622 1512 2674 procedunt
1550 2622 1606 2662 ab
1637 2621 1786 2676 aliquo
1817 2623 1874 2664 ad

389 2686 510 2734 nihil,
539 2700 616 2726 seu
642 2700 667 2726 a
693 2699 799 2726 vero
824 2685 880 2725 ad
906 2684 1079 2732 falsum,
1104 2691 1148 2724 et
1171 2685 1214 2724 in
1241 2684 1338 2725 luce
1365 2698 1515 2725 coram
1538 2683 1770 2726 intellectu
1791 2685 1873 2726 ali-

388 2756 608 2802 quatenus
623 2748 847 2788 illustrato
863 2748 1019 2788 sistere
1034 2746 1144 2787 falsa
1158 2746 1322 2787 maliet
1341 2747 1458 2787 mala
1472 2747 1568 2787 salsi
1587 2747 1871 2796 detestanda,

388 2825 500 2863 quae
539 2811 742 2864 dogmati
781 2811 852 2850 isti
891 2809 1126 2863 plusquam
1166 2809 1392 2850 haeretico
1431 2809 1596 2858 insunt,
1630 2815 1676 2850 et
1717 2823 1776 2850 ex
1818 2822 1874 2852 eo

389 2874 651 2914 continente
674 2873 795 2913 fluxu
821 2873 1083 2913 scaturiunt.

472 2935 554 2989 [b.]
602 2937 814 2985 Primum,
844 2935 972 2986 Quod
983 2935 1104 2989 fides
1133 2935 1242 2976 data
1267 2935 1330 2975 sz‘t
1359 2935 1549 2976 medium
1579 2933 1868 2984 salvationis,

387 2997 492 3050 quia
517 2997 641 3038 lcomo
663 3011 744 3038 non
764 3003 912 3049 potest
935 2997 1088 3037 bonum
1100 2997 1255 3049 facere
1277 3010 1304 3038 a
1328 2995 1579 3049 „sa—Quod
1610 2996 1747 3037 homo
1777 3009 1867 3037 non
