2098 3476
392 358 498 400 1944
796 356 1125 388 APOCALYPSIS
1157 354 1454 386 EXPLICATA.

388 469 479 508 veri
517 475 562 509 et
599 468 703 508 boni
741 468 796 508 sit
834 469 875 508 in
908 481 1073 520 genere
1105 481 1163 507 ex
1196 466 1358 519 triplici
1389 467 1574 519 origine,
1608 472 1653 507 et
1690 466 1791 508 inde
1822 467 1865 508 in

386 530 547 583 triplici
585 531 752 582 gradu;
795 531 836 570 in
875 543 1084 582 supremo
1121 530 1261 582 gradu
1298 535 1367 569 est
1404 528 1657 581 conjugium
1690 529 1865 570 illorum

386 593 458 645 qui
481 592 700 632 caelestes
719 599 948 639 vocantur,
970 593 1010 631 in
1035 591 1224 631 inferiori
1246 592 1361 631 inter
1383 590 1482 631 illos
1505 591 1577 644 qui
1598 591 1863 644 spirituales,

386 661 431 694 et
458 655 499 693 in
526 653 678 694 infimo
700 655 815 694 inter
837 654 937 694 illos
960 654 1031 706 qui
1055 653 1308 703 naturale53
1342 659 1412 693 tot
1436 653 1552 693 enim
1576 653 1741 705 gradus
1763 660 1866 694 sunt

386 717 643 756 interiorum
671 717 887 756 hominis:
927 717 1030 756 inde
1064 722 1155 755 tres
1182 715 1293 755 caeli
1320 722 1448 764 sunt;
1487 716 1559 768 qui
1590 716 1633 755 in
1659 729 1868 768 supremo

386 778 512 818 caelo
545 785 647 818 sunt
679 785 898 818 vocantur
929 777 1163 824 caelestes,
1198 779 1270 830 qui
1302 779 1343 818 in
1376 777 1566 818 inferiori
1597 778 1863 830 spirituales,

353 842 432 880 ''et
464 841 536 892 qui
568 841 611 879 in
644 840 795 880 infimo
823 840 1062 880 naturales,
1125 840 1390 893 Conjugium
1415 839 1672 881 intellectus
1697 841 1790 881 veri
1820 848 1866 882 et

386 903 490 942 boni
514 916 612 942 cum
635 901 867 943 affectione
891 904 981 942 veri
1005 909 1050 943 et
1073 903 1177 942 boni
1200 903 1317 955 apud
1340 903 1574 952 caelestes,
1598 902 1867 956 intelligitur

386 977 463 1016 per
491 965 757 1005 “eunuchos
785 966 855 1018 qui
883 967 925 1005 in
955 971 1082 1005 utero
1108 966 1262 1005 matris
1289 966 1382 1005 nati
1408 971 1510 1006 sunt
1537 966 1726 1006 eunuchi
1743 965 1776 1016 ;”
1806 979 1866 1007 ex

387 1041 519 1067 causa
545 1028 645 1080 quia
670 1027 745 1076 illi,
775 1029 878 1068 dum
905 1027 1242 1080 regenerantur,
1267 1029 1485 1080 recipiunt
1511 1042 1616 1068 vera
1641 1029 1796 1070 statim
1822 1030 1866 1070 in

384 1091 477 1129 vita
503 1103 579 1142 per
604 1104 802 1131 amorem
830 1104 982 1131 eorum
999 1123 1007 1138 ‚
1043 1091 1145 1130 inde
1173 1097 1242 1131 est
1269 1091 1388 1144 quod
1415 1091 1476 1131 illi
1502 1092 1646 1132 sciant
1672 1105 1778 1132 vera
1802 1106 1864 1133 ex

386 1152 489 1204 ipsis
521 1154 659 1192 veris:
699 1154 983 1205 regeneratio
1015 1166 1167 1193 eorum
1201 1167 1225 1193 a
1257 1153 1453 1193 Domino
1485 1167 1563 1206 per
1593 1167 1791 1195 amorem
1822 1155 1866 1195 in

388 1214 538 1266 Ipsum
565 1214 840 1267 significatur
867 1229 944 1267 per
971 1216 1052 1255 “in
1079 1222 1208 1255 utero
1234 1215 1325 1255 fieri
1348 1213 1649 1264 [¹]eunuchos‚”
1674 1217 1738 1257 ita
1763 1217 1864 1258 abs-

388 1291 471 1329 que
498 1276 664 1317 lascivo
687 1278 903 1318 adulterii.
966 1277 1230 1330 Conjugium
1253 1284 1404 1318 autem
1426 1277 1682 1320 intelle&us
1703 1281 1794 1320 veri
1819 1287 1865 1321 et

387 1338 492 1379 boni
524 1352 623 1379 curn
656 1339 889 1380 affectione
922 1342 1012 1380 veri
1044 1347 1090 1380 et
1122 1341 1227 1380 boni
1258 1341 1375 1393 apud
1406 1340 1671 1393 spirituales,
1698 1342 1864 1384 intelli-

387 1402 506 1454 gitur
528 1415 604 1454 per
629 1403 893 1442 “eunuchos
915 1403 987 1455 qui
1014 1403 1070 1443 ab
1096 1403 1348 1443 hominibus
1370 1402 1472 1444 facti
1499 1411 1602 1444 sunt
1624 1405 1815 1446 eunuchi
1832 1405 1865 1455 ;”

386 1464 430 1503 hi
456 1465 573 1503 enim
601 1477 689 1504 non
716 1466 758 1504 in
786 1471 926 1513 utem,
956 1465 1040 1505 hoc
1073 1472 1155 1513 est,
1184 1479 1262 1518 per
1287 1479 1499 1515 amorem,
1528 1474 1863 1519 regenerantur,

385 1527 462 1566 sed
490 1540 566 1579 per
591 1541 695 1567 vera
717 1529 906 1580 primum
929 1536 1112 1581 recepta
1137 1530 1180 1569 in
1207 1530 1434 1578 memoria,
1459 1537 1505 1570 et
1531 1531 1632 1570 dein
1659 1530 1864 1572 intellec·

386 1589 567 1629 tualiter
592 1590 634 1629 in
662 1591 952 1642 cogitatione,
982 1598 1027 1631 et
1055 1593 1115 1632 sic
1143 1593 1322 1632 demum
1349 1593 1391 1632 in
1418 1593 1511 1632 vita
1537 1606 1614 1645 per
1639 1593 1862 1646 quandam

388 1650 667 1691 affectionem
714 1653 1014 1704 spiritualem;
1062 1655 1105 1694 hi
1151 1654 1357 1695 dicuntur
1400 1654 1529 1695 “fieri
1574 1656 1763 1696 eunuchi
1806 1669 1865 1696 ex

384 1714 674 1762 hominibus,”
711 1716 811 1767 quia
848 1729 925 1767 per
962 1715 1240 1757 intellectum
1278 1731 1335 1757 ex
1373 1718 1588 1758 memoria
1622 1718 1864 1759 reforman-

383 1782 467 1822 tur,
511 1783 556 1816 et
597 1777 801 1817 “homo''
838 1778 1061 1830 significat
1101 1779 1224 1819 illum
1265 1778 1558 1828 intellectum,
1600 1786 1648 1821 ut
1688 1794 1864 1834 quoque

383 1851 526 1889 supra,
552 1838 622 1878 ubi
646 1840 806 1880 dicitur
831 1841 1008 1881 “homo
1035 1848 1079 1881 et
1106 1842 1255 1882 uxor.”
1315 1842 1580 1895 conjugium
1602 1849 1753 1883 autem
1779 1842 1864 1896 [in-

383 1900 609 1954 tellectus]
644 1903 735 1941 veri
773 1908 817 1942 et
855 1903 960 1943 boni
998 1917 1097 1944 cum
1130 1903 1362 1945 affectione
1399 1906 1490 1946 veri
1526 1912 1571 1946 et
1607 1905 1711 1946 boni
1747 1906 1864 1958 apud

384 1964 622 2011 naturales,
657 1965 927 2017 intelligitur
959 1979 1037 2018 per
1071 1968 1335 2008 “eunuchos
1366 1969 1438 2021 qui
1470 1982 1516 2008 se
1547 1969 1666 2021 ipsos
1697 1968 1864 2010 faciunt

383 2026 611 2066 eunuchos
629 2026 662 2076 ;‘’
706 2028 932 2067 naturales
973 2030 1090 2068 enim
1131 2043 1209 2082 per
1245 2031 1527 2083 cognitiones
1567 2037 1612 2071 et
1653 2031 1862 2072 scientias

383 2088 465 2128 sibi
493 2096 754 2141 comparant
782 2090 930 2130 lumen
958 2092 1173 2141 naturale,
1198 2099 1243 2133 et
1268 2106 1346 2145 per
1371 2093 1537 2133 bonum
1563 2093 1680 2134 vitae
1707 2107 1863 2134 secun-

385 2151 489 2189 dum
526 2151 625 2190 illas
663 2150 957 2201 affectionem,
992 2161 1037 2194 et
1074 2155 1176 2194 inde
1214 2156 1649 2206 conscientiam;'et
1685 2156 1786 2209 quia
1820 2156 1864 2197 hi

385 2226 473 2252 non
495 2213 613 2252 aliud
637 2215 781 2254 sciunt
806 2229 937 2267 quam
961 2217 1080 2269 quod
1107 2218 1187 2269 ipsi
1214 2218 1297 2257 hoc
1321 2217 1498 2265 faciant,
1524 2230 1626 2257 narn
1649 2218 1864 2259 naturalis

384 2275 519 2315 homo
557 2289 645 2315 non
677 2278 844 2329 gaudet
877 2279 1179 2331 intelligentia
1210 2294 1296 2332 qua
1328 2280 1567 2332 spiritualis
1598 2280 1747 2329 homo,
1782 2294 1863 2321 nec

385 2338 551 2389 gaudet
579 2340 866 2390 perceptione
893 2355 978 2393 qua
1005 2341 1212 2382 caelestis
1238 2343 1388 2390 homo,
1417 2343 1518 2382 inde
1550 2349 1620 2383 est
1651 2343 1770 2396 quod
1801 2342 1866 2383 illi

383 2402 471 2439 sint
504 2402 575 2452 qui
606 2415 652 2440 se
685 2403 803 2453 ipsos
834 2403 1022 2453 faciant;
1062 2405 1141 2444 sed
1172 2406 1234 2445 ita
1261 2406 1419 2446 dicitur
1444 2419 1502 2445 ex
1529 2407 1792 2458 apparentia
1818 2414 1865 2446 et

386 2476 443 2502 ex
477 2462 561 2502 fide
588 2463 775 2503 obscura
801 2466 917 2518 apud
945 2467 1058 2507 illos.
1122 2468 1247 2508 Haec
1274 2469 1424 2521 itaque
1451 2475 1553 2508 sunt
1585 2482 1698 2521 quae
1729 2468 1863 2508 intel-

385 2525 583 2576 liguntur
610 2539 685 2577 per
711 2527 838 2566 “fieri
861 2530 1088 2569 eunuchos
1112 2537 1295 2582 propter
1315 2544 1502 2582 regnum
1527 2531 1609 2570 Dei
1627 2530 1660 2570 :'’
1692 2537 1736 2571 et
1763 2531 1865 2584 quia

385 2587 511 2637 pauci
538 2587 646 2627 haec
675 2590 866 2640 capiunt,
892 2591 1050 2630 dicitur
1076 2606 1100 2631 a
1127 2592 1336 2640 Domino,
1364 2592 1488 2644 “Qui
1515 2599 1666 2645 potest
1689 2606 1862 2645 capere,

385 2647 576 2698 capiat.”
634 2659 711 2694 (Sed
731 2661 771 2687 ad
786 2661 1022 2690 illustrationem
1044 2663 1137 2700 hujus
1152 2665 1206 2698 rei,
1223 2664 1388 2692 videantur
1402 2673 1484 2700 quae
1504 2664 1535 2692 in
1555 2673 1650 2701 opere
1666 2665 1716 2693 De
1734 2665 1824 2693 Caelo
1837 2668 1867 2693 et

385 2706 521 2744 lnferno,
537 2707 585 2734 De
601 2707 726 2735 duobus
743 2708 868 2745 Regnis,
883 2710 912 2737 in
928 2719 1009 2745 quae
1022 2711 1109 2740 Caeli
1125 2712 1259 2740 distincti
1272 2717 1361 2746 sunt;
1385 2717 1451 2740 tum
1468 2713 1517 2741 De
1529 2713 1626 2741 tribus
1638 2713 1740 2741 Caelis
1755 2722 1865 2741 seeun-

385 2752 460 2779 dum
477 2755 536 2779 tres
552 2751 676 2780 Gradus
691 2753 872 2781 interiorum
890 2754 1047 2789 Hominis,
1064 2765 1093 2785 n.
1111 2766 1224 2793 20-40;
1252 2762 1282 2785 et
1297 2766 1379 2794 quae
1402 2758 1450 2786 De
1473 2757 1634 2795 Conjugiis
1656 2758 1687 2786 in
1709 2757 1816 2791 Caelo,
1833 2767 1863 2788 n.

386 2801 534 2838 366-386,
551 2800 635 2829 dieta
651 2806 680 2829 et
693 2807 817 2830 ostensa
832 2806 928 2841 sunt.)
988 2795 1162 2835 Dicitur
1187 2796 1242 2836 de
1266 2796 1473 2847 JOhanne
1501 2795 1726 2849 BaptlSta,

458 2889 560 2929 Quod
582 2889 744 2928 impletus
765 2890 809 2920 sit
835 2891 963 2929 Spiritu
984 2891 1108 2922 sancio
1133 2893 1168 2923 in
1193 2899 1293 2924 utero
1313 2894 1456 2926 matris:
1486 2900 1521 2925 et
1544 2894 1638 2934 quod
1658 2895 1805 2934 embyro
1826 2894 1861 2924 in

557 2939 657 2963 utero
674 2933 718 2964 ad
736 2934 984 2966 salutationem
1004 2935 1137 2967 Mariae
1155 2938 1364 2968 exultaverit
1381 2937 1475 2978 (Luc.
1494 2938 1513 2969 i.
1532 2945 1579 2976 15,
1597 2946 1649 2976 41.
1667 2937 1740 2976 44):
