2008 3458
427 386 535 438 2362
837 393 1168 427 APOCALYPSIS
1199 394 1499 427 EXPLICATA.

421 507 613 559 jehovih
645 507 687 547 in
714 507 817 548 forti
843 506 1007 555 venit,'’
1033 506 1254 547 Dominus
1280 507 1398 548 enim
1427 521 1486 548 ex
1514 507 1679 548 Divino
1703 506 1828 548 Vero
1857 507 1903 550 in

424 569 578 613 Verbo
600 576 788 610 vocatur
807 573 832 590 “
847 569 1009 618 Deus,”
1027 575 1073 610 et
1100 583 1159 610 ex
1183 569 1348 611 Divino
1364 570 1499 610 Bono
1521 575 1709 611 vocatur
1729 569 1901 623 “Jeho-

423 632 550 677 vah,''
573 638 618 672 et
641 645 816 685 quoque
842 632 1100 672 “Dominus
1121 632 1314 685 Jehovih
1331 632 1366 683 ;”
1395 633 1476 672 “in
1502 632 1605 672 forti
1627 632 1778 673 venire
1791 631 1811 647 ”
1832 638 1903 674 est

421 694 481 794 χΙ,
501 693 752 794 faciendum
770 693 997 747 judicium,
1017 695 1081 736 ita
1102 694 1159 735 ad
1181 694 1509 748 subjugandum
1527 694 1710 735 inferna.
1764 692 1902 748 Apud

476 770 512 795 ac
527 770 630 805 tam,

488 852 505 865 “
518 850 558 882 In
579 852 801 883 extremitate
821 852 956 884 dierum
977 853 1043 884 erit
1063 843 1167 884 mons
1187 853 1313 884 domus
1333 852 1491 894 Jehovae
1511 853 1724 884 constitutus
1743 852 1780 884 in
1799 858 1904 893 caput

595 896 780 934 montium,
798 902 832 927 et
851 897 964 927 elatus
985 906 1068 936 prae
1088 897 1247 934 collibus,
1265 902 1300 927 et
1319 896 1499 927 confluent
1518 905 1624 936 super
1642 896 1741 927 illum
1762 895 1902 936 populi;

595 945 630 969 et
653 939 753 970 ibunt
776 945 902 979 gentes
928 940 1058 970 multae
1078 946 1113 971 et
1132 940 1258 978 dicent,
1283 940 1334 971 Ite
1358 946 1393 971 et
1416 939 1650 971 ascendamus
1673 940 1718 971 ad
1743 945 1902 972 montem

593 981 761 1022 jehovae,
776 983 820 1013 ad
833 983 978 1014 domum
995 982 1059 1014 Dei
1073 982 1205 1025 Jacobi,
1219 989 1257 1014 ut
1270 983 1395 1014 doceat
1412 992 1478 1014 nos
1492 983 1535 1014 de
1549 983 1615 1014 viis
1632 983 1716 1022 suis,
1730 989 1765 1014 et
1780 991 1903 1014 eamus

595 1026 631 1055 in
652 1025 786 1056 semitis
808 1024 924 1065 Ipsius
941 1036 947 1063 ;
977 1035 1058 1056 nam
1084 1036 1103 1057 e
1127 1026 1237 1057 Zione
1257 1027 1366 1057 exibit
1387 1026 1469 1064 Lex,
1490 1032 1525 1058 et
1544 1036 1663 1057 sermo
1681 1025 1839 1068 Jehovae
1859 1035 1904 1058 ex

596 1067 851 1108 Hierosolyma
865 1078 871 1106 ;
896 1076 978 1100 tunc
995 1069 1164 1109 judicabit
1181 1070 1272 1100 inter
1287 1075 1413 1109 gentes
1431 1069 1571 1107 multas,
1585 1076 1620 1100 et
1636 1069 1802 1110 corripiet
1817 1078 1904 1110 gen·

594 1118 647 1143 tes
668 1121 876 1143 numerosas
895 1122 1006 1153 usque
1027 1113 1062 1143 in
1083 1113 1328 1153 longinquum.
1359 1137 1366 1144 .
1381 1137 1388 1144 .
1402 1137 1410 1144 .
1424 1112 1620 1152 ,Regnabit
1637 1112 1814 1154 Jehovah.
1828 1136 1836 1144 .
1850 1111 1902 1144 ,in

594 1161 715 1186 monte
733 1155 849 1186 Sionis
870 1166 891 1186 a
910 1165 1003 1187 nunc
1021 1163 1055 1187 et
1075 1157 1110 1187 in
1128 1156 1327 1193 saeculum;
1352 1162 1404 1188 tu.
1419 1156 1540 1187 .turris
1557 1156 1685 1196 gregis,
1703 1156 1792 1187 clive
1811 1155 1903 1187 filiae

593 1198 726 1236 Zionis,
744 1199 788 1229 ad
808 1205 842 1230 te
862 1200 980 1230 veniet
1000 1205 1034 1230 et
1054 1199 1181 1230 redibit
1200 1209 1348 1239 regnum
1369 1199 1475 1239 prius¹
1493 1209 1643 1240 regnum
1663 1199 1754 1230 filiae
1775 1198 1903 1230 Hiero-

594 1241 753 1282 solymae
766 1241 784 1253 ''
801 1242 858 1281 (iv.
879 1251 949 1281 1-3,
969 1249 997 1281 7,
1019 1243 1071 1282 8):

421 1336 539 1389 quod
562 1336 785 1377 adventus
809 1336 991 1377 Domini
1014 1350 1065 1377 ac
1089 1337 1216 1389 regni
1240 1337 1384 1390 Ipsius
1406 1337 1449 1377 in
1472 1336 1608 1378 caelis
1631 1342 1678 1378 et
1703 1337 1747 1378 in
1770 1337 1901 1379 terris

421 1398 491 1438 hic
515 1398 808 1447 describatur,
833 1400 1017 1452 quisque
1040 1399 1163 1440 videt
1185 1413 1193 1449 ;
1227 1413 1362 1452 quare
1387 1413 1575 1452 regnum
1599 1399 1756 1453 Ipsius,
1780 1399 1901 1453 quod

421 1467 491 1500 est
524 1460 699 1501 caelum
735 1467 782 1502 et
819 1461 1023 1510 ecclesia,
1057 1461 1325 1514 intelligitur
1357 1475 1435 1514 per
1468 1465 1709 1503 “montem
1741 1462 1901 1503 domus

418 1522 658 1575 Jehovae,”
684 1524 757 1576 qui
789 1529 895 1565 tunc
920 1525 1196 1564 constitutus
1223 1524 1305 1565 erit
1337 1525 1380 1564 in
1408 1531 1543 1577 caput
1569 1525 1816 1575 montium;
1852 1530 1899 1566 et

421 1586 522 1637 quia
548 1599 626 1638 per
654 1586 913 1627 “Zionem'’
939 1586 1208 1639 intelligitur
1234 1586 1409 1627 caelum
1435 1593 1481 1627 et
1503 1586 1701 1628 'ecclesia
1728 1588 1773 1628 in
1803 1587 1899 1641 qui-

420 1647 500 1687 bus
532 1654 799 1700 regnaturus
838 1655 907 1690 est
945 1649 1182 1690 Dominus.
1203 1663 1280 1702 per
1313 1650 1522 1690 Divinum
1554 1662 1681 1690 suum
1712 1649 1899 1698 Verum,

420 1723 470 1750 ac
514 1724 591 1763 per
630 1711 1036 1764 “Hierosolymam
1050 1712 1068 1726 ’'
1105 1712 1373 1765 intelligitur
1409 1712 1584 1753 caelum
1621 1718 1667 1753 et
1708 1711 1900 1753 ecclesia

419 1774 566 1826 quoad
599 1772 850 1814 doetrinam
887 1788 946 1815 ex
983 1774 1148 1814 Divino
1185 1775 1264 1815 illo
1302 1775 1440 1823 Vero,
1472 1775 1575 1816 ideo
1606 1775 1781 1823 dicitur,
1817 1774 1898 1816 “E

419 1836 559 1877 Zione
597 1837 740 1878 exibit
777 1837 892 1885 Lex,
926 1843 971 1878 et
1009 1851 1156 1878 sermo
1191 1838 1392 1890 Jehovae
1429 1852 1488 1878 ex
1528 1838 1845 1890 Hierosolyma
1864 1837 1900 1878 :”

418 1897 652 1939 instructio
679 1900 877 1939 omnium
908 1913 966 1940 ex
1001 1900 1212 1951 Domino,
1241 1900 1508 1940 describitur
1532 1901 1576 1940 in
1609 1899 1899 1954 sequentibus
1958 1955 1960 1957 ‚

417 1961 489 2001 ibi.
551 1961 690 2014 Apud
715 1961 918 2011 Esaiam,

483 2057 501 2070 “
514 2056 680 2087 Exclama
694 2063 728 2088 et
744 2057 864 2097 jubila,
879 2058 1068 2089 habitatrix
1082 2057 1214 2096 Zionis,
1228 2058 1309 2099 quia
1325 2067 1476 2099 magnus
1494 2059 1529 2089 in
1546 2058 1663 2090 medio
1680 2058 1730 2090 tui
1747 2055 1898 2090 Sanctus

592 2100 734 2132 Israelis
748 2100 765 2112 '¹
783 2101 853 2140 (xii.
873 2102 926 2141 6);

417 2176 534 2229 apud
560 2176 768 2225 eundem,

483 2253 501 2265 “
514 2251 701 2292 Redempti
714 2251 871 2293 Jehovae
886 2258 1122 2284 revertentur.
1136 2277 1143 2285 .
1158 2253 1320 2285 .Zionem
1335 2263 1413 2284 cum
1429 2258 1545 2291 cantu,
1557 2257 1592 2284 et
1603 2244 1771 2293 gaudium
1784 2258 1898 2285 aeter·

590 2295 709 2326 nitatis
726 2305 831 2335 super
848 2296 961 2336 capite
979 2296 1129 2327 eorum”
1147 2296 1264 2336 (xxxv.
1284 2296 1336 2337 10)
1351 2306 1358 2335 ;

417 2376 535 2429 apud
561 2375 847 2428 Zeplzaniam,

483 2451 639 2492 “Jubila,
661 2451 732 2488 filia
754 2451 896 2490 Zionis;
925 2452 1059 2493 clange,
1082 2452 1214 2491 Israel;
1243 2453 1376 2485 laetare
1395 2459 1431 2485 et
1449 2453 1570 2486 exulta
1591 2464 1637 2486 ex
1659 2453 1758 2486 omni
1780 2454 1898 2492 corde.

590 2494 661 2525 filia
687 2494 980 2535 Hierosolymae;
1010 2497 1161 2528 removit
1179 2496 1340 2538 Jehovah
1364 2497 1494 2537 judicia
1517 2503 1587 2536 tua,
1607 2498 1734 2530 evertit
1756 2497 1896 2531 hostem

589 2544 714 2576 tuum„
728 2538 904 2579 .Jehovah
922 2539 957 2569 in
975 2539 1092 2571 medio
1109 2539 1188 2571 tui’'
1205 2540 1264 2580 (iii.
1285 2549 1333 2579 14,
1354 2541 1426 2579 15);

416 2620 535 2674 apud
563 2619 841 2669 Samariam,

482 2695 627 2738 ‘'Jubila
643 2702 678 2727 et
694 2696 835 2734 laetare,
854 2696 926 2727 filia
943 2696 1063 2728 Zionis
1078 2707 1085 2734 ;
1109 2707 1206 2730 ecce.
1220 2722 1227 2729 .
1238 2697 1313 2738 Ego
1330 2698 1478 2730 veniens
1495 2704 1533 2730 ut
1549 2699 1703 2731 habitem
1721 2701 1757 2732 in
1777 2699 1894 2731 medio

589 2740 654 2771 tui.
669 2764 676 2771 .
691 2764 698 2770 .
707 2764 714 2776 ‚
725 2745 760 2770 et
771 2740 1010 2771 adhaerebunt
1021 2747 1146 2780 gentes
1158 2741 1288 2773 multae
1298 2741 1455 2782 Jehovae
1466 2742 1501 2773 in
1511 2742 1567 2774 die
1579 2743 1639 2774 illo
1652 2752 1676 2782 ;.
1689 2768 1697 2775 .
1711 2744 1894 2776 .habitabo

589 2783 624 2813 in
643 2781 705 2814 te'¹
722 2782 768 2822 (ii.
790 2791 838 2821 14,
860 2791 896 2821 15
918 2781 976 2824 [B.
993 2785 1039 2815 A.
1063 2792 1111 2822 10,
1132 2782 1222 2825 11]);

416 2857 534 2909 apud
561 2857 767 2905 eundem,

482 2929 683 2960 “Revertar
699 2929 743 2960 ad
760 2930 913 2968 Sionem,
931 2937 965 2962 et
985 2930 1151 2962 habitabo
1169 2932 1204 2963 in
1225 2933 1341 2964 medio
1360 2932 1655 2974 Hierosolymae;
1679 2935 1773 2967 unde
1790 2945 1893 2968 voca‹

589 2972 1043 3056 ξέῒὲιῐὲξεέςῗῗέζῐίτιῖςῆώε
1057 2976 1224 3014 veritatis,
1237 2982 1271 3007 et
1285 2986 1388 3008 mons
1400 2976 1557 3018 Jehovae
1573 2976 1775 3022 [Zebaoth]‚
1787 2988 1891 3011 mons

910 3041 915 3048 ·
980 3042 987 3055 γ
