2054 3464
617 368 724 402 CAP.
748 369 1006 410 X11.,VERs.
1030 370 1178 415 7.-—N.
1201 360 1370 416 734[b].
1657 371 1769 420 2047

267 483 467 538 genuina
490 483 788 535 veraVerbi3
822 483 1091 526 confirmant
1118 485 1238 526 enim
1267 499 1347 526 sua
1371 484 1482 526 falsa
1507 499 1566 527 ex
1593 485 1766 536 Verbo,

267 547 350 589 sed
374 560 467 589 non
493 547 576 588 nisi
601 560 736 602 quam
763 561 822 588 ex
849 561 984 588 sensu
1016 547 1195 589 litterae
1221 548 1328 602 ejus,
1356 549 1429 603 qui
1461 548 1565 590 talis
1591 555 1661 590 est
1687 549 1768 590 ali-

267 610 428 665 qui-bus
464 611 509 652 in
547 609 656 652 locis
693 616 743 651 ut
781 610 898 652 trahi
936 612 1079 664 possit
1116 612 1174 652 ad
1208 611 1518 653 confirmanda
1554 612 1770 665 principia

267 686 442 716 summe
468 673 722 725 haeretica3
756 687 816 714 ex
843 687 978 715 causa
1003 675 1110 728 quia·
1132 674 1336 716 Verbum
1362 676 1406 716 in
1432 675 1511 716 illo
1537 689 1670 716 sensu
1697 682 1768 717 est

265 737 516 780 secundum
535 745 720 791 captum
743 737 963 779 infantum
987 746 1033 780 et
1056 739 1340 792 simplicium,
1361 753 1549 794 quorum
1568 738 1768 793 plerique

265 799 498 843 sensuales
520 806 640 850 sunt,
656 806 712 842 ‘et
739 800 783 841 hi
811 814 902 842 non
924 802 1145 855 recipiunt
1168 803 1250 843 nisi
1277 802 1386 843 talia
1411 816 1525 856 quae
1548 802 1768 856 apparent

132 874 173 914 ⁴2,
193 906 221 924 Δ,
264 875 419 906 coram
435 863 604 914 oculis;
638 870 684 904 et
707 864 810 917 quia
827 863 919 905 tale
938 871 1007 905 est
1026 864 1230 906 Verbum
1253 865 1298 906 in
1321 865 1487 913 littera,
1507 866 1609 907 ideo
1627 866 1700 920 qui
1723 867 1768 906 in

116 934 142 989 ‘a
198 922 205 928 ”
262 925 387 970 falsis
407 940 468 969 ex
490 927 612 968 malo
634 928 754 968 vitae
777 933 897 976 sunt,
917 927 1030 969 falsa
1051 942 1131 969 sua
1153 943 1212 969 ex
1236 928 1393 970 Verbo
1415 928 1701 978 confirmant,
1722 936 1768 970 et

247 990 328 1032 ἐἰς
341 989 547 1032 Verbum
561 989 800 1031 falsificant
817 1003 826 1031 ε
854 991 1007 1038 immo.
1025 991 1099 1045 qui
1117 990 1253 1032 fidem
1271 998 1484 1045 separant
1503 1006 1530 1032 a
1547 992 1768 1033 charitate

262 1053 327 1096 ita
365 1053 605 1096 falsificant
644 1053 848 1095 Verbum
886 1061 936 1096 ut
972 1055 1225 1109 ubicunque
1262 1055 1426 1096 dicitur
1459 1055 1685 1104 “sacere,''
1716 1069 1767 1096 ac

262 1117 554 1159 nominantur
577 1115 762 1158 “saeta'’
785 1124 831 1159 et
857 1117 1072 1171 “opera,”
1094 1117 1182 1166 illa,
1198 1118 1312 1167 loca,
1337 1133 1452 1172 quae
1476 1119 1616 1160 millia
1643 1125 1762 1167 sunt,

261 1179 513 1235 explicant,
538 1181 599 1222 sic
623 1187 671 1222 ut
699 1194 790 1222 non
814 1181 976 1230 facere,
1001 1194 1084 1223 nec
1107 1179 1275 1223 sac‘tum
1297 1189 1375 1223 aut
1399 1195 1511 1235 opus
1533 1182 1765 1235 intelliga-

260 1250 348 1291 tur.
376 1243 457 1286 sed
482 1244 666 1285 credere
691 1250 738 1286 et
761 1243 898 1295 fides;
931 1245 996 1286 ita
1020 1245 1065 1285 in
1091 1245 1284 1299 reliquis.
1348 1245 1476 1286 Haec
1499 1244 1620 1286 dicta
1642 1252 1763 1294 sunt,

260 1313 312 1351 ut
342 1307 510 1349 sciatur
539 1308 722 1362 quinam
759 1307 1077 1362 intelliguntur
1108 1322 1187 1362 per
1224 1308 1326 1350 illos
1358 1309 1432 1363 qui
1469 1309 1513 1350 in
1550 1308 1672 1349 falsis
1704 1323 1764 1349 ex

260 1370 383 1413 malo
408 1377 527 1420 sunt,
556 1384 582 1412 a
607 1371 768 1425 quibus
798 1370 1007 1412 “bellum
1039 1369 1206 1412 factum
1233 1378 1303 1413 est
1330 1385 1432 1412 cum
1465 1371 1689 1413 Michaele
1715 1379 1762 1413 et

99 1415 132 1443 '³²‘
211 1469 218 1474 .
264 1433 359 1489 ejus
379 1434 594 1489 angeliS‚’'
620 1435 677 1476 de
703 1435 864 1489 quibus
889 1435 933 1476 in
960 1442 1180 1489 sequente
1205 1435 1410 1477 articulo.

343 1501 429 1557 [lh]
472 1501 610 1557 Quod
636 1502 880 1544 “bellum”
905 1503 951 1544 in
976 1502 1137 1544 Verbo
1167 1502 1395 1557 significet
1426 1503 1601 1544 bellum
1630 1504 1762 1558 spiri-

259 1565 399 1615 tuale,
423 1565 555 1620 ¹quod
591 1572 662 1607 est
693 1565 792 1607 salsi
828 1580 888 1607 ex
921 1565 1043 1606 malo
1074 1572 1237 1607 contra
1267 1579 1422 1607 verum
1454 1580 1514 1607 ex
1547 1566 1682 1616 bono,
1716 1573 1764 1607 et

260 1628 472 1679 vicissim,
500 1643 579 1670 seu
605 1630 725 1684 quod
757 1629 892 1679 idem,
920 1629 1041 1683 quod
1073 1630 1131 1671 sit
1163 1629 1221 1670 ab
1252 1629 1339 1670 illis
1371 1630 1445 1683 qui
1476 1630 1520 1670 in
1552 1629 1673 1670 falsis
1705 1643 1765 1670 ex

261 1686 384 1734 malo
410 1698 515 1734 sunt
543 1699 705 1734 contra
736 1691 837 1733 illos
863 1693 939 1747 qui
969 1693 1013 1733 in
1039 1694 1155 1734 veris
1186 1707 1246 1734 ex
1279 1692 1401 1734 bono
1432 1699 1553 1742 sunt,
1581 1699 1766 1734 constat

258 1763 319 1798 ex
346 1755 546 1810 pluribus
568 1755 679 1797 locis
701 1756 745 1797 in
768 1755 938 1806 Verbo,
963 1770 1023 1797 ex
1047 1756 1209 1810 quibus
1231 1756 1470 1810 sequentia
1495 1754 1539 1797 in
1567 1756 1765 1797 medium

258 1818 366 1862 licet
393 1818 548 1861 afferre
564 1819 779 1873 z—Apud
804 1818 1008 1869 Esaiam,

325 1917 346 1935 ⁸⁶
355 1910 464 1949 Ibunt
482 1917 605 1959 populi
629 1916 731 1949 multi
755 1923 791 1949 et
809 1917 939 1955 dicent,
960 1916 1013 1949 Ite
1033 1923 1068 1949 et
1087 1917 1325 1949 ascendamus
1346 1917 1391 1949 ad
1411 1923 1572 1949 montem
1593 1916 1765 1959 Jehovae,

431 1961 478 1993 ad
501 1961 649 1993 domum
675 1961 743 1992 Dei
766 1960 902 2003 Jacobi,
922 1961 982 2002 qui
1007 1961 1148 1992 docebit
1172 1971 1240 1992 nos
1263 1962 1308 1993 de
1333 1961 1400 1992 viis
1421 1962 1505 1999 suis,
1526 1967 1564 1993 ut
1584 1971 1708 1993 eamus
1729 1962 1765 1993 in

432 2004 571 2038 semitis
597 2004 739 2046 Ipsius:
774 2014 857 2036 nam
882 2014 927 2036 ex
951 2004 1063 2036 Zione
1089 2005 1200 2037 exibit
1223 2005 1290 2043 lex,
1311 2011 1347 2037 et
1367 2006 1515 2037 verbum
1535 2005 1696 2047 Jehovae
1721 2016 1766 2037 ex

433 2048 713 2090 Hierosolyma;
736 2054 776 2080 ut
794 2049 928 2089 judicet
951 2049 1045 2080 inter
1067 2055 1206 2089 gentes,
1226 2056 1262 2080 et
1285 2049 1453 2090 corripiat
1478 2049 1646 2090 populos.
1661 2074 1685 2087 .,
1706 2050 1765 2090 qui

432 2093 654 2125 contundent
669 2093 809 2134 gladios
826 2102 911 2125 suos
929 2093 965 2124 in
983 2093 1134 2133 ligones,
1151 2098 1187 2124 et
1205 2093 1328 2124 hastas
1349 2103 1433 2125 suas
1453 2093 1489 2131 in
1510 2093 1643 2124 cultros
1664 2100 1765 2134 puta-

432 2137 564 2175 torios;
601 2147 675 2168 non
703 2137 806 2169 tollet
832 2146 923 2177 gens
951 2143 1077 2169 contra
1107 2142 1253 2177 gentem
1282 2137 1451 2177 gladium,
1482 2146 1598 2178 neque
1626 2137 1765 2169 discent

431 2181 586 2222 amplius
603 2172 736 2213 bellum
751 2192 774 2265 z)
783 2181 913 2214 domus
929 2180 1066 2223 Jacobi,
1084 2181 1142 2217 ite.
1160 2186 1196 2212 et
1213 2180 1342 2213 ibimus
1360 2181 1395 2212 in
1417 2181 1494 2212 luce
1510 2180 1671 2223 Jehovae
1682 2180 1700 2192 ''
1717 2181 1764 2221 (ii.

431 2232 520 2265 3-5;
543 2224 655 2257 Mida.
673 2225 719 2258 iv,
740 2233 759 2264 3
786 2236 793 2258 :

98 2307 142 2372 {²³
185 2372 189 2377 ,
253 2329 367 2373 haec
399 2329 456 2372 de
488 2330 689 2372 adventu
722 2330 919 2380 Domini,
953 2336 999 2372 et
1031 2330 1153 2384 quod
1190 2329 1254 2371 illi
1286 2330 1360 2384 qui
1399 2344 1423 2371 e
1462 2343 1580 2370 nova
1619 2329 1763 2382 Ipsius

254 2393 447 2436 ecclesia
472 2400 618 2443 erunt,
646 2394 842 2435 docendi
867 2394 957 2435 sint
982 2394 1027 2434 in
1054 2394 1184 2443 veris,
1210 2407 1289 2446 per
1310 2407 1425 2447 quae
1453 2393 1676 2434 ducentur
1702 2392 1761 2433 ad

254 2456 456 2498 caelum:
490 2470 570 2511 per
589 2460 614 2478 “
628 2464 832 2498 montem
853 2456 1085 2510 Jehovae'’
1102 2463 1148 2498 et
1168 2460 1194 2477 ‘⁴
1208 2457 1393 2498 domum
1415 2455 1603 2510 Jacobi”
1621 2456 1761 2509 signi-

253 2519 414 2562 ficatur
445 2520 638 2562 ecclesia
669 2520 743 2562 ubi
775 2533 902 2561 amor
933 2521 979 2561 in
1017 2520 1263 2561 Dominum
1305 2526 1351 2561 et
1393 2519 1542 2560 cultus
1583 2533 1642 2560 ex
1684 2519 1762 2560 illo

253 2596 432 2625 amore:
466 2584 738 2625 convocatio
763 2583 821 2624 ad
847 2583 971 2625 illam
997 2583 1238 2625 ecclesiam
1265 2589 1312 2624 et
1339 2583 1401 2624 sic
1428 2583 1486 2624 ad
1514 2582 1761 2624 Dominum

256 2645 536 2700 significatur
561 2660 640 2700 per
665 2647 785 2701 quod
815 2647 981 2688 “ibunt
1008 2646 1162 2700 populi
1190 2647 1322 2688 multi
1347 2653 1392 2688 et
1420 2647 1587 2695 dicent,
1618 2646 1687 2687 Ite
1714 2653 1761 2688 et

255 2709 556 2757 ascendamus
568 2709 587 2725 ”
603 2710 660 2751 ad
683 2710 809 2751 illum
828 2717 1059 2752 montem:
1093 2710 1214 2764 quod
1232 2710 1427 2751 docendi
1449 2711 1538 2751 sint
1560 2711 1604 2750 in
1627 2711 1758 2759 veris,

258 2785 340 2826 per
369 2787 484 2828 quae
515 2773 751 2823 ducentur,
785 2773 1064 2827 significatur
1094 2787 1174 2828 per
1207 2773 1443 2815 “Docebit
1477 2787 1558 2814 nos
1590 2773 1646 2814 de
1679 2773 1760 2813 viis

258 2836 364 2885 suis,
397 2842 446 2878 ut
483 2850 638 2878 eamus
678 2837 722 2878 in
759 2837 933 2878 semitis
971 2837 1116 2890 Ipsius
1133 2836 1168 2888 ;”
1207 2837 1377 2878 “viae'’
1410 2843 1515 2878 sunt
1553 2850 1673 2885 vera,
1713 2842 1760 2878 et

255 2900 514 2942 “semitae”
540 2907 646 2942 sunt
672 2906 916 2954 praecepta
941 2901 1088 2942 vitae:
1117 2900 1238 2954 quod
1266 2914 1344 2954 per
1371 2898 1625 2942 doetrinam
1651 2899 1760 2940 boni

253 2963 418 3004 amoris
443 2969 490 3005 et
517 2977 595 3017 per
617 2962 868 3006 doctrinam
891 2964 984 3005 veri
1010 2978 1070 3004 ex
1096 2964 1174 3005 illo
1201 2964 1336 3014 bono,
1362 2977 1477 3018 quae
1505 2976 1585 3016 pro
1607 2962 1756 3004 eccle-

253 3026 319 3068 sia
350 3041 409 3068 ex
441 3027 570 3069 caelo
600 3041 626 3069 a
665 3027 877 3078 Domino,
911 3027 1193 3082 significatur
1223 3041 1303 3081 per
1334 3027 1456 3082 quod
1492 3031 1589 3068 “ex
1622 3025 1758 3068 Sione
