2054 3464
579 387 686 420 CAP.
710 387 1147 432 X11,VERS.9..—N
1170 377 1338 433 739[b].
1597 379 1708 434 2067

155 499 374 548 Divina
408 502 565 545 statim
602 501 834 556 applicant
866 503 1000 552 vitae,
1034 509 1080 544 et
1118 516 1208 544 non
1246 503 1365 556 prius
1400 517 1459 543 ex
1493 504 1710 545 memoria

144 579 189 603 ³-
163 554 533 621 ratiocinantur
554 565 610 607 de
635 565 737 615 illis,
762 572 808 607 et
835 579 914 619 per
938 566 982 606 id
1007 565 1120 607 illa
1109 580 1154 607 1n
1181 566 1365 607 dubium
1388 567 1603 608 mittunt:
1637 567 1708 609 hic

106 674 195 683 ¹¹¹
151 616 376 686 &gradus
405 635 595 671 vocatur
625 614 848 670 caelestis.
910 628 1138 682 Quoniam
1170 630 1233 670 illi
1265 637 1357 671 tres
1389 630 1556 683 gradus
1587 631 1709 672 vitae

76 641 152 750 ’ζ’
199 691 333 749 apud
348 693 694 746 unumquemvis
719 692 949 734 hominem
976 699 1096 741 sunt,
1121 693 1201 733 sed
1227 699 1382 734 tamen
1405 693 1708 735 diversimode

193 755 479 809 ssaperiuntur,
503 755 608 796 inde
631 761 724 797 tres
741 754 854 796 caeli
880 762 1000 797 sunt.
1062 756 1113 796 In
1136 757 1274 797 tertio
1297 771 1374 797 seu
1397 757 1558 798 intimo
1581 758 1709 799 caelo

196 822 326 868 sunt,
358 817 478 872 apud
514 832 627 872 quos
663 819 826 860 tertius
863 819 1030 872 gradus
1067 826 1250 872 apertus
1288 826 1384 870 est;
1426 820 1471 860 in
1508 821 1709 862 secundo

198 889 295 926 Seu
314 881 466 923 medio
496 881 624 922 caelo
655 887 776 930 sunt,
810 881 930 935 apud
967 896 1080 935 quos
1117 883 1254 923 modo
1286 883 1512 924 secundus
1542 884 1710 936 gradus

143 937 388 1014 §pertus
412 949 513 996 est;
545 951 592 986 et
618 945 662 986 in
689 945 834 998 primo
860 959 938 986 seu
965 945 1126 986 ultimo
1153 945 1280 987 caelo
1307 952 1426 995 sunt,
1451 947 1570 1000 apud
1597 961 1710 1001 quos

160 998 390 1054 *interior
411 1007 628 1048 naturalis
654 1008 805 1057 homo,
830 1009 904 1062 qui
926 1008 1065 1049 etiam
1087 1008 1321 1050 rationalis
1343 1009 1481 1050 homo
1504 1017 1707 1059 vocatur,

199 1075 388 1124 apertus
403 1076 503 1122 est;
531 1070 605 1111 ille
624 1071 758 1120 enim,
778 1071 814 1112 si
837 1084 941 1112 vere
959 1071 1191 1112 rationalis
1210 1078 1294 1121 est,
1314 1074 1472 1126 recipit
1491 1073 1710 1114 influxum

193 1139 235 1178 -ᾱ
261 1131 461 1177 Domino
486 1148 566 1188 per
590 1133 792 1176 caelum:
826 1147 985 1176 omnes
1011 1134 1074 1175 illi
1100 1135 1287 1177 veniunt
1319 1136 1363 1176 in
1390 1135 1580 1177 caelum.
1641 1136 1710 1178 At

203 1194 269 1240 ffli
289 1197 363 1252 qui
386 1197 551 1239 Divina
572 1211 679 1238 vera
701 1197 838 1239 modo
856 1205 1124 1251 receperunt
1144 1199 1374 1259 memoria,
1395 1206 1442 1240 et
1465 1213 1555 1240 non
1579 1199 1710 1241 simul

203 1258 312 1310 vita,
343 1259 408 1303 illi
444 1267 632 1302 manent
670 1255 915 1311 naturales,
948 1262 1088 1302 immo
1124 1261 1235 1303 fiunt
1270 1262 1528 1304 sensuales:
1576 1276 1711 1304 causa

89 1304 171 1381 „ff
203 1329 290 1371 est,
312 1324 416 1378 quia
441 1324 574 1374 mala,
602 1325 646 1366 in
672 1338 787 1379 quae
814 1325 952 1366 homo
977 1332 1112 1367 natus
1135 1333 1220 1374 est,
1245 1326 1287 1373 in
1314 1326 1506 1368 naturali
1532 1333 1579 1368 et
1605 1340 1709 1368 sen-

104 1383 316 1479 {finali
346 1386 543 1438 homine,
577 1394 626 1430 ut
665 1401 800 1441 supra
830 1387 1118 1438 dietumest,
1152 1389 1379 1441 resident3
1418 1403 1501 1431 nec
1534 1397 1711 1432 remota

100 1497 101 1500 ,
146 1456 310 1502 sunt
335 1457 382 1493 et
408 1452 535 1506 quasi
556 1452 758 1493 discussa
784 1465 862 1505 per
887 1452 1106 1493 influxum
1129 1453 1235 1494 boni
1262 1467 1288 1494 a
1314 1453 1527 1502 Domino,
1552 1467 1603 1495 ac
1632 1467 1711 1507 per

102 1473 182 1573 ζ”.ζ
203 1514 512 1571 receptionem
533 1513 628 1568 ejus
653 1514 711 1556 ab
736 1515 945 1557 homIne:
978 1516 1082 1557 inde
1105 1523 1174 1557 est
1197 1517 1318 1570 quod
1341 1516 1459 1570 apud
1482 1516 1584 1558 illos
1605 1530 1709 1571 reg-

113 1591 167 1634 (3
204 1583 316 1620 nent
339 1590 518 1620 amores
539 1578 755 1632 corporiS,
780 1579 853 1633 qui
878 1579 922 1620 in
947 1592 1114 1633 genere
1138 1586 1242 1621 sunt
1265 1593 1392 1621 amor
1417 1581 1483 1621 sui
1509 1587 1556 1621 et
1583 1594 1711 1622 amor

147 1631 374 1694 mundi,
401 1648 449 1684 et
467 1641 584 1684 ·inde
616 1655 744 1684 amor
774 1649 821 1684 et
852 1642 994 1685 fastus
1027 1645 1232 1697 propriae
1263 1644 1623 1698 intelligentiae;
1664 1644 1709 1686 hi

167 1715 396 1754 amores,
430 1711 478 1747 et
510 1719 570 1746 ex
602 1705 690 1747 illis
721 1705 907 1748 fluentia
938 1707 1059 1748 mala
1089 1714 1135 1749 et
1168 1708 1328 1748 horum
1358 1708 1483 1755 salsa,
1517 1707 1710 1762 implent

186 1768 418 1810 interiora
448 1769 614 1810 mentis
645 1769 863 1810 naturalis
895 1784 1064 1819 eorum,
1093 1785 1208 1825 quae
1241 1778 1396 1812 tamen
1428 1771 1710 1825 obteguntur

201 1831 408 1874 honestis
422 1838 469 1875 et
485 1832 661 1874 decoris
676 1833 797 1874 vitae
815 1834 997 1875 moralis
1012 1842 1196 1888 propter
1212 1835 1442 1884 mundum,
1460 1842 1506 1876 et
1525 1842 1711 1888 propter

203 1893 333 1949 leges
358 1908 440 1949 pro
465 1902 662 1938 externo
683 1896 866 1938 homine
890 1897 1031 1939 latas:
1065 1898 1110 1939 hi
1133 1899 1318 1939 tametsi
1340 1900 1604 1940 memoriam
1626 1900 1709 1940 im-

77 1964 83 1975 “
108 1950 150 2020 ⁴]
184 1957 445 2013 pleverunt
471 1959 806 2013 cognitionibus
833 1974 892 2001 ex
916 1960 1086 2011 Verbo,
1111 1976 1170 2002 ex
1198 1961 1491 2016 dogmatibus
1517 1961 1709 2016 plurium

95 2015 140 2068 ζξ
195 2021 490 2076 religionum,
509 2037 659 2077 exque
677 2023 890 2073 scientiis,
908 2038 1047 2078 usque
1065 2025 1308 2074 naturales,
1326 2026 1464 2066 immo
1479 2025 1710 2066 sensuales

87 2088 110 2144 ’ἶΔ
110 2087 155 2126 μ’(
205 2091 326 2135 sunt,
354 2098 460 2127 nam
485 2086 699 2128 interiora
723 2088 888 2128 mentis
916 2087 1147 2136 naturalis,
1175 2102 1290 2142 quae
1321 2090 1463 2129 menti
1489 2088 1711 2142 spirituali

194 2149 415 2205 propiora
436 2155 556 2199 sunt,
573 2150 691 2203 apud
714 2164 762 2191 se
785 2150 1044 2192 clauserunt
1067 2166 1146 2205 per
1168 2151 1550 2201 confirmationes,
1571 2153 1709 2194 etiam

75 2208 164 2271 ,ff
166 2215 170 2217 ’
203 2225 265 2253 ex
283 2211 454 2263 Verbo,
473 2219 634 2254 contra
650 2214 791 2255 vitam
809 2215 1101 2267 spiritualem,
1121 2230 1235 2270 quae
1258 2223 1329 2258 est
1350 2217 1445 2257 vita
1462 2217 1710 2258 secundum

84 2279 91 2330 J
115 2286 154 2331 ζῑῇ·
205 2273 371 2317 Divina
394 2290 515 2326 vera,
539 2283 587 2318 et
613 2284 802 2319 vocatur
827 2278 1024 2319 charitas
1050 2293 1159 2333 erga
1185 2281 1457 2333 proximum.
1520 2280 1582 2321 Hi
1607 2281 1711 2335 quia

81 2390 85 2399 ζ
205 2339 438 2388 sensuales
455 2347 575 2390 sunt,
595 2347 700 2383 sunt
717 2345 742 2362 ‘⁴
756 2341 933 2390 draco,”
950 2349 996 2383 et
1014 2351 1235 2385 vocantur
1256 2347 1531 2397 “serpentes
1549 2343 1582 2395 ;''
1605 2357 1710 2385 nam

84 2408 105 2413 ’
126 2404 142 2459 ᾗ
190 2403 464 2457 ·“'serpens”
486 2403 711 2458 significat
737 2405 960 2455 sensuale,
988 2420 1047 2452 ex
1075 2420 1225 2457 causa,
1250 2408 1353 2462 quia
1379 2407 1585 2449 sensuale
1611 2407 1710 2448 infi-

58 2460 156 2526 ’.ζ’ζμ
182 2478 330 2508 -mum
352 2467 474 2509 vitae
495 2467 689 2509 hominis
715 2474 799 2518 est,
824 2475 872 2511 et
897 2470 1024 2523 quasi
1049 2472 1164 2524 repit
1190 2471 1328 2521 humi,
1353 2478 1399 2513 et
1425 2471 1584 2513 lambit
1611 2470 1710 2525 pul-

178 2567 179 2570 ,
203 2540 358 2571 vetem
381 2531 496 2572 sicut
519 2545 720 2585 serpens.

289 2598 375 2655 [Ε]
421 2600 500 2642 Ad
538 2601 702 2643 horum
741 2602 1100 2644 illustrationem
1130 2604 1270 2646 velim
1310 2605 1471 2647 afferre
1512 2620 1629 2660 quae
1665 2607 1709 2647 in

63 2709 68 2714 ζ
99 2717 102 2721 ζ
208 2660 371 2704 Genesi
401 2662 458 2704 de
492 2667 742 2717 “serpente
779 2665 1007 2719 antiquo,”
1038 2666 1112 2719 qui
1147 2665 1366 2708 Chaivam
1399 2674 1445 2709 et
1477 2667 1710 2709 Adamum

79 2716 133 2782 ’²ss
207 2725 406 2776 seduxit,
435 2734 757 2777 memorantur,
786 2734 834 2770 et
865 2728 954 2777 illa,
988 2729 1094 2783 quid
1125 2729 1170 2770 in
1202 2743 1336 2771 sensu
1367 2732 1586 2784 spirituali
1618 2733 1710 2786 sig-

76 2788 111 2796 ”
195 2787 407 2839 'nificant,
434 2790 694 2844 explicare:
727 2805 842 2846 quae
868 2792 979 2834 haec
1006 2799 1126 2842 sunt,

95 1631 117 1650 «1.
117 1643 125 1649 ..

76 2614 133 2676 -fz
188 2663 190 2666 v

271 2876 577 2954 “Progffifminare
594 2879 679 2963 ἓῧίῖ
697 2880 860 2956 Jtzhlgvah
879 2881 977 2958 Deuis
996 2892 1040 2958 eg
1059 2883 1168 2915 humo
1186 2893 1330 2959 ongnem
1349 2884 1513 2916 arborem
1531 2885 1710 2916 desidera-

410 2932 545 2955 temas
573 2934 592 2956 e
682 2931 718 2956 et
795 2935 942 2957 onama
982 2935 1012 2957 ci

379 2965 484 3006 horti,
501 2973 536 2999 et
548 2933 716 3000 grhorem
734 2969 904 3001 scientiae
919 2970 1003 3001 boni
1019 2933 1167 3003 eltutnnalit
1181 2937 1231 3003 af.
1246 2928 1709 3014 orgmpssgggggntifelrsszdgg

381 3008 480 3042 Deus
499 3011 647 3049 homini,
665 3012 827 3051 dicendo,
846 3013 904 3044 Ab
924 3014 1023 3045 omni
1043 3015 1170 3046 arbore
1189 3014 1282 3046 horti
1303 3016 1443 3046 edendo
1463 3016 1558 3053 edas,
1579 3016 1642 3048 sed
1662 3017 1708 3048 ab

380 3053 507 3086 arbore
531 3055 703 3088 scientiae
727 3057 812 3089 boni
837 3062 872 3089 et
901 3057 985 3089 mali
1013 3067 1086 3090 non
1119 3058 1214 3097 edas,
1240 3059 1323 3100 quia
1350 3059 1385 3090 in
1414 3059 1472 3091 die
1497 3069 1566 3101 quo
1590 3060 1708 3092 ederis
