2054 3464
382 375 406 406 2
417 376 431 405 1
441 377 495 418 34
792 375 1124 410 APOCALYPSIS
1154 377 1452 412 EXPLICATA.

380 487 435 528 de
472 489 633 528 astutis
671 489 1086 531 ratiocinationibus
1122 490 1298 532 illorum
1339 493 1394 534 de
1431 492 1749 546 justificatione
1784 508 1879 550 perv
1979 544 1994 557 ὃ

379 549 521 590 solam
554 550 700 591 fidem.
761 551 943 603 Dogma
974 552 1149 594 illorum
1181 561 1250 595 est
1282 555 1401 608 quod
1434 556 1569 596 homo
1596 556 1861 609 justificetur

378 619 423 652 et
455 612 655 654 salvetur
685 626 763 666 per
794 614 937 655 solam
969 614 1103 656 fidem
1134 616 1301 687 absque
1333 618 1539 670 operibus
1571 618 1730 672 Legis,
1747 632 1861 674 quae

378 681 480 716 sunt
512 675 631 716 bona
662 676 917 717 charitatis:
961 684 1008 718 at
1039 679 1156 731 quia
1177 680 1220 720 in
1253 679 1407 721 Verbo
1439 682 1665 735 utriusque
1697 681 1873 738 Testa·-

377 738 517 778 menti
538 738 693 779 vident
719 739 838 792 quod
864 740 1002 780 toties
1024 741 1276 782 dicantur“
1290 743 1444 794 opera'
1449 743 1557 784 ’‘et
1566 742 1742 793 wacta,
1763 736 1935 787 tumslss
1988 739 2010 781 ⁹

379 799 589 841 ‘facere”
625 807 670 842 et
712 802 938 851 “''amare‚
969 815 1058 844 non
1093 811 1281 875 possunt
1316 804 1446 846 aliter
1476 819 1609 859 quam
1641 799 1863 850 affirmare
1903 824 1905 827 ⁴

376 862 494 915 quod
521 863 635 903 bene
662 864 902 906 vivendum
928 866 1010 916 sit;
1044 866 1123 906 sed
1148 867 1250 919 quia
1275 875 1594 920 separaverunt
1622 882 1758 922 opera
1783 876 1860 913 aut
1911 866 1916 869 “

375 923 492 966 facta
517 939 542 966 a
568 925 653 966 fide
680 927 794 968 sicut
821 941 910 968 non
931 927 1222 981 justificantia
1247 935 1293 970 et
1319 930 1553 980 salvantia,
1579 938 1728 973 astute
1750 945 1858 974 con-

369 986 566 1039 jungunt
589 989 664 1029 illa
682 996 727 1030 et
750 989 898 1039 fidem,
918 991 997 1031 sed
1015 1005 1151 1044 usque
1174 992 1237 1032 ita
1259 999 1307 1033 ut
1330 993 1477 1045 potius
1495 1000 1705 1046 separent
1726 1008 1859 1048 quam

376 1050 668 1104 conjungunt.
732 1051 821 1094 Sed
844 1054 948 1106 quia
973 1054 1340 1095 ratiocinationes
1362 1055 1537 1096 illorum
1563 1057 1606 1097 in
1630 1056 1709 1098 tali
1731 1058 1860 1111 eopia

375 1120 492 1162 sunt,
521 1121 566 1155 et
599 1128 699 1156 cum
730 1115 811 1156 tali
842 1117 1022 1165 astutia,
1047 1123 1095 1157 ut
1128 1130 1217 1157 non
1250 1119 1401 1170 paucis
1432 1120 1605 1171 possint
1636 1122 1856 1174 expromi,

374 1176 475 1216 ideo
506 1177 549 1217 in
581 1177 791 1230 singulari
819 1179 1034 1231 opusculo
1065 1179 1132 1219 De
1159 1179 1268 1220 Fide
1299 1179 1544 1232 sz'rz'tuali
1569 1182 1856 1236 detegentur,

374 1244 419 1279 et
442 1239 498 1278 ad
521 1246 702 1292 captum
726 1241 862 1281 etiam
885 1241 1149 1294 simplicium
1173 1243 1389 1283 sistentur
1409 1243 1643 1285 videndae.
1703 1244 1858 1287 Credi·

373 1307 445 1341 tur
480 1301 522 1341 in
559 1302 710 1355 vulgo,
749 1309 794 1343 et
830 1317 1005 1357 quoque
1042 1305 1231 1354 credunt
1267 1305 1350 1357 ipsi
1386 1306 1459 1358 qui
1491 1306 1858 1359 justificationem
1887 1305 1891 1310 ’

373 1376 451 1415 per
482 1364 624 1405 solam
656 1364 788 1405 fidem
815 1365 1076 1414 defendunt,
1105 1367 1224 1420 quod
1257 1367 1546 1419 spiritualiter
1576 1370 1781 1422 cogitent
1811 1377 1858 1413 et

372 1426 708 1476 ratiocinentur,
733 1429 834 1481 quia
859 1434 990 1469 acute
1016 1435 1062 1469 et
1089 1435 1263 1470 astute:
1291 1429 1370 1470 sed
1394 1430 1624 1472 sciendum
1647 1438 1716 1473 est
1738 1433 1858 1487 quod
1920 1468 1923 1472 ,

373 1502 506 1530 nemo
545 1490 833 1542 spiritualiter
873 1492 1046 1543 cogitet
1088 1498 1134 1532 et
1175 1492 1479 1540 ratiocinetur,
1522 1493 1655 1546 quam
1679 1496 1769 1548 -qui
1812 1497 1857 1538 in

371 1551 671 1593 illustratione
698 1559 768 1594 est
794 1567 820 1594 a
847 1553 1058 1602 Domino,
1083 1561 1129 1595 et
1155 1554 1258 1594 inde
1285 1555 1328 1594 in
1355 1553 1589 1596 affeffione
1615 1558 1707 1598 veri
1731 1558 1857 1611 spiri·
1907 1596 1911 1597 ⁷

372 1614 507 1665 tuali;
546 1615 589 1655 hi
617 1616 733 1656 enim
766 1617 809 1656 in
842 1615 940 1657 luce
966 1617 1056 1657 veri
1083 1623 1201 1665 sunt,
1230 1623 1275 1658 et
1303 1617 1381 1657 lux
1407 1618 1499 1658 veri
1525 1624 1594 1659 est
1626 1618 1856 1670 luxcaeli,

372 1691 430 1717 ex
462 1692 548 1732 qua
573 1679 875 1731 intelligentia
906 1685 952 1720 et
984 1680 1203 1732 sapientia
1234 1687 1303 1721 est
1334 1680 1534 1733 angelis;
1572 1681 1649 1722 illa
1678 1682 1757 1724 lux
1787 1690 1857 1725 est

371 1755 484 1794 quae
510 1749 697 1783 vocatur
719 1742 972 1795 spiritualis,
997 1749 1043 1783 et
1070 1750 1398 1796 consequenter
1423 1743 1486 1784 illi
1511 1745 1585 1797 qui
1611 1745 1654 1785 in
1681 1759 1735 1786 ea
1759 1745 1858 1788 luce

371 1810 474 1844 sunt
497 1805 747 1857 spirituales
765 1812 894 1846 sunt:
928 1805 989 1845 illi
1011 1811 1162 1846 autem
1185 1807 1257 1859 qui
1283 1806 1327 1846 in
1349 1805 1469 1846 falsis
1491 1813 1609 1855 sunt,
1629 1813 1856 1862 utcunque

371 1874 501 1908 acute
534 1869 738 1920 cogitant
769 1874 815 1909 et
852 1868 1187 1916 ratiocinantur,
1222 1882 1311 1909 non
1343 1869 1593 1921 spirituales
1625 1866 1744 1919 sunt,
1775 1870 1855 1911 sed

371 1930 611 1978 naturales,
632 1931 768 1971 immo
791 1930 1045 1981 sensuales;
1078 1938 1182 1971 sunt
1209 1932 1326 1971 enim
1354 1932 1655 1984 cogitationes
1681 1939 1727 1974 et
1752 1933 1856 1974 inde

370 1993 735 2033 ratiocinationes
757 1993 934 2033 illorum
957 1993 1194 2046 pleraeque
1217 2007 1275 2034 ex
1297 1993 1480 2034 fallaciis
1502 2003 1726 2044 sensuum,
1746 2008 1856 2048 quas

370 2055 503 2108 aliqui
543 2055 720 2108 eloquio
759 2063 998 2104 exornant,
1041 2069 1091 2096 ac
1132 2056 1325 2097 flosculis
1366 2057 1653 2106 concinnant,
1689 2065 1736 2099 et
1775 2071 1855 2111 per

370 2119 654 2170 apparentias
698 2133 757 2159 ex
798 2119 894 2160 sola
931 2119 1103 2159 Natura
1139 2119 1431 2170 confirmant;
1479 2120 1659 2173 quidam
1700 2125 1852 2162 autem

370 2180 614 2221 scientifica
639 2182 879 2222 ratiociniis
905 2182 1078 2223 addunt
1110 2189 1156 2223 et
1187 2183 1408 2234 inaptant,
1437 2189 1483 2222 et
1515 2196 1573 2222 ex
1599 2183 1702 2235 igne
1727 2196 1854 2224 amo-

369 2243 425 2282 ris
448 2244 512 2283 sui
534 2250 579 2284 et
602 2244 704 2284 inde
726 2244 864 2284 fastus
881 2245 1084 2297 propriae
1107 2244 1435 2296 intelligentiae
1453 2244 1527 2284 illa
1545 2245 1851 2300 pronuntiant,

368 2306 431 2346 ita
470 2318 570 2346 curn
611 2319 723 2346 sono
755 2307 869 2347 sicut
908 2305 1153 2359 affectionis
1192 2308 1296 2347 veri.
1358 2307 1409 2346 In
1451 2306 1614 2347 talibus
1646 2308 1852 2349 consistit

368 2368 535 2408 astutia
574 2368 763 2416 illorum,
803 2382 936 2421 quae0
952 2376 1138 2422 apparet
1176 2369 1289 2409 sicut
1327 2369 1547 2422 sapientia
1582 2382 1732 2409 coram
1768 2369 1853 2410 illis

369 2431 441 2483 qui
473 2443 561 2470 non
594 2431 742 2483 aliquo
773 2429 1005 2471 intellectu
1046 2437 1234 2483 possunt
1277 2438 1354 2471 aut
1395 2431 1564 2472 audent
1605 2432 1852 2473 intrat-ein

368 2493 476 2533 talia
493 2507 605 2546 quae
620 2493 835 2533 ecclesiae
853 2499 898 2534 et
916 2493 1056 2534 Verbi
1078 2499 1195 2533 sunt.
1251 2492 1384 2545 Quod
1403 2493 1631 2534 sensuales
1649 2494 1853 2535 homines

368 2562 516 2596 astute
557 2556 769 2608 cogitare,
809 2555 927 2609 loqui
968 2562 1013 2596 et
1054 2569 1188 2608 agere
1229 2562 1429 2608 possunt,
1469 2561 1538 2596 est
1578 2557 1679 2609 quia
1719 2569 1852 2598 omne

367 2618 533 2658 malum
555 2618 720 2658 residet
742 2619 785 2658 in
808 2619 1001 2659 sensuali
1023 2619 1226 2666 hominis,
1247 2624 1293 2659 et
1316 2618 1486 2659 malitia
1507 2619 1550 2658 in
1573 2618 1650 2659 illo
1672 2625 1851 2661 tantum

318 2717 322 2718 γ
367 2680 564 2720 excellet
588 2687 805 2733 quantum
827 2680 1128 2734 intelligentia
1152 2681 1269 2733 apud
1296 2681 1570 2733 spiritualem
1593 2681 1848 2732 hominem;

367 2749 415 2783 ut
448 2743 552 2782 mihi
579 2750 787 2784 constare
818 2744 965 2796 potuit
997 2757 1055 2784 ex
1087 2743 1257 2784 malitia
1281 2743 1574 2792 infernalium,
1602 2756 1715 2797 quae
1746 2744 1850 2784 talis

366 2811 435 2845 est
467 2811 513 2846 et
545 2811 674 2846 tanta
704 2812 752 2846 ut
783 2819 873 2846 non
898 2806 1088 2847 describi
1119 2806 1284 2859 possit3
1327 2819 1377 2846 ac
1407 2819 1563 2847 omnes
1594 2807 1637 2847 in
1669 2806 1848 2847 infernis

367 2874 470 2908 sunt
501 2867 754 2909 sensuales:
798 2868 882 2910 hoc
923 2868 1189 2922 intelligitur
1224 2881 1302 2921 per
1341 2868 1521 2909 Domini
1557 2868 1694 2909 verba
1728 2868 1846 2922 apud

365 2929 542 2980 Lucam,
