2054 3464
379 342 490 383 2080
789 350 1119 384 APOCALYPSIS
1150 353 1449 386 EXPLICATA.

453 463 521 505 Qui
545 463 701 495 Verbum
731 474 848 495 meum
874 470 1018 504 servat„
1033 466 1137 498 ...ad
1162 466 1260 498 illum
1285 467 1436 505 veniam,
1462 473 1498 499 et
1522 468 1745 500 mansionem
1769 467 1863 510 apud

550 507 649 538 illum
668 507 794 539 faciam
813 508 894 548 (xiv.
914 509 978 548 23).

378 609 488 649 Inde
515 615 598 657 est,
628 609 746 662 quod
775 609 1155 652 Dominustoties
1181 612 1365 653 mandet
1393 613 1511 666 quod
1539 613 1702 654 facient
1724 613 1864 654 verba

377 679 423 712 et
455 680 696 725 praecepta
727 673 884 725 Ipsius,
914 679 960 714 et
992 674 1111 727 quod
1137 675 1276 715 vitam
1308 672 1758 717 aeternam'habituri
1788 676 1863 730 qui

376 736 556 783 faciunt,
601 742 696 776 tum
738 736 857 789 quod
898 737 1083 790 quisque
1124 738 1367 778 secundum
1409 752 1544 790 opera
1580 738 1864 791 judicabitun

378 798 487 838 Inde
530 812 646 838 nunc
684 799 883 852 sequitur
923 800 1043 853 quod
1084 801 1157 853 qui
1198 801 1365 841 bonum
1401 801 1569 842 faciunt
1610 815 1669 842 ex
1707 801 1863 844 Verbo

377 861 542 901 bonum
569 861 734 902 faciant
761 876 819 902 ex
847 862 1069 913 Domino-3
1108 869 1154 903 et
1181 863 1347 903 bonum
1373 878 1398 903 a
1428 863 1623 905 Domino
1655 870 1724 905 est
1757 866 1862 906 vere

375 923 559 972 bonum,
588 931 634 965 et
665 932 882 978 quantum
915 932 983 966 est
1016 940 1041 966 a
1074 926 1269 967 Domino
1298 933 1477 967 tantum
1510 928 1553 967 in
1585 941 1639 968 eo
1670 940 1758 968 non
1791 933 1862 969 est

377 987 597 1027 meritum.
660 986 793 1040 Quod
817 988 983 1028 bonum
1006 1003 1065 1029 ex
1089 988 1256 1037 Verbo,
1277 990 1340 1030 ita
1362 1003 1420 1029 ex
1445 989 1654 1038 Domino,
1678 990 1735 1030 sit
1757 1003 1863 1031 vere

375 1049 557 1098 bonum,
587 1048 722 1090 etiam
750 1057 931 1091 constat
958 1065 1017 1091 ex
1043 1051 1110 1092 his
1135 1052 1179 1092 in
1201 1051 1489 1104 Apocahtpsz',
1767 1059 1779 1069 ’

441 1151 531 1182 “Sto
556 1151 600 1183 ad
620 1152 761 1190 ostium,
782 1158 817 1183 et
841 1152 964 1192 pulso;
993 1152 1022 1183 si
1046 1152 1123 1193 quis
1144 1153 1317 1184 audiverit
1337 1162 1462 1184 vocem
1483 1163 1609 1191 meam,
1630 1159 1666 1184 et
1684 1153 1864 1193 aperuerit

549 1195 690 1233 ostium,
711 1195 890 1236 ingrediar
908 1196 953 1227 ad
977 1205 1068 1232 eum,
1089 1202 1124 1227 et
1143 1197 1278 1227 cenabo
1299 1206 1377 1227 cum
1398 1206 1451 1233 eo,
1473 1203 1507 1227 et
1531 1197 1589 1228 ille
1611 1196 1751 1228 Mecum
1763 1195 1781 1208 ”
1800 1195 1863 1236 (iiiz

549 1239 622 1278 20):

375 1345 478 1385 inde
506 1351 632 1397 patet
659 1345 778 1398 quod
806 1345 1025 1385 Dominus
1046 1344 1213 1398 jugiter
1238 1352 1284 1386 et
1311 1346 1522 1386 continue
1549 1359 1761 1398 praesens
1786 1345 1858 1397 sit,

375 1415 420 1449 et
447 1408 524 1448 det
552 1414 764 1447 conatum
786 1407 976 1448 faciendi
1002 1407 1183 1456 bonum,
1208 1408 1286 1448 sed
1310 1409 1428 1461 quod
1455 1409 1591 1449 homo
1613 1409 1863 1460 aperiturus

375 1471 431 1511 sit
458 1471 636 1518 ostium,
666 1470 750 1510 hoc
783 1476 866 1518 est,
894 1476 1153 1522 recepturus
1181 1470 1450 1521 Dominum3
1488 1477 1533 1512 et
1566 1477 1672 1511 tunc
1701 1468 1859 1523 recipit

375 1534 526 1586 Ipsum
559 1546 692 1586 quum
724 1533 891 1573 bonum
923 1533 1027 1573 facit
1060 1547 1117 1573 ex
1152 1533 1294 1586 Ipsius
1321 1532 1487 1574 Verbo.
1550 1533 1651 1574 Hoc
1679 1534 1862 1575 tametsi

373 1597 541 1637 homini
564 1602 749 1648 apparet
772 1595 863 1636 fieri
889 1597 1002 1636 sicut
1028 1610 1053 1636 a
1080 1610 1140 1644 se,
1165 1609 1301 1649 usque
1326 1602 1478 1636 tamen
1503 1609 1592 1636 non
1618 1603 1688 1637 est
1714 1596 1860 1638 ho‘mi'-

375 1660 455 1708 nis3
490 1659 569 1699 sed
603 1659 784 1699 Domini
816 1658 933 1710 apud
965 1658 1103 1698 illum.
1165 1657 1299 1710 Quod
1335 1659 1504 1699 homini
1535 1660 1597 1699 ita
1628 1665 1857 1712 appareat,

374 1728 443 1762 est
480 1722 580 1774 quia
617 1734 707 1761 non
744 1720 874 1762 aliter
909 1722 1048 1762 sentit
1085 1734 1218 1774 quam
1256 1721 1374 1774 quod
1412 1722 1584 1774 cogitet
1621 1735 1679 1762 ex
1717 1735 1779 1770 se,
1812 1728 1859 1762 et

373 1784 506 1825 faciat
538 1799 595 1824 ex
629 1798 690 1832 se,
722 1797 822 1824 cum
854 1790 1007 1824 tamen
1040 1783 1144 1824 dum
1177 1798 1235 1824 ex
1269 1783 1424 1824 Verbo
1456 1785 1628 1837 cogitat
1660 1790 1706 1825 et
1737 1784 1858 1834 facit,

374 1853 443 1887 est
466 1848 579 1887 sicut
605 1861 631 1887 a
657 1861 703 1887 se
723 1861 731 1897 ;
765 1861 899 1900 quare
922 1847 1058 1887 etiam
1082 1852 1188 1887 tunc
1212 1847 1353 1887 credit
1377 1847 1495 1900 quod
1519 1847 1575 1887 sit
1597 1861 1623 1887 a
1649 1846 1858 1888 Domino.

375 1909 448 1949 Ex
487 1910 552 1949 his
591 1909 729 1950 videri
770 1915 923 1962 potest
964 1909 1084 1962 quod
1125 1909 1292 1949 bonum
1329 1909 1447 1962 quod
1485 1909 1622 1950 homo
1658 1909 1762 1950 facit
1798 1923 1859 1953 ex

374 1971 530 2012 Verbo
552 1972 608 2012 sit
631 1972 799 2021 bonum
822 1971 1063 2025 spirituale,
1088 1978 1133 2012 et
1156 1972 1274 2024 quod
1298 1972 1342 2012 id
1365 1971 1608 2024 conjungat
1631 1971 1858 2014 hominem

375 2034 572 2074 Domino
599 2041 644 2074 et
676 2034 829 2085 caelo;
867 2041 914 2075 at
940 2034 1107 2074 bonum
1134 2034 1253 2087 quod
1285 2034 1421 2074 homo
1447 2034 1550 2074 facit
1583 2048 1663 2087 pro
1689 2035 1858 2078 mundo

373 2103 418 2137 et
446 2110 526 2149 pro
549 2097 840 2137 societatibus
866 2097 909 2136 in
933 2097 1114 2144 mundo,
1138 2097 1257 2150 quod
1280 2097 1448 2137 bonum
1472 2097 1599 2137 civile
1622 2103 1668 2137 et
1690 2096 1858 2139 bonum

374 2159 541 2199 morale
571 2165 772 2207 vocatur,
801 2158 1033 2211 conjungit
1064 2158 1188 2199 illum
1221 2160 1389 2199 mundo
1422 2165 1467 2200 et
1499 2172 1589 2199 non
1621 2159 1772 2200 caelo:
1810 2166 1858 2202 et

373 2229 605 2275 praeterea
622 2220 876 2274 conjunffio
893 2223 984 2262 veri
1006 2221 1107 2262 fidei
1129 2228 1197 2262 est
1221 2235 1321 2261 cum
1344 2222 1464 2262 bono
1487 2221 1717 2274 spirituali,
1737 2223 1857 2276 quod

372 2291 441 2325 est
473 2285 640 2325 bonum
666 2284 897 2325 charitatis
923 2298 1029 2336 erga
1061 2284 1330 2336 proximum,
1359 2298 1417 2324 ex
1450 2298 1583 2325 causa
1613 2285 1714 2338 quia
1744 2284 1855 2329 fides

371 2348 414 2387 in
442 2360 488 2388 se
514 2353 583 2387 est
610 2346 861 2399 spiritualis,
887 2359 936 2386 ac
964 2346 1192 2398 spirituale
1215 2359 1304 2387 non
1328 2353 1479 2398 potest
1503 2359 1603 2386 cum
1625 2346 1713 2388 alio
1734 2347 1856 2388 bono

372 2409 581 2462 conjungi
613 2422 745 2462 quam
777 2409 895 2462 quod
927 2422 1067 2461 aeque
1105 2415 1173 2449 est
1205 2408 1462 2460 spirituale;
1505 2409 1672 2449 bonum
1703 2416 1855 2451 autem

372 2471 500 2512 civile
542 2478 588 2512 et
629 2470 811 2519 morale,
855 2477 1110 2523 separatum
1154 2484 1180 2510 a
1220 2471 1340 2511 bono
1381 2470 1610 2524 spirituali,
1654 2485 1743 2512 non
1785 2478 1855 2514 est

371 2535 537 2576 bonum
570 2535 612 2574 in
644 2548 705 2582 se,
735 2534 835 2587 quia
866 2540 935 2574 est
967 2533 1023 2573 ab
1055 2533 1262 2583 homine;
1300 2534 1437 2573 immo
1463 2539 1680 2586 quantum
1712 2534 1776 2574 sui
1807 2541 1854 2575 et

371 2597 523 2637 mundi
559 2597 602 2636 in
638 2596 716 2636 illo
753 2596 880 2644 latet,
914 2601 1092 2636 tantum
1129 2601 1197 2636 est
1235 2595 1427 2645 malum;
1471 2609 1604 2648 quare
1641 2595 1726 2636 hoc
1764 2608 1854 2637 non

370 2666 522 2712 potest
548 2659 756 2712 conjungi
783 2671 883 2699 cum
909 2658 1020 2710 fide;
1058 2659 1195 2699 immo
1221 2659 1255 2698 si
1282 2658 1640 2711 conjungeretur,
1665 2658 1853 2712 dissipa-

370 2729 438 2763 ret
466 2722 611 2762 fidem.

453 2790 536 2844 [b.]
580 2789 715 2843 Quod
736 2790 989 2830 “seducere
1011 2790 1267 2829 universum
1290 2788 1479 2829 orbem‘’
1502 2788 1726 2841 significet
1749 2803 1850 2843 per-

368 2859 542 2893 vertere
574 2852 724 2892 omnia
755 2850 985 2899 ecclesiae,
1019 2857 1088 2891 est
1120 2851 1221 2903 quia
1252 2864 1329 2903 per
1361 2850 1585 2890 “orbem”
1610 2851 1654 2891 in
1685 2863 1850 2903 genere

369 2914 643 2967 significatur
679 2913 869 2954 ecclesia
904 2913 1238 2966 quoadomnia
1278 2912 1383 2965 ejus,
1423 2919 1516 2953 tam
1558 2913 1677 2953 bona
1716 2926 1850 2966 quam

368 2991 498 3028 vera;
541 2984 586 3018 at
623 2977 667 3017 in
704 2977 850 3029 specie
882 2975 1157 3029 significatur
1188 2975 1376 3016 ecclesia
1408 2975 1555 3028 quoad
1587 2975 1768 3025 bonum,
1802 2982 1850 3016 et
