2054 3464
547 377 654 410 CAP.
678 376 800 418 xm„
824 376 964 409 VERS.
992 375 1134 408 1.—N.
1157 365 1327 433 77·8[a].
1577 365 1687 419 2163

183 490 294 534 *ficet
332 490 463 546 quale
500 503 655 533 eorum
678 483 767 544 ¹qui
804 503 883 543 per
919 489 1153 531 ratiocinia
1190 503 1248 530 ex
1282 486 1476 530 naturali
1507 486 1691 529 homine

187 554 458 598 confirmant
483 554 819 608 separationem
845 552 947 594 fidei
973 567 999 593 a
1025 553 1132 602 vita,
1157 558 1204 594 et
1231 552 1350 606 quod
1377 551 1508 605 quale
1535 564 1689 592 eorum

187 618 246 660 sit
276 617 528 660 falsificatio
553 616 708 658 Verbi.
770 615 905 669 Quod
935 615 1285 669 “blasphemia”
1312 613 1537 668 significet
1567 613 1689 655 salsi-

186 679 447 724 ficationem
473 680 630 729 Verbi,
658 686 728 721 est
760 679 863 733 quia
895 679 938 719 in
971 678 1265 732 sequentibus
1292 692 1370 732 per
1401 678 1518 718 hanc
1548 677 1690 718 “bes-

187 745 299 787 tiam
313 744 333 760 ’'
354 744 623 786 describitur
643 743 873 797 quomodo
896 742 958 783 illi
985 743 1058 796 qui
1082 755 1159 795 per
1184 746 1209 762 “
1224 742 1468 783 draconem
1481 741 1499 756 ”
1521 740 1690 782 intelli-

187 813 369 864 guntur,
385 821 464 862 per
477 807 712 848 ratiocinia
730 820 788 847 ex
805 805 998 847 naturali
1016 805 1212 854 homine,
1230 810 1495 858 pervertunt
1510 816 1691 845 sensum

187 870 368 913 litterae
392 870 546 919 Verbi,
571 875 620 911 ut
642 869 1012 923 justificationem
1040 875 1085 910 et
1113 868 1414 909 salvationem
1441 881 1520 921 per
1546 866 1691 908 solam

187 934 324 976 fidem
349 934 518 988 absque
550 934 680 975 bonis
703 933 912 986 operibus
939 932 1237 983 confirment;
1277 938 1324 973 et
1356 932 1441 973 hoc
1475 944 1566 972 non
1599 929 1691 972 fieri

186 1005 342 1052 potest
383 998 466 1039 nisi
511 1003 560 1039 ut
601 996 840 1038 falsificent
881 995 1100 1045 Verbum,
1147 995 1267 1049 quod
1310 995 1354 1036 in
1393 994 1605 1036 omnibus
1645 999 1691 1035 et

186 1061 375 1116 singulis
400 1059 634 1114 conjungit
661 1074 767 1101 vera
793 1059 923 1101 bonis
951 1066 997 1100 et
1029 1059 1150 1100 bona
1175 1059 1305 1107 veris,
1334 1059 1397 1099 ita
1423 1057 1557 1098 fidem
1584 1057 1692 1099 cha-

187 1123 316 1164 ritati
346 1128 394 1164 et
425 1121 701 1164 charitatem
732 1121 851 1170 fidei,
884 1127 934 1162 ut
965 1134 1101 1174 supra
1133 1131 1178 1168 (n.
1195 1129 1294 1173 775)
1323 1125 1563 1160 ostensum
1594 1125 1691 1170 est;

189 1185 294 1226 inde
319 1190 390 1237 est
416 1184 537 1238 quod
563 1182 899 1225 falsificationes
926 1182 1067 1224 Verbi
1093 1181 1404 1235 significentur
1430 1194 1509 1234 per
1534 1180 1692 1222 “blas-

188 1246 455 1302 phemiam‚”
486 1261 600 1301 quae
632 1246 794 1287 dicitur
825 1259 990 1287 nomen
1023 1259 1122 1287 esse
1160 1245 1287 1298 hujus
1319 1245 1506 1286 bestiae.
1568 1243 1694 1297 Quo-

189 1311 328 1353 modo
344 1317 498 1353 autem
521 1309 863 1363 blasphematur
881 1308 1085 1350 Verbum
1109 1322 1187 1361 per
1205 1307 1567 1349 falsificationem
1585 1306 1692 1360 ejus,

187 1373 485 1416 illustrabitur
516 1386 595 1427 per
626 1373 713 1414 hoc
745 1371 1010 1426 exemplum
1030 1371 1174 1413 :—Illi
1207 1371 1279 1426 qui
1312 1376 1527 1424 separant
1558 1369 1693 1412 fidem

64 1427 71 1444 ²
123 1462 126 1464 v
189 1451 216 1480 a
240 1437 370 1480 bonis
396 1436 621 1492 operibus,
649 1436 820 1485 dicunt,

260 1538 381 1588 Quod
397 1539 506 1575 Deus
522 1538 642 1575 Pater
653 1538 878 1579 removerit,
893 1538 1016 1573 immo
1029 1537 1210 1584 rejecerit
1225 1548 1248 1572 a
1263 1536 1324 1578 Se,
1338 1537 1556 1572 humanum
1569 1547 1696 1583 genus

191 1594 355 1635 propter
371 1587 494 1627 mala:
520 1593 562 1622 et
579 1586 688 1633 quod
716 1586 807 1621 ideo
828 1585 951 1621 Filius
972 1585 1101 1631 Ipsius
1120 1585 1264 1620 missus
1283 1585 1346 1625 sit,
1365 1591 1434 1619 aut
1455 1584 1544 1630 Ipse
1563 1590 1696 1619 motus

190 1634 462 1671 misericordia
480 1634 520 1669 in
539 1634 734 1669 mundum
751 1633 928 1674 venerit;
959 1640 1000 1668 et
1018 1633 1126 1679 quod
1149 1632 1237 1678 Ipse
1265 1643 1333 1678 per
1350 1632 1514 1667 ultimae
1533 1631 1696 1666 damna-

190 1681 316 1719 tionis
333 1692 516 1728 poenam,
535 1692 637 1728 quae
663 1680 739 1716 fuit
765 1681 897 1726 passio
914 1680 1054 1720 crucis,
1073 1691 1119 1715 ac
1146 1679 1199 1714 ibi
1226 1691 1296 1725 per
1314 1679 1548 1725 sanguinem
1567 1690 1695 1718 suum,

189 1736 232 1766 et
256 1729 428 1776 denique
454 1740 524 1776 per
549 1735 731 1770 mortem,
751 1727 1068 1764 reconciliaverit
1095 1727 1204 1762 Patri
1231 1727 1450 1762 humanum
1476 1737 1613 1773 genus,
1639 1726 1698 1762 sic

193 1776 479 1813 intercedendo
497 1787 570 1823 pro
589 1776 668 1812 illo.

191 1887 295 1930 Hoc
325 1888 430 1942 quia
457 1893 528 1929 est
553 1887 672 1928 inter
697 1886 906 1940 primaria
931 1883 1163 1927 docirinae
1190 1884 1368 1926 illorum
1401 1884 1475 1938 qui
1507 1883 1642 1924 fidem
1670 1897 1697 1925 a

191 1965 271 1994 sua
301 1952 408 2001 vita,
442 1965 556 2006 quae
587 1957 658 1992 est
691 1950 901 1999 charitas,
935 1955 1163 2002 separant,
1196 1948 1332 1990 velim
1364 1948 1517 2001 paucis
1549 1947 1697 1988 dicere

191 2014 420 2070 quomodo
466 2014 678 2055 Divinum
720 2027 799 2067 per
839 2013 883 2054 id
928 2012 1283 2065 blasphematur.
1346 2011 1697 2064 Blasphematur

192 2091 272 2132 per
296 2077 355 2128 id,
379 2077 500 2132 quod
527 2077 717 2118 credant
739 2083 787 2118 et
812 2076 1020 2130 cogitent
1047 2075 1167 2129 quod
1196 2075 1408 2115 Divinum
1431 2088 1457 2115 a
1479 2088 1526 2115 se
1549 2086 1698 2115 remo-

67 2119 74 2133 .

54 2196 58 2203 Ι
100 2144 109 2154 ’
135 2142 137 2144 ’
180 2140 308 2184 'verit
338 2148 416 2183 aut
447 2140 653 2194 rejecerit
684 2141 931 2181 humanum
963 2153 1121 2192 genus,
1151 2152 1253 2180 cum
1284 2145 1440 2180 tamen
1474 2137 1596 2178 Deus
1628 2143 1698 2178 est

193 2205 289 2259 ipse
306 2204 467 2254 Amor,
486 2205 583 2258 ipsa
601 2203 923 2252 Misericordia,
944 2210 990 2244 et
1013 2203 1159 2256 ipsum
1183 2202 1374 2251 Bonum,
1395 2208 1440 2243 et
1464 2201 1574 2242 haec
1594 2206 1698 2241 sunt

194 2267 311 2310 Esse
349 2268 521 2322 Ipsius;
555 2281 614 2308 ex
653 2266 813 2320 quibus
849 2272 978 2319 patet
1020 2266 1141 2319 quod
1184 2265 1284 2306 Deo
1325 2264 1601 2318 impossibile
1641 2264 1700 2305 sit

193 2344 427 2374 removere
449 2336 526 2372 aut
545 2330 726 2384 rejicere
749 2329 943 2384 aliquem
967 2344 1025 2370 ex
1049 2329 1247 2370 humano
1269 2342 1451 2382 genere,
1471 2328 1557 2368 hoc
1580 2327 1700 2368 enim

195 2392 311 2437 foret
341 2407 477 2448 agere
509 2400 671 2436 contra
702 2393 817 2434 Esse
848 2406 991 2442 suum,
1019 2392 1153 2447 quod,
1183 2398 1231 2433 ut
1263 2390 1433 2433 dictum
1460 2397 1544 2440 est,
1573 2397 1642 2432 est
1674 2404 1700 2431 a

195 2470 286 2512 quo
311 2457 458 2499 omnis
484 2470 624 2506 amor,
653 2457 799 2498 omnis
826 2456 1130 2497 misericordia
1156 2462 1202 2497 et
1229 2469 1362 2496 omne
1395 2455 1564 2496 bonum
1597 2467 1699 2507 pro-

195 2521 316 2563 fluit:
349 2520 435 2562 hoc
462 2534 518 2562 ne
543 2520 726 2574 quidem
752 2519 897 2560 facere
925 2526 1079 2573 potest
1106 2518 1222 2559 ullus
1248 2518 1453 2571 angelus,
1481 2523 1558 2558 aut
1585 2516 1700 2558 ullus

195 2585 348 2633 homo,
376 2584 451 2638 qui
468 2584 520 2625 in
546 2597 714 2632 amore,
742 2583 786 2624 in
813 2582 1133 2631 misericordia,
1162 2588 1208 2623 et
1235 2582 1279 2623 in
1306 2581 1427 2622 bono
1452 2595 1478 2622 a
1503 2581 1702 2622 Domino

196 2654 294 2699 est;
326 2660 428 2689 cum
454 2653 610 2689 tamen
636 2647 796 2688 horum
823 2659 950 2688 amor
974 2652 1045 2687 est
1070 2645 1238 2695 finitus,
1267 2652 1313 2686 et
1340 2645 1528 2685 Divinus
1555 2643 1702 2684 Amor

197 2710 408 2753 infinitus.
469 2711 793 2752 Remotionem
825 2717 902 2751 aut
934 2707 1224 2763 rejectionem
1257 2708 1442 2749 humani
1469 2708 1647 2761 generis
1674 2721 1700 2748 a

199 2773 299 2816 Deo
317 2774 464 2823 Patre,
484 2780 650 2815 vocant
664 2773 885 2827 justitiam
903 2773 1224 2814 vindicativam
1246 2787 1254 2823 ;
1280 2772 1334 2813 de
1354 2786 1440 2826 qua
1459 2784 1548 2812 non
1567 2770 1701 2811 aliam

197 2829 354 2879 fovent
388 2837 551 2886 ideam,
585 2849 719 2891 quam
757 2837 872 2878 sicut
909 2837 966 2877 de
1003 2849 1108 2889 rege
1146 2842 1223 2877 aut
1255 2835 1404 2888 judice
1443 2833 1702 2874 vindicante

199 2899 367 2941 malum
389 2900 472 2941 sibi
497 2900 700 2951 illatum;
733 2905 1066 2954 consequenter
1089 2900 1204 2940 sicut
1231 2899 1286 2939 de
1310 2910 1463 2938 eorum
1485 2893 1697 2944 vindicta,

199 2963 244 3003 in
270 2976 358 3016 qua
389 2975 478 3003 non
505 2969 658 3016 potest
691 2975 782 3004 non
815 2976 913 3003 esse
945 2961 1114 3015 aliquid
1145 2962 1248 3002 irae.
1310 2959 1386 3000 Ad
1419 2960 1503 3000 hoc
1537 2957 1701 2999 confir-

201 3025 414 3067 mandum
432 3026 662 3067 adducunt
681 3026 781 3067 loca
798 3040 821 3067 e
834 3025 1004 3075 Verbo,
1022 3025 1095 3066 ubi
1114 3024 1237 3066 Deus
1256 3024 1417 3065 dicitur
1434 3026 1458 3043 “
1474 3020 1702 3072 VindeX‚”
