2098 3476
651 367 759 400 CAP.
783 367 886 408 xn„
911 366 1049 399 VERs.
1078 366 1220 398 1.—N.
1244 355 1412 411 706[b].
1675 366 1778 412 1915

272 487 430 524 ,tatem
468 481 607 523 etiam
647 479 922 534 persuadent
962 477 1226 531 intellectui,
1269 485 1346 520 aut
1392 479 1507 519 sicut
1553 477 1630 520 illa
1669 494 1781 533 quae

283 541 471 587 movent
507 542 794 586 affectionem
831 543 970 584 etiam
1008 549 1196 584 movent
1233 542 1563 596 cogitationem
1600 555 1781 595 persua-

283 608 451 651 dendo.
511 605 728 650 Similiter
752 606 873 660 apud
898 605 1236 659 Evangelz'stas,

350 698 393 732 In
421 697 734 730 consummatione
759 697 891 729 saeculi
919 698 1096 737 “surgent
1127 695 1209 727 falsi
1236 695 1370 728 Christi
1401 701 1437 727 et
1465 695 1546 727 falsi
1578 696 1782 736 prophetae,

457 742 594 774 dabunt
609 742 714 782 signa
729 750 862 781 magna
878 746 913 772 et
931 740 1111 777 miracula.
1129 750 1169 771 ac
1186 740 1222 771 in
1240 749 1398 771 errorem
1416 740 1595 778 inducent,
1613 740 1643 771 si
1669 740 1782 780 possi-

457 785 528 819 bile
544 791 609 824 est,
627 785 736 817 etiam
753 782 916 816 electos”
934 784 1079 824 (Matth.
1096 783 1191 816 xxiv.
1210 791 1272 823 24;
1296 785 1410 815 Marc.
1428 784 1499 815 xiii.
1517 783 1592 824 22):

284 872 357 914 hic
389 872 528 916 etiam
559 884 638 925 per
663 871 832 924 “signa
863 869 1061 923 magna'’
1087 876 1133 911 et
1162 869 1448 911 “miracula’'
1475 868 1783 923 significantur

283 935 458 985 similia,
487 947 649 988 nempe
681 941 730 975 ut
762 933 1064 975 testificentur
1089 939 1135 974 et
1167 933 1486 987 persuadeant,
1514 946 1566 974 ac
1599 939 1648 974 ut
1679 945 1781 985 per—

283 997 454 1041 cellant
495 1003 543 1039 et
583 1004 818 1050 stuporem
857 997 1090 1046 inducant,
1129 1010 1189 1037 ex
1234 1010 1323 1050 quo
1363 997 1591 1049 persuasio
1630 996 1782 1046 fortis;

281 1061 465 1116 quinam
501 1073 580 1114 per
614 1060 790 1102 “falsos
822 1059 1028 1101 Christos
1041 1059 1060 1075 ”
1091 1066 1138 1100 et
1178 1073 1256 1112 per
1291 1059 1467 1100 “falsos
1499 1059 1784 1113 prophetas,”

281 1131 379 1166 tum
418 1124 603 1179 quinam
644 1137 724 1177 per
766 1121 1008 1164 “eleetos”
1045 1122 1375 1176 intelliguntur,
1409 1123 1616 1164 videatur
1651 1136 1784 1176 supra

282 1197 329 1236 (n.
343 1185 491 1239 624[b],
506 1185 675 1237 684[a]).
734 1185 876 1239 Apud
901 1184 1073 1234 Mosen,

348 1274 413 1308 “Si
430 1274 622 1308 surrexerit
639 1274 675 1305 in
693 1274 813 1305 medio
826 1273 876 1305 tui
894 1274 1069 1315 propheta
1081 1279 1142 1305 aut
1156 1273 1344 1305 somnians
1358 1273 1552 1312 somnium,
1572 1273 1630 1314 qui
1647 1273 1784 1305 dederit

457 1318 522 1350 tibi
538 1318 682 1359 signum
699 1324 762 1349 aut
787 1317 1009 1356 miraculum,
1027 1324 1062 1349 et
1087 1317 1209 1349 veniat
1225 1318 1368 1357 signum
1386 1323 1447 1349 aut
1464 1317 1672 1349 miraculum
1690 1318 1784 1358 quod

456 1362 595 1394 locutus
623 1367 678 1393 est
705 1361 750 1393 ad
778 1367 823 1399 te,
848 1361 1010 1399 dicendo,
1037 1360 1170 1393 Eamus
1195 1361 1238 1393 ad
1268 1361 1356 1393 deos
1385 1361 1484 1399 alios,
1510 1371 1583 1393 non
1609 1361 1755 1393 obedies
1766 1361 1784 1372 ’'

455 1405 592 1446 (Deutr.
610 1405 681 1437 xiii.
699 1413 764 1445 2-4
783 1403 843 1447 [B.
863 1406 908 1437 A.
926 1402 1037 1447 1-3]):

280 1493 352 1536 hic
384 1493 548 1535 dicitur
575 1492 867 1546 “propheta'’
894 1498 940 1533 et
970 1493 1240 1533 “somnians
1272 1491 1536 1541 somnium,”
1562 1506 1613 1533 ac
1649 1493 1781 1546 “sig-

234 1576 238 1583 ·
281 1569 388 1598 num
399 1555 419 1572 ”
441 1561 488 1598 et
513 1554 855 1605 “miraculum‚''
877 1556 981 1610 quia
1001 1555 1059 1596 ad
1082 1555 1354 1608 prophetam
1377 1555 1566 1596 refertur
1587 1556 1780 1609 signum,

281 1625 329 1661 et
354 1619 412 1661 ad
437 1619 741 1669 somniantem
768 1619 991 1665 somnium
1019 1618 1296 1667 miraculum,
1325 1632 1385 1659 ex
1412 1632 1546 1659 causa
1571 1620 1674 1673 quia
1705 1633 1784 1672 per

285 1683 596 1737 “prophetam
608 1681 627 1697 ‘’
644 1682 914 1736 intelligitur
931 1682 1102 1723 docens
1121 1696 1240 1731 vera,
1261 1689 1306 1723 et
1328 1683 1372 1723 in
1395 1696 1528 1723 sensu
1551 1681 1783 1724 abstracto

282 1744 488 1788 doc‘trina
509 1746 615 1795 veri,
639 1752 685 1786 et
708 1759 787 1799 per
816 1745 1159 1786 “somniantem
1172 1745 1191 1760 ”
1213 1746 1422 1787 excitans
1444 1746 1502 1786 ad
1528 1746 1779 1788 faciendum

282 1810 361 1860 ita,
388 1816 435 1852 et
457 1810 501 1851 in
524 1822 659 1850 sensu
684 1807 916 1850 abstracto
939 1809 1161 1850 excitatio
1187 1823 1246 1850 ex
1273 1823 1360 1863 qua
1386 1809 1461 1860 fit;
1496 1810 1581 1851 hoc
1605 1824 1782 1864 quoque
1811 1842 1813 1844 -

281 1879 352 1915 est
383 1871 600 1922 miraculi,
633 1878 681 1913 et
717 1871 829 1912 illud
861 1872 1005 1925 signi;
1043 1872 1294 1926 prophetae
1327 1873 1447 1913 enim
1479 1873 1582 1914 viva
1613 1887 1724 1914 voce
1756 1888 1782 1914 a

283 1935 482 1978 Domino
507 1935 860 1985 instruebantur,
889 1942 935 1976 et
967 1936 1249 1976 somniantes
1281 1949 1360 1989 per
1391 1938 1782 1989 repraesentativa

283 2000 538 2042 excitantia
572 1999 630 2040 ad
666 1999 921 2040 faciendum
940 2013 949 2050 ;
992 1999 1104 2040 haec
1137 1999 1384 2042 influebant
1422 2001 1466 2041 in
1498 1999 1782 2042 affectionem

281 2063 550 2117 somniantis
575 2069 622 2104 et
653 2062 758 2103 inde
789 2062 834 2102 in
866 2063 1011 2103 visum
1038 2063 1346 2116 cogitationis,
1374 2077 1479 2104 nam
1513 2077 1614 2104 cum
1646 2064 1783 2105 homo

281 2126 494 2175 somniat,
522 2126 696 2179 sopitur
721 2125 815 2178 ejus
841 2123 1101 2167 intellectus
1129 2125 1361 2175 naturalis,
1390 2133 1436 2167 et
1468 2127 1666 2179 aperitur
1692 2126 1784 2180 ejus

282 2190 401 2231 visus
430 2188 688 2243 spiritualis,
717 2189 791 2242 qui
822 2202 956 2230 omne
989 2202 1117 2230 suum
1150 2189 1288 2230 trahit
1320 2189 1378 2230 ab
1409 2187 1644 2231 affectione
1662 2204 1672 2241 ;
1711 2191 1781 2232 hic

282 2259 437 2296 autem
461 2252 582 2294 visus
607 2252 681 2305 qui
712 2252 852 2293 trahit
884 2252 942 2293 ab
973 2250 1209 2293 affeffione
1236 2251 1368 2301 mala,
1398 2265 1502 2293 nam
1534 2253 1696 2294 dicitur
1728 2254 1783 2295 de

283 2316 517 2371 prophetis
553 2317 628 2370 qui
667 2315 837 2357 docent
881 2315 994 2356 salsa
1034 2322 1082 2356 et
1122 2317 1353 2357 somniant
1394 2329 1526 2365 vana,
1563 2330 1668 2358 nam
1706 2331 1784 2370 per

285 2379 435 2422 “deos
460 2378 573 2420 alios
584 2378 604 2395 ’'
625 2378 941 2432 intelliguntur
962 2378 1074 2420 salsa
1099 2386 1146 2420 et
1168 2392 1285 2420 vana
1307 2393 1420 2433 quae
1443 2380 1710 2422 audiverunt
1737 2388 1784 2422 et

283 2443 506 2485 viderunt.

366 2507 451 2563 [Ε]
484 2507 622 2562 Quod
647 2507 849 2562 “signa'’
870 2507 1130 2561 significent
1153 2508 1507 2549 testificationes
1529 2523 1645 2563 quae
1667 2510 1782 2550 indi-

283 2578 390 2613 cant
427 2577 475 2612 et
510 2570 786 2624 persuadent
823 2577 871 2611 ut
910 2570 1098 2611 credant
1135 2570 1255 2624 quod
1292 2571 1356 2611 ita
1393 2571 1464 2620 sit,
1504 2578 1686 2613 constat
1724 2586 1783 2613 ex

283 2633 576 2689 sequentibus
603 2633 714 2675 locis
733 2633 943 2687 z—Apud
968 2633 1137 2683 Mosen,

351 2729 416 2762 “Si
438 2739 512 2761 non
530 2729 746 2761 crediderint
768 2729 842 2768 tibi,
861 2739 925 2760 nec
950 2729 1151 2761 audiverint
1168 2738 1293 2760 vocem
1314 2729 1409 2770 signi
1432 2729 1546 2769 primi,
1565 2729 1711 2761 credent
1733 2735 1784 2759 ta-

459 2783 542 2805 men
561 2773 640 2805 voci
669 2773 762 2814 signi
788 2773 1021 2814 posterioris;
1051 2780 1087 2804 et
1114 2774 1144 2804 si
1174 2783 1246 2804 non
1271 2773 1487 2804 crediderint
1503 2773 1643 2804 duobus
1669 2773 1783 2812 signis

458 2817 526 2856 his,
544 2827 610 2848 nec
626 2817 829 2848 audiverint
845 2827 970 2848 vocem
988 2823 1097 2855 tuam,
1117 2826 1237 2848 sumes
1255 2817 1299 2848 de
1321 2808 1565 2858 aquis‘fluvii,.
1581 2841 1588 2848 .
1602 2841 1609 2848 .
1625 2822 1675 2848 .et
1698 2816 1783 2848 fient

458 2861 605 2902 sanguis
615 2859 633 2873 ”
650 2860 774 2901 (Exod.
793 2858 874 2893 Μὶν.
893 2861 922 2900 8,
940 2860 993 2902 9):

283 2947 395 2990 haec
428 2947 485 2988 de
517 2946 741 2988 miraculis
776 2960 855 3000 per
887 2946 1049 2988 Mosen
1082 2944 1224 2996 saetis,
1253 2960 1354 2988 cum
1388 2946 1610 2987 Dominus
1641 2958 1780 2998 appa-

282 3010 370 3053 ruit
402 3010 442 3053 ei
471 3011 516 3052 in
547 3010 673 3062 rubo,
707 3024 819 3066 quae
849 3010 1052 3064 “signa’'
1077 3017 1313 3061 vocantur,
1347 3011 1450 3064 quia
1481 3007 1778 3051 testificatura
