2054 3464
393 346 503 399 2078
806 355 1137 390 APOCALYPS'IS
1168 357 1465 390 EXPLICATA.

391 468 614 521 significat
646 483 824 522 prorsus
856 471 1075 523 occupari,
1109 477 1155 512 et
1184 471 1432 512 “satanas''
1464 470 1686 524 significat
1716 470 1874 514 salsum

389 531 620 580 infernale,
648 546 736 585 quo
763 539 1069 585 occuparetur.
1129 533 1267 586 Apud
1294 534 1571 583 Saclzam'am,

453 628 472 642 “
486 631 615 663 Postea
632 633 787 663 ostendit
805 633 889 664 mihi
907 633 1142 674 Jehoschuam
1158 635 1376 666 sacerdotem
1391 644 1571 674 magnum,
1586 640 1737 666 stantem
1755 644 1874 667 coram

562 676 691 715 angelo
709 675 888 717 Jehovae;
914 683 948 708 et
969 677 1076 708 Satan
1097 683 1196 709 stans
1213 678 1257 709 ad
1277 678 1435 709 dextram
1453 677 1530 718 ejus
1550 679 1594 709 ad
1613 678 1875 710 adversandum

563 719 635 750 illi:
665 725 700 750 et
723 720 810 750 dixit
832 719 993 760 Jehovah
1017 721 1062 751 ad
1087 721 1266 756 Satanam,
1293 720 1456 761 Increpet
1484 728 1518 752 te
1542 721 1713 762 Jehovah,
1738 721 1876 762 eligens

564 761 874 803 Hierosolymam;
906 773 1027 794 nonne
1052 763 1112 795 illa
1128 764 1205 795 titio
1230 771 1370 804 ereptus
1395 775 1439 795 ex
1463 765 1569 804 igne?
1615 764 1658 796 Et
1674 764 1876 806 Jehoschua

562 805 627 836 fuit
645 806 787 837 indutus
803 807 958 838 vestibus
977 807 1130 847 pollutis,
1144 808 1261 848 sicque
1279 814 1378 839 stans
1396 818 1514 839 coram
1527 807 1686 848 angelo'’
1699 808 1758 848 (iii.
1779 808 1853 848 1-3)
1865 833 1872 840 .

387 919 492 972 quid
515 919 624 961 haec
644 919 891 969 involvunt,
909 934 998 961 non
1017 927 1224 962 constare
1243 928 1394 975 potest
1413 922 1493 962 nisi
1516 936 1573 962 ex
1597 922 1708 962 serie
1727 934 1873 963 rerum

387 995 500 1035 quae
532 982 809 1023 antecedunt
850 989 896 1024 et
934 991 1294 1037 consequuntur;
1336 998 1395 1024 ex
1433 984 1509 1024 illa
1544 984 1683 1025 videri
1720 990 1873 1037 potest

388 1044 506 1097 quod
539 1058 616 1097 per
647 1059 700 1085 ea
730 1052 1117 1098 repraesentatum
1149 1047 1206 1087 sit
1238 1047 1464 1100 quomodo
1491 1046 1691 1088 Verbum
1722 1046 1872 1088 falsifi-

387 1113 537 1157 catum
569 1107 672 1158 fuit;
712 1122 790 1160 per
823 1108 1160 1161 “Jehoschuam
1193 1110 1476 1149 sacerdotem
1509 1109 1755 1163 magnum”
1781 1110 1872 1162 sig-

387 1168 589 1210 nificatur
614 1170 672 1210 ibi
705 1171 804 1211 Lex
831 1185 908 1211 seu
934 1171 1151 1220 Verbum,
1180 1179 1226 1212 et
1258 1171 1507 1212 falsificatio
1532 1171 1623 1224 ejus
1650 1186 1728 1225 per
1753 1172 1872 1226 quod

389 1233 629 1272 “vestibus
667 1233 850 1286 pollutis
887 1234 1067 1274 indutus
1109 1235 1285 1275 steterit
1328 1247 1478 1275 coram
1519 1235 1733 1287 angelo:''
1768 1235 1872 1276 inde

367 1300 512 1346 ‚patet
536 1296 654 1348 quod
681 1309 758 1348 per
782 1296 1056 1336 “satanam''
1078 1297 1136 1337 ibi
1162 1297 1441 1349 intelligatur
1462 1297 1619 1337 falsum
1642 1296 1871 1338 doctrinae

386 1371 445 1397 ex
472 1357 708 1399 falsificato
735 1359 915 1409 Verbo3
949 1365 994 1399 et
1020 1360 1122 1412 quia
1146 1360 1189 1399 id
1222 1359 1299 1400 illo
1326 1367 1529 1411 tempore
1551 1361 1717 1412 incepit
1744 1373 1871 1412 prae-

385 1418 548 1467 valere,
569 1421 712 1461 visum
735 1421 972 1462 Sachariae
996 1428 1065 1462 est
1088 1422 1207 1475 quod
1230 1425 1449 1462 “satanas
1472 1423 1650 1463 steterit
1675 1422 1732 1462 ad
1757 1422 1871 1463 dex-

388 1487 504 1522 tram
531 1482 621 1535 ejus
640 1484 672 1532 ;’'
701 1487 858 1524 “stare
886 1485 941 1524 ad
974 1484 1215 1525 dextram''
1242 1484 1462 1537 significat
1489 1498 1688 1537 pugnare
1714 1491 1873 1526 contra

386 1543 598 1585 Divinum
637 1546 819 1586 Verum.
882 1546 1105 1599 Quoniam
1140 1560 1295 1587 sensus
1332 1547 1509 1587 litterae
1546 1546 1685 1588 Verbi
1725 1546 1871 1588 solum

384 1606 603 1648 falsificari
634 1615 800 1661 potest,
830 1623 887 1649 ex
914 1623 1048 1650 causa
1073 1610 1174 1663 quia
1205 1609 1281 1650 illa
1306 1609 1449 1650 solum
1475 1616 1744 1663 apparenter
1766 1623 1872 1651 vera

384 1675 501 1717 sunt,
530 1677 576 1711 et
608 1671 669 1711 illi
697 1673 769 1724 qui
796 1672 997 1712 Verbum
1024 1673 1268 1713 secundum
1296 1672 1494 1713 litteram
1519 1673 1873 1724 interpretantur

385 1745 518 1784 aegre
538 1741 724 1785 possunt
743 1734 950 1787 redargui
972 1734 1197 1784 falsorum,
1218 1735 1334 1775 dixit
1350 1733 1600 1787 [¹³Jehovah.
1623 1734 1871 1788 “Increpet

383 1800 430 1834 te
455 1793 704 1845 Jehovah,”
727 1795 841 1835 sicut
868 1809 1003 1848 supra
1025 1806 1071 1844 (n.
1087 1805 1200 1847 735),
1221 1795 1294 1835 ubi
1316 1795 1573 1848 explicatur
1597 1795 1704 1848 quid
1729 1795 1870 1848 signi-

384 1855 489 1896 ficat
521 1856 640 1909 quod
675 1856 909 1896 “Michael
942 1869 1042 1896 cum
1075 1856 1255 1897 diabolo
1287 1857 1605 1908 disceptaverit
1637 1857 1693 1897 de
1731 1856 1870 1897 Mosis

384 1918 608 1970 corpore,”
641 1925 686 1959 et
724 1919 843 1971 quod
881 1918 1075 1959 Michael
1107 1919 1272 1959 dixerit
1309 1918 1504 1967 diabolo,
1539 1919 1788 1971 “Increpet
1824 1925 1870 1959 te

385 1980 633 2021 Dominus”
664 1980 871 2034 ([Epz'st.]
906 1981 1016 2028 Jud.
1049 1995 1161 2022 verS.
1187 1981 1248 2035 9).
1310 1981 1426 2033 Quia
1456 1994 1609 2022 verum
1641 1979 1869 2022 doc‘trinae

384 2057 442 2084 ex
466 2043 621 2084 Verbo
647 2044 925 2096 intelligitur,
950 2044 1068 2097 quod
1091 2043 1369 2085 falsificatum
1393 2050 1476 2091 est,
1497 2044 1670 2092 dicitur,
1697 2043 1868 2096 “Jeho-

384 2106 471 2146 vah
486 2106 656 2158 eligens
674 2106 1037 2158 Hierosolymam
1056 2121 1065 2156 ;
1089 2120 1236 2147 nonne
1251 2107 1327 2147 illa
1342 2107 1442 2148 titio
1453 2114 1632 2159 ereptus
1647 2121 1704 2147 ex
1719 2105 1869 2159 igne?''

385 2169 467 2209 Per
487 2173 512 2188 ‘⁴
527 2168 921 2221 Hierosolymam”
944 2168 1218 2221 significatur
1240 2168 1442 2210 do&rina
1464 2169 1694 2218 ecclesiae,
1719 2175 1764 2210 et
1791 2183 1870 2222 per

387 2232 631 2271 “titionem
659 2238 863 2283 ereptum
896 2245 955 2271 ex
987 2232 1090 2283 igne
1103 2231 1121 2246 ”
1147 2231 1421 2283 significatur
1452 2231 1570 2285 quod
1597 2245 1751 2284 parum
1777 2233 1868 2272 veri

384 2294 606 2334 residuum
644 2295 714 2334 sit.
776 2294 826 2333 In
864 2294 930 2334 his
967 2293 1077 2334 locis
1118 2295 1160 2334 in
1193 2294 1350 2335 Veteri
1387 2294 1685 2335 Testamento
1723 2294 1868 2335 solum

386 2356 636 2396 “satanas”
660 2357 927 2404 nominatur,
953 2363 998 2397 et
1026 2356 1180 2397 nullibi
1203 2356 1420 2405 diabolus,
1446 2357 1525 2397 sed
1551 2370 1631 2410 pro
1655 2356 1733 2397 illo
1759 2357 1868 2398 dici-

383 2425 454 2460 tur
469 2423 492 2438 ‘⁴
506 2418 686 2466 hostis‚’'
700 2422 724 2438 “
737 2419 977 2467 inimicus,”
995 2422 1019 2439 “
1035 2419 1175 2468 osor‚''
1190 2423 1216 2440 ‘⁶
1227 2419 1543 2468 adversarius‚”
1557 2423 1582 2439 ‘⁴
1595 2419 1869 2468 accusator,”

386 2481 654 2529 “daemon,''
682 2487 776 2520 tum
806 2481 993 2521 “mors''
1024 2488 1070 2523 et
1105 2482 1395 2523 “infernum.”
1455 2482 1529 2522 Ex
1561 2482 1628 2522 his
1661 2489 1868 2524 constare

371 2547 536 2597 'potest
579 2544 697 2596 quod
740 2557 817 2595 per
855 2544 1149 2584 “diabolum”
1186 2544 1461 2597 significetur
1496 2544 1713 2585 infernum
1749 2545 1867 2586 unde

385 2606 517 2655 mala,
550 2612 595 2646 et
628 2619 706 2658 per
740 2606 1012 2646 “satanam”
1044 2607 1260 2647 infernum
1292 2607 1408 2647 unde
1439 2607 1574 2658 falsa;
1612 2614 1659 2648 ut
1690 2621 1866 2662 quoque

384 2670 428 2710 in
455 2669 742 2722 sequentibus
769 2669 811 2708 in
839 2669 1120 2722 Apocalypsi,

424 2773 581 2806 “Postea
600 2774 672 2804 vidi
692 2774 856 2814 angelum
878 2774 1151 2806 descendentem
1173 2785 1191 2806 e
1211 2775 1318 2812 caelo,
1337 2775 1394 2815 qui
1413 2775 1565 2807 habebat
1584 2775 1718 2807 clavem
1735 2777 1866 2817 abyssi,

556 2823 590 2848 et
608 2824 769 2848 catenam
784 2827 949 2856 magnam
965 2828 1070 2858 super
1083 2828 1191 2849 manu
1207 2828 1272 2849 sua
1286 2827 1292 2855 ;
1317 2818 1372 2849 hic
1386 2819 1653 2858 comprehendit
1665 2819 1866 2857 draconem,

557 2866 757 2900 serpentem
772 2861 964 2900 antiquum,
979 2862 1036 2901 qui
1051 2868 1103 2892 est
1116 2862 1278 2892 diabolus
1291 2868 1326 2892 et
1337 2867 1489 2899 satanas,
1503 2868 1538 2893 et
1550 2862 1664 2893 vinxit
1676 2872 1756 2893 eum
1770 2863 1867 2894 mille

555 2914 680 2935 annos.
707 2928 714 2935 .
730 2928 736 2935 .
751 2928 758 2935 .
772 2928 780 2935 .
791 2904 834 2934 Et
845 2904 985 2944 quando
996 2905 1231 2935 consummati
1242 2905 1383 2935 fuerunt
1394 2905 1489 2936 mille
1501 2905 1595 2942 anni,
1608 2905 1764 2936 solvetur
1775 2911 1873 2942 sataf

555 2957 619 2978 nas
644 2957 663 2978 e
687 2946 959 2984 custodia'sua,''
977 2954 1012 2978 et
1035 2948 1178 2979 seducet
1197 2955 1343 2987 gentes;
1370 2949 1431 2978 “et
1455 2949 1627 2986 diabolus,
1647 2949 1705 2989 qui
1726 2949 1864 2980 seduxit

556 3001 627 3029 eos,
646 2989 827 3031 conjecstus
842 2996 896 3022 est
913 2991 947 3022 in
966 2997 1131 3031 stagnum
1149 2991 1241 3031 ignis
1255 2997 1290 3022 et
1306 2991 1482 3031 sulphuris
1496 2990 1512 3002 ''
1526 2992 1595 3030 (xx.
1615 3000 1642 3030 1,
1660 2999 1689 3030 2,
1709 2999 1736 3030 7,
1755 2992 1783 3030 8,
1801 2992 1863 3032 10).
