2008 3458
617 360 723 394 CAP.
749 361 865 403 xm,
890 362 1028 395 VERs.
1058 361 1228 405 14—N.
1252 352 1348 406 908.
1619 361 1733 404 2449

97 525 102 533 ,
161 492 163 495 ’
226 471 400 528 judicat
439 472 685 523 hominem,
714 475 854 516 etiam
896 475 1094 516 dicetur:
1140 474 1279 516 homo
1315 473 1389 528 qui
1430 473 1473 514 in
1509 471 1631 514 falsis
1671 485 1729 513 ex

230 536 354 579 malo
375 543 460 586 est,
483 551 543 579 ex
567 543 838 590 contemptu
860 545 905 579 et
929 537 1169 591 rejectione
1193 538 1343 578 Divini
1362 536 1484 586 Veri,
1502 537 1538 576 is
1560 537 1603 576 in
1627 535 1730 576 odio

230 606 303 642 est
324 606 485 642 contra
506 600 631 653 illud,
655 614 706 642 ac
730 600 892 654 flagrat
919 602 962 642 id
985 602 1217 643 destruere
1243 600 1363 654 apud
1389 599 1730 653 unumquemvis

229 663 307 719 qui
329 662 375 705 in
401 662 480 705 illo
505 677 532 705 a
558 663 756 705 Domino
779 671 876 715 est;
909 665 1029 718 quod
1057 678 1157 705 curn
1185 671 1388 713 conatur,
1413 669 1482 704 est
1506 663 1630 717 quasi
1656 663 1730 716 qui

228 739 280 768 se
309 726 356 768 in
386 727 541 781 ignem
567 726 764 780 conjicit,
791 734 870 768 aut
901 729 1017 768 sicut
1050 729 1146 781 quis
1172 727 1330 768 faciem
1362 733 1523 767 contra
1554 732 1728 779 petram

230 789 365 832 illidit
383 805 393 842 ;
412 804 517 832 .non
543 784 665 845 quod
692 791 808 844 ignis
834 804 970 831 causa
996 792 1068 840 sit,
1098 805 1179 832 nec
1208 797 1350 844 petra,
1379 791 1459 831 sed
1492 790 1630 830 homo
1655 789 1729 842 qui

228 852 317 895 hoc
337 853 472 895 facit:
515 867 620 895 nam
651 868 722 895 res
753 855 796 894 in
829 868 876 895 se
909 854 1013 895 talis
1045 861 1130 903 est,
1155 854 1274 908 quod
1314 854 1525 894 Divinum
1557 851 1728 893 Verum

194 924 452 971 “nusquam
484 923 658 971 pugnet
691 923 850 958 contra
881 917 1041 958 falsum
1074 932 1132 958 ex
1171 917 1306 966 malo,
1335 917 1414 957 sed
1449 917 1533 957 hoc
1571 922 1730 956 contra

227 977 354 1030 illud,
378 980 567 1034 proinde
591 994 681 1022 non
709 980 885 1022 caelum
912 987 1074 1022 contra
1099 981 1334 1029 infernum,
1360 980 1439 1020 sed
1463 980 1547 1020 hoc
1571 985 1730 1020 contra

228 1041 355 1086 illud.

259 1148 262 1151 Α
310 1103 454 1158 908.
492 1105 571 1147 “ft
590 1105 630 1146 in
653 1119 775 1146 manu
795 1118 874 1147 sua
899 1106 1050 1146 falcem
1075 1104 1477 1157 acutam.''—Quod
1503 1103 1728 1157 significet

226 1167 445 1211 Divinum
486 1169 647 1212 Verum
676 1170 895 1224 exquisite
923 1170 1169 1223 explorans
1210 1176 1251 1210 et
1291 1177 1524 1222 separans,
1549 1175 1728 1209 constat

228 1245 290 1275 ex
314 1232 645 1286 significatione
671 1233 874 1283 “falcis’'
896 1234 1018 1288 quod
1045 1234 1105 1275 sit
1132 1233 1346 1274 Divinum
1373 1231 1544 1273 Verum
1569 1232 1727 1285 exqui-

226 1295 314 1338 site
339 1295 586 1350 explorans
617 1304 663 1339 et
695 1311 910 1351 separans
927 1312 937 1349 ;
970 1297 1093 1351 quod
1121 1310 1200 1349 per
1228 1294 1426 1337 “falcem
1439 1295 1458 1310 '’
1485 1295 1528 1336 id
1560 1294 1727 1348 signifi—

226 1364 370 1408 cetur,
393 1365 464 1401 est
486 1361 589 1414 quia
612 1355 836 1414 perillam
863 1374 1007 1414 paene
1035 1359 1177 1401 simile
1204 1358 1482 1413 significatur
1505 1359 1624 1412 quod
1652 1372 1730 1411 per

228 1421 501 1479 “gladium'’
527 1430 573 1466 et
603 1424 969 1473 “machaeram,”
995 1438 1110 1478 quae
1137 1423 1259 1477 quod
1285 1423 1328 1464 in
1351 1422 1569 1476 spirituali
1596 1435 1728 1462 sensu

226 1485 287 1528 sit
311 1485 526 1528 Divinum
554 1487 736 1538 Verum
753 1485 962 1543 pugnans
995 1494 1154 1529 contra
1185 1487 1361 1536 salsum,
1386 1493 1432 1528 et
1465 1486 1728 1539 dispergens

223 1546 355 1597 illud,
377 1548 590 1590 videatur
611 1563 747 1604 supra
770 1561 815 1598 (n.
833 1558 935 1603 [1173.
957 1561 1047 1602 131,
1070 1549 1195 1602 367);
1227 1549 1297 1590 hic
1320 1550 1475 1602 itaque
1502 1548 1606 1588 loco
1627 1548 1727 1601 gla-

225 1613 287 1657 dii
317 1621 365 1657 et
397 1616 664 1658 machaerae
697 1617 859 1658 dicitur
887 1615 1061 1665 “salx‚''
1088 1617 1191 1670 quia
1222 1616 1372 1668 agitur
1399 1615 1454 1655 de
1482 1627 1643 1662 messe,
1672 1614 1728 1654 de

220 1690 315 1733 qua
335 1684 382 1721 et
408 1678 464 1720 de
490 1679 604 1721 falce
629 1679 756 1734 plura
777 1681 821 1721 in
845 1679 1141 1734 sequentibus
1163 1679 1383 1720 dicentur.
1441 1677 1575 1731 Quod
1596 1677 1727 1718 “falx

163 1784 169 1798 ⁶
223 1741 391 1783 acuta”
422 1741 636 1783 Divinum
669 1742 841 1784 Verum
879 1743 1105 1797 exquisite
1147 1741 1396 1795 explorans
1435 1747 1481 1782 et
1513 1753 1728 1793 separans

224 1803 464 1858 significet,
483 1812 554 1847 est
579 1806 682 1860 quia
703 1810 821 1860 per“
835 1805 1061 1847 messem”
1079 1805 1357 1858 significatur
1375 1804 1558 1845 ultimus
1581 1810 1728 1844 status

224 1867 446 1910 ecclesiae
477 1870 755 1923 praecedens
787 1869 997 1911 ultimum
1023 1869 1253 1923 judicium,
1287 1868 1469 1922 quando
1507 1867 1728 1908 Dominus

223 1931 439 1987 explorat
458 1934 802 1988 unumquemvis
817 1940 863 1975 et
886 1940 1067 1987 separat
1088 1948 1097 1984 ;
1125 1947 1213 1987 quo
1231 1930 1349 1973 saeco
1366 1931 1471 1972 boni
1494 1930 1729 1972 elevantur

224 1996 271 2038 in
298 1996 490 2046 caelum,
514 2003 562 2038 et
586 1997 692 2038 mali
724 1996 1023 2051 conjiciuntur
1044 1998 1088 2038 in
1120 1997 1354 2045 infernum,
1374 1995 1494 2049 quod
1521 2002 1590 2035 est
1622 1994 1726 2034 ulti-

225 2071 349 2101 mum
365 2058 596 2113 judicium.
658 2059 794 2113 Quod
816 2066 924 2102 ante
946 2060 1056 2101 illud
1079 2059 1183 2101 talis
1202 2058 1459 2112 exploratio
1482 2063 1527 2098 et
1546 2070 1726 2110 separa·

222 2122 291 2165 tio
310 2121 404 2172 fiat,
423 2130 470 2164 et
488 2137 666 2177 quoque
685 2123 806 2178 quod
829 2123 962 2164 hodie
980 2121 1099 2164 facia
1115 2123 1187 2171 sit,
1205 2122 1353 2175 aliqua
1370 2121 1428 2162 ab
1446 2121 1728 2174 experientia

221 2186 269 2228 in
299 2199 436 2240 opere
466 2186 535 2227 De
570 2186 733 2228 Ultimo
763 2187 946 2236 Judz'cz'o
980 2185 1102 2228 dicta
1133 2192 1253 2234 sunt,
1282 2191 1327 2226 et
1359 2198 1535 2238 quoque
1567 2197 1726 2236 supra;

223 2255 322 2292 tum
344 2249 473 2304 plura
490 2250 548 2291 de
569 2264 624 2291 eo
647 2251 690 2291 in
709 2250 980 2303 Appendice
1002 2250 1062 2291 ad
1081 2249 1214 2290 finem
1237 2248 1364 2302 hujus
1387 2248 1485 2288 libri
1509 2247 1726 2288 dicentur.

225 2311 363 2368 Quod
387 2317 610 2355 “acutum
622 2313 641 2329 ”
663 2313 887 2367 significet
921 2321 1195 2361 accuratum,
1220 2312 1496 2366 exquisitum
1529 2316 1574 2351 et
1602 2323 1726 2363 pror-

222 2390 313 2427 suS,
332 2376 503 2431 absque
520 2377 828 2430 explicatione
852 2383 996 2430 patet,
1017 2387 1121 2417 nam
1140 2375 1232 2416 falx
1251 2382 1400 2423 acuta,
1421 2375 1534 2414 sicut
1550 2373 1726 2426 gladius

225 2446 402 2490 acutus,
429 2441 697 2494 exquisitius
729 2441 838 2494 agit,
867 2447 913 2481 et
939 2439 1147 2480 subtilius
1179 2444 1403 2491 penetrat,
1438 2443 1485 2478 ut
1518 2442 1726 2477 constare

224 2509 380 2559 potest
406 2517 466 2544 ex
492 2504 783 2558 sequentibus
801 2503 1010 2556 ;—-Apud
1036 2502 1239 2551 Esaiam,

367 2598 532 2643 Jehovah
546 2600 564 2614 “
573 2599 708 2641 posuit.
723 2609 779 2632 ,os
796 2609 927 2637 meum,
945 2599 1036 2630 sicut
1052 2597 1213 2638 gladium
1232 2603 1374 2628 acutum
1387 2595 1406 2608 ''
1423 2596 1517 2636 (xlix.
1532 2595 1583 2635 2):

223 2708 306 2750 per
339 2698 429 2736 “os
469 2693 752 2748 prophetae”
789 2695 927 2735 etiam
970 2692 1247 2747 significatur
1289 2692 1503 2732 Divinum
1538 2689 1724 2740 Verum,

225 2772 364 2814 quare
386 2764 675 2811 comparatur
696 2757 851 2811 gladio
874 2763 1022 2804 acuto,
1043 2756 1146 2809 quia
1171 2755 1437 2807 intelligitur
1455 2753 1563 2794 illud
1588 2766 1725 2806 pene-

225 2827 367 2871 trans,
400 2835 582 2876 prorsus
617 2821 883 2875 dispergens
920 2827 965 2861 et
1004 2819 1242 2860 destruens
1275 2818 1448 2858 falsum.
1510 2815 1726 2857 Similiter

223 2885 268 2926 in
294 2883 336 2926 A
338 2884 586 2938 Aocalypsi,

291 2972 375 3006 “Ex
394 2983 456 3006 ore
468 2972 487 2986 ”
506 2973 583 3005 Filii
603 2974 760 3005 hominis
783 2972 1006 3013 “romphaea
1030 2979 1161 3012 anceps
1185 2975 1288 3002 acuta
1307 2968 1444 3001 exivit”
1462 2969 1495 3009 (i.
1515 2969 1572 3010 16;
1599 2977 1674 3010 cap.
1692 2967 1726 3000 ii.

403 3025 462 3057 12;
487 3027 562 3059 cap.
579 3018 648 3050 xix.
671 3025 719 3057 15,
740 3015 841 3057 [²121).
