2054 3464
394 347 504 401 2076
805 357 1136 392 APOCALYPSIS
1167 360 1464 394 EXPLICATA.

391 472 589 512 omnium
635 471 873 524 falsorum;
925 486 1030 514 nam
1074 473 1312 523 BeelzebuL
1360 476 1395 515 si
1439 475 1760 528 interpreteris,
1803 474 1878 519 ‘es't

392 534 609 574 Dominus
632 548 898 584 muscarum,
918 543 964 576 et
986 539 1010 556 “
1024 549 1202 578 muscae
1215 537 1234 552 ’'
1252 537 1506 590 significant
1527 538 1637 578 falsa
1659 538 1877 580 sensualis

389 598 594 646 hominis,
622 598 685 638 ita
716 597 825 638 falsa
850 599 995 639 omnis
1020 601 1223 652 generis;
1256 600 1358 640 inde
1389 607 1458 640 est
1484 601 1603 653 quod
1636 600 1877 642 Beelzebul

390 661 563 700 dicatur
603 659 820 700 Satanas:
867 674 1003 714 quare
1044 662 1179 702 etiam
1222 663 1337 703 dixit
1375 663 1607 711 Dominus,
1649 662 1734 704 “Si
1775 663 1878 717 Ego

389 723 431 762 in
458 723 612 774 spiritu
640 723 724 763 Dei
750 723 873 775 ejicio
900 724 1149 772 daemonia,
1179 725 1330 778 utique
1358 727 1560 778 pervenit
1586 725 1643 766 ad
1669 740 1758 767 vos
1775 739 1876 780 reg-

390 798 495 824 num
518 785 602 825 Dei
620 784 652 835 ;'’
684 798 761 838 per
785 786 1025 838 “spiritum
1053 786 1167 827 Dei”
1184 787 1451 840 intelligitur
1473 787 1682 829 Divinum
1705 788 1876 830 Verum

390 847 638 899 procedens
657 861 682 888 a
705 848 914 896 Domino,
935 855 980 889 et
1003 863 1081 902 per
1100 854 1125 869 “
1139 855 1326 902 regnum
1350 849 1463 890 Dei”
1482 850 1585 906 inde
1604 849 1879 903 significatur

390 909 562 950 caelum
591 916 637 950 et
669 910 859 951 ecclesia
889 925 1002 964 quae
1033 912 1077 951 in
1110 911 1283 952 Divinis
1314 913 1440 952 veris.
1502 911 1640 965 Apud
1670 912 1876 967 Evange-

390 972 534 1021 listas,

455 1061 580 1094 Petrus
605 1062 792 1102 increpans
815 1062 949 1104 Jesum,
975 1063 1066 1103 quod
1094 1063 1202 1095 vellet
1229 1064 1323 1104 pati:
1356 1070 1390 1095 et
1413 1064 1517 1105 Jesus
1543 1065 1765 1097 “conversus
1789 1065 1879 1098 dixit

565 1105 680 1143 Petro,
695 1105 763 1136 Abi
781 1113 862 1146 post
881 1106 950 1144 Me,
965 1107 1117 1143 Satana;
1142 1107 1365 1138 scandalum.
1381 1117 1434 1139 .es
1449 1117 1455 1143 ;
1480 1108 1562 1148 quia
1579 1118 1650 1139 non
1671 1109 1767 1149 sapis
1808 1118 1875 1140 uae

563 1149 628 1191 Dei
649 1155 742 1187 sunt,
760 1149 823 1180 sed
842 1159 930 1190 quae
947 1150 1132 1181 hominurn
1144 1150 1162 1162 ''
1175 1150 1317 1190 (Matth.
1335 1152 1404 1182 xvi.
1423 1159 1473 1189 22,
1493 1159 1532 1190 23
1549 1161 1555 1189 ;
1580 1152 1690 1183 Marc.
1704 1151 1774 1184 viii.
1807 1149 1876 1194 32,]

563 1192 638 1232 33)2

389 1281 507 1335 quod
532 1281 642 1322 haec
669 1295 695 1322 a
720 1281 918 1322 Domino·
943 1280 1062 1322 dicta
1084 1282 1172 1322 sint
1197 1282 1343 1330 Petro,
1369 1288 1438 1323 est
1462 1283 1563 1335 quia
1587 1282 1811 1323 “Petrus'’
1831 1283 1876 1324 in

389 1356 520 1383 sensu
546 1345 931 1396 repraesentativo
957 1344 1239 1397 significabat
1270 1344 1431 1395 fidem3
1467 1352 1513 1385 et
1545 1346 1647 1399 quia
1671 1344 1876 1398 fides,est

388 1406 493 1454 veri,
522 1412 567 1447 et
599 1421 774 1460 quoque
807 1406 917 1455 falsi,
947 1414 994 1447 ut
1027 1407 1111 1456 hic,
1139 1407 1241 1447 ideo
1274 1408 1430 1459 Petrus
1455 1416 1643 1448 vocatur
1668 1407 1896 1458 Satanas„

389 1482 505 1517 nam,
540 1475 588 1509 ut
625 1467 793 1509 dictum
830 1475 914 1518 est,
951 1470 1200 1510 “satanas''
1232 1477 1301 1510 est
1342 1471 1559 1510 infernum
1597 1470 1715 1511 unde
1751 1470 1874 1512 salsa.

389 1531 544 1572 Petrus
563 1532 930 1583 repraesentabat
954 1531 1088 1572 fidem
1111 1533 1154 1572 in
1178 1539 1367 1585 utroque
1390 1546 1536 1581 sensu,
1557 1546 1719 1586 nempe
1742 1532 1876 1574 fidem

388 1607 446 1633 ex
479 1594 713 1643 charitate,
747 1601 793 1635 et
831 1594 964 1635 fidem
996 1595 1164 1648 absque
1197 1596 1444 1645 charitate;
1479 1602 1524 1636 et
1561 1595 1672 1636 fides
1708 1595 1876 1650 absque

389 1656 607 1697 charitate
630 1663 699 1697 est
725 1656 835 1697 fides
861 1657 981 1697 salsi:
1016 1658 1152 1698 etiam
1178 1657 1240 1698 illi
1266 1659 1338 1711 qui
1363 1659 1406 1698 in
1433 1657 1519 1698 fide
1543 1658 1710 1711 absque
1732 1656 1876 1699 chari·
1933 1657 1936 1659 ’

389 1726 483 1759 tate
510 1725 613 1759 sunt
640 1733 687 1759 se
714 1719 1023 1760 scandalizant
1048 1734 1108 1760 ex
1140 1734 1207 1769 eo,
1237 1721 1356 1773 quod
1390 1721 1609 1761 Dominus
1636 1719 1693 1761 Se
1720 1733 1876 1773 passus

390 1782 446 1822 sit
487 1781 710 1834 crucifigi;
757 1781 922 1822 idcirco
964 1783 1101 1822 etiam
1142 1789 1329 1823 vocatur
1363 1782 1700 1823 “scandalum'’
1760 1781 1876 1836 Quia

390 1844 536 1895 passio
563 1845 704 1884 crucis
730 1844 809 1884 fuit
842 1844 998 1885 ultima
1025 1846 1221 1886 tentatio
1247 1845 1428 1886 Domini
1455 1852 1500 1886 et
1532 1845 1665 1898 plena
1690 1843 1876 1886 victoria

390 1919 521 1958 super
552 1907 702 1946 omnia
733 1906 916 1955 inferna,
951 1914 996 1947 et
1034 1921 1210 1960 quoque
1242 1908 1376 1960 plena
1408 1909 1512 1948 unio
1549 1908 1693 1960 Ipsius
1725 1907 1876 1948 Divini

388 1982 488 2009 cum
515 1969 678 2009 Divino
707 1969 932 2017 Humano,
961 1976 1007 2010 et
1034 1969 1118 2010 hoc
1145 1971 1355 2022 ignorant
1387 1970 1449 2010 illi
1480 1971 1553 2023 qui
1584 1971 1628 2010 in
1660 1969 1746 2011 fide
1777 1970 1876 2011 salsi

388 2038 505 2078 sunt,
534 2031 634 2071 ideo
661 2031 776 2072 dixit
804 2032 1037 2079 Dominus,
1069 2032 1210 2072 “Non
1243 2033 1360 2085 sapis
1393 2046 1505 2086 quae
1533 2032 1618 2073 Dei
1649 2039 1766 2082 sunt,
1795 2032 1874 2074 sed

387 2107 499 2146 quae
526 2093 794 2134 hominum.”
853 2094 991 2146 Apud
1016 2094 1192 2143 Lucam,

451 2181 555 2223 Jesus
572 2182 659 2213 dixit
677 2182 822 2220 Simoni,
837 2183 855 2196 “
867 2182 956 2214 Ecce
970 2189 1114 2214 satanas
1127 2183 1365 2223 expostulavit
1383 2193 1457 2220 vos,
1472 2189 1510 2214 ut
1526 2183 1694 2215 cribraret
1707 2193 1772 2215 vos
1785 2183 1875 2216 sicut

560 2226 713 2256 triticum
729 2237 734 2257 :
763 2226 838 2265 Ego
856 2236 941 2257 vero
958 2227 1055 2257 oravi
1073 2236 1137 2266 pro
1154 2233 1198 2263 te,
1213 2233 1250 2257 ut
1267 2236 1338 2257 non
1356 2227 1495 2258 desinat
1513 2226 1599 2258 fides
1616 2233 1676 2258 tua
1692 2236 1699 2264 ;
1723 2233 1762 2258 tu
1777 2236 1874 2268 ergo,

560 2269 700 2309 quando
718 2279 910 2301 conversus
927 2269 1046 2306 fueris,
1064 2269 1236 2300 confirma
1254 2269 1381 2301 fratres
1400 2276 1479 2301 tuos
1493 2269 1511 2281 ”
1528 2270 1623 2310 (xxii.
1641 2278 1693 2309 31,
1711 2269 1786 2311 32):

386 2358 455 2398 hic
497 2370 672 2410 quoque
707 2357 862 2397 Petrus
899 2364 1208 2410 repraesentat
1249 2357 1383 2399 fidem
1429 2358 1597 2411 absque
1638 2358 1871 2408 charitate,

387 2435 498 2474 quae
531 2419 640 2460 fides
672 2426 741 2460 est
778 2419 888 2460 fides
919 2420 1042 2471 falsi;
1076 2434 1179 2461 nam
1213 2421 1324 2461 haec
1361 2421 1423 2460 illi
1463 2435 1489 2461 a
1525 2421 1722 2462 Domino
1753 2419 1873 2462 dicta

387 2490 489 2524 sunt
527 2496 636 2523 mox
673 2489 915 2535 antequam
952 2490 1020 2523 ter
1056 2484 1300 2536 abnegavit
1338 2484 1514 2536 Ipsum:
1557 2485 1658 2537 quia
1693 2497 1871 2536 reprae-

387 2545 595 2586 sentabat
623 2544 769 2593 fidem,
794 2545 895 2585 ideo
920 2546 1028 2586 dicit
1055 2546 1288 2594 Dominus,
1316 2546 1456 2599 “Ego
1479 2547 1600 2586 oravi
1627 2559 1706 2598 pro
1731 2553 1792 2595 te,
1816 2559 1871 2589 ne

386 2608 561 2647 desinat
588 2606 697 2647 fides
724 2607 849 2658 tua;”
881 2608 1000 2660 quod
1027 2610 1430 2660 repraesentaverit
1458 2608 1590 2649 fidem
1622 2609 1733 2657 falsi,
1762 2622 1870 2650 con-

386 2676 477 2711 stat
517 2684 575 2710 ex
616 2683 683 2717 e0,
725 2670 844 2723 quod
886 2670 1105 2710 Dominus
1146 2671 1326 2719 dixerit,
1373 2671 1479 2711 “Tu
1524 2684 1646 2723 ergo,
1689 2671 1870 2724 quando

386 2746 626 2774 conversus
648 2733 791 2781 fueris,
817 2732 1029 2773 confirma
1050 2733 1208 2774 fratres
1231 2741 1332 2774 tuos
1352 2733 1385 2773 :'’
1417 2735 1518 2787 quia
1544 2733 1654 2774 fides
1678 2734 1773 2774 falsi
1799 2740 1870 2775 est

386 2796 498 2835 sicut
526 2795 654 2848 palea
680 2808 830 2835 coram
857 2802 1006 2844 vento,
1035 2796 1136 2836 ideo
1163 2796 1322 2836 dicitur
1348 2797 1466 2849 quod
1496 2796 1674 2837 “Satan
1701 2810 1870 2850 expos-

386 2858 594 2898 tulaverit
612 2871 702 2906 eos,
723 2864 770 2897 ut
789 2858 1001 2898 cribraret
1020 2872 1097 2898 eos
1114 2859 1227 2899 sicut
1246 2859 1440 2899 triticum
1460 2858 1492 2908 ;'’
1513 2860 1748 2900 “triticum
1761 2858 1780 2874 ’'
1797 2865 1868 2900 est

385 2921 552 2960 bonum
579 2921 808 2961 charitatis
834 2927 1089 2974 separatum
1115 2936 1140 2962 a
1170 2921 1324 2975 palea;
1357 2923 1459 2963 inde
1487 2929 1628 2975 patet,
1657 2935 1733 2963 cur
1757 2922 1867 2963 dici-

386 2989 456 3023 tur
481 2983 739 3024 “satanas'’
799 2982 936 3036 Apud
963 2984 1170 3034 eundem,
