2008 3458
355 406 463 450 2472
766 406 1098 438 APOCALYPSIS
1129 407 1425 440 EXPLICATA.

353 519 652 560 mittebantur
683 519 725 559 in
759 519 968 568 torcular,
1003 519 1279 573 significatur
1309 521 1751 575 bonumnspirituale,
1783 536 1837 565 ac

352 595 429 634 per
450 582 668 621 “vinum”
683 582 801 635 quod
821 582 1150 634 producebatur
1167 583 1442 635 significatur
1459 598 1612 624 verum
1635 597 1693 625 ex
1717 585 1838 627 bono

351 643 431 682 illo
447 653 605 689 (videatur
617 662 721 690 supra,
735 663 765 682 n.
781 650 961 690 [11220[b]‚
978 643 1087 694 376).
1142 643 1259 695 Quia
1277 644 1512 696 productio
1529 645 1622 696 veri
1640 659 1699 686 ex
1714 645 1836 686 bono

351 703 566 756 spirituali
591 717 667 755 per
692 707 716 723 ‘¹
732 704 957 744 torcular’'
974 704 1263 757 significatur,
1283 705 1384 745 ideo
1406 707 1449 746 in
1472 707 1682 758 opposito
1703 719 1836 747 sensu

351 765 585 818 productio
607 766 702 806 falsi
725 781 783 807 ex
808 766 927 806 malo
950 780 1027 819 per
1044 767 1152 807 illud
1175 767 1451 820 significatur
1471 782 1480 818 ;
1509 781 1612 808 nam
1631 769 1835 810 similiter

351 836 399 869 ut
441 830 607 869 bonum
650 830 855 881 producit
897 843 1065 878 verum,
1108 831 1171 871 ita
1211 831 1377 871 malum
1419 831 1539 871 bono
1579 833 1835 885 oppositum

350 892 554 944 Producit
586 892 757 932 falsum
821 891 991 945 Quod‘
999 893 1250 933 ‘'to’rcular
1276 894 1345 933 hic
1379 893 1600 946 significet
1630 893 1834 935 falsifica-

350 955 520 994 tionem
536 955 675 995 Verbi
693 955 839 1007 quoad
859 968 991 995 omne
1010 969 1162 996 verum
1181 956 1423 1008 spirituale,
1444 964 1512 996 est
1531 956 1631 1009 quia
1647 963 1836 998 vocatur

353 1018 611 1057 “'torcular
602 1032 690 1058 irae
715 1018 797 1058 Dei
817 1018 1057 1070 magnum,'
1061 1018 1136 1058 'ac
1160 1024 1265 1071 per
1274 1020 1405 1059 ‘iram
1429 1019 1542 1059 Dei''
1561 1018 1836 1072 significatur

350 1087 639 1133 contemptus
664 1087 709 1120 et
742 1079 922 1133 rejectio
946 1082 1036 1121 veri
1062 1095 1113 1122 ac
1146 1082 1251 1121 boni
1283 1082 1339 1121 ab
1365 1081 1560 1129 homine,
1588 1088 1635 1122 et
1661 1095 1835 1122 summa

349 1141 528 1193 rejectio
560 1143 616 1183 ab
643 1143 719 1184 illo
752 1150 820 1184 est
852 1143 1102 1184 falsificatio
1129 1158 1285 1184 sensus
1317 1144 1497 1184 litterae
1524 1143 1664 1184 Verbi
1696 1158 1833 1198 usque

349 1205 406 1245 ad
433 1205 785 1247 destructionem
812 1208 903 1247 veri
934 1207 1187 1259 spiritualis,
1216 1221 1293 1247 seu
1316 1207 1464 1247 Divini
1488 1206 1595 1247 Veri
1620 1207 1740 1260 quod
1765 1213 1835 1248 est

349 1270 392 1308 in
427 1269 579 1319 caelo;
618 1270 738 1322 quod
770 1269 881 1309 haec
914 1269 1166 1311 falsificatio
1198 1270 1379 1311 claudat
1412 1269 1599 1319 caelum,
1632 1270 1836 1311 videatur

354 1331 524 1384 [supra]
546 1342 590 1378 (n.
606 1332 717 1379 888).
777 1331 931 1371 Etiam
963 1332 1028 1371 illi
1059 1333 1133 1385 qui
1163 1333 1207 1372 in
1240 1332 1362 1372 malo
1392 1338 1512 1379 sunt,
1538 1332 1583 1372 in
1613 1345 1702 1385 quo
1729 1338 1834 1373 sunt

349 1406 506 1432 omnes
532 1393 603 1445 qui
637 1406 726 1433 non
752 1394 796 1432 in
823 1393 943 1433 bono
969 1393 1200 1434 charitatis
1227 1400 1344 1441 sunt,
1374 1407 1464 1434 non
1490 1399 1678 1445 possunt
1705 1393 1835 1434 aliter

350 1468 482 1508 quam
509 1455 754 1508 producere
776 1455 912 1506 salsa;
947 1469 1050 1496 nam
1074 1457 1187 1496 sicut
1213 1456 1381 1496 bonum
1403 1456 1609 1508 producit
1631 1469 1749 1504 vera,
1773 1456 1836 1496 ita

349 1518 516 1558 malum
540 1519 744 1570 producit
766 1518 889 1558 falsa.
951 1517 1084 1571 Quod
1110 1519 1344 1559 “torcular
1365 1520 1454 1559 irae
1481 1518 1565 1558 Dei
1591 1531 1806 1571 magnum
1817 1517 1836 1534 '’

349 1582 484 1621 etiam
503 1580 724 1633 significet
743 1581 1095 1630 damnationem,
1115 1588 1184 1622 est
1202 1582 1303 1635 quia
1321 1582 1364 1622 id
1388 1588 1457 1622 est
1476 1594 1769 1635 consequens,
1788 1587 1835 1623 et

349 1644 450 1696 quia
471 1644 631 1684 dicitur
651 1645 754 1684 “ira
777 1643 899 1692 Dei,’'
917 1650 963 1684 et
989 1644 1223 1684 “torcular
1246 1643 1495 1696 magnurri.’'
1545 1643 1679 1696 Quod
1704 1647 1835 1685 “tor-

350 1706 501 1746 cular⁷’
519 1706 594 1746 illa
617 1720 728 1759 quae
752 1720 868 1747 nunc
893 1705 1012 1747 dicta
1034 1713 1137 1747 sunt
1160 1706 1464 1759 significet,·in
1486 1713 1704 1760 sequente
1727 1707 1834 1747 arti-

349 1769 449 1809 culo
468 1783 525 1809 ex
545 1769 699 1810 Verbo
717 1769 1063 1810 confirmabitur.
1114 1770 1268 1810 Paucis
1286 1770 1356 1810 hic
1374 1770 1546 1810 dicetur
1563 1770 1619 1810 de
1642 1769 1834 1822 produc-

349 1833 471 1872 tione
494 1833 584 1872 veri
608 1847 666 1872 ex
690 1832 823 1880 bono,
849 1839 894 1873 et
917 1846 1092 1886 quoque
1115 1832 1211 1872 falsi
1234 1846 1292 1872 ex
1315 1832 1448 1881 malo,
1469 1846 1582 1885 quae
1605 1845 1683 1885 per
1702 1835 1831 1873 “tor-

349 1895 499 1934 cular''
518 1896 560 1934 in
585 1895 799 1947 spirituali
817 1909 950 1935 sensu
968 1894 1256 1948 significatur.
1317 1893 1624 1935 Productionis
1641 1895 1766 1948 origo
1788 1901 1835 1936 et

349 1971 483 1997 causa
514 1964 597 2005 est,
626 1959 726 2010 quia
758 1971 891 1998 omne
924 1958 1092 1998 bonum
1124 1965 1194 1998 est
1226 1959 1402 2006 amoris,
1431 1964 1477 1999 et
1509 1958 1629 2011 quod
1661 1964 1836 1998 amatur

349 2021 433 2060 hoc
448 2020 692 2072 jucundum
711 2028 779 2061 est
798 2035 806 2071 ;
836 2027 880 2061 et
899 2021 1000 2074 quia
1018 2020 1262 2073 jucundum
1287 2027 1355 2061 est
1373 2027 1552 2073 gratum
1570 2033 1620 2073 ac
1639 2020 1833 2073 permul-

350 2091 435 2131 cet,
460 2084 561 2123 ideo
587 2084 705 2136 quod
732 2085 895 2124 amoris
917 2090 985 2124 est
1011 2084 1095 2124 hoc
1122 2084 1257 2124 homo
1284 2098 1342 2124 ex
1364 2083 1560 2136 jucundo
1587 2084 1760 2137 cogitat
1786 2090 1833 2124 et

350 2160 523 2199 quoque
551 2146 813 2196 confirmat;
847 2160 961 2187 nunc
995 2147 1096 2199 quia
1117 2160 1242 2187 amor
1267 2153 1312 2187 et
1345 2146 1436 2199 ejus
1457 2146 1700 2198 jucundum
1726 2146 1831 2187 facit

349 2210 487 2248 vitam
514 2209 718 2258 hominis,
747 2210 848 2249 ideo
874 2210 980 2249 dum
1006 2209 1143 2249 homo
1175 2223 1233 2249 ex
1266 2222 1416 2249 amore
1443 2215 1489 2249 et
1520 2208 1610 2261 ejus
1637 2208 1834 2261 jucundo

351 2272 538 2323 cogitat,
568 2278 674 2312 tunc
707 2286 765 2312 ex
797 2286 844 2312 se
876 2279 921 2312 et
953 2285 1011 2311 ex
1044 2285 1123 2311 sua
1153 2272 1247 2311 vita
1278 2273 1477 2324 cogitat:
1517 2272 1635 2324 quod
1667 2272 1729 2312 ita
1759 2272 1831 2320 sit,

350 2335 584 2375 manifeste
608 2342 815 2375 constare
839 2341 990 2387 potest
1014 2348 1071 2374 ex
1096 2335 1347 2374 hominibus
1370 2340 1472 2386 post
1496 2340 1702 2383 mortem,
1727 2334 1834 2375 dum

350 2397 462 2437 fiunt
494 2398 698 2449 spiritus;
737 2398 799 2437 illi
833 2404 940 2438 tunc
973 2397 1229 2437 nullatenus
1261 2403 1448 2448 possunt
1480 2397 1694 2449 cogitare,
1728 2397 1833 2438 dum

351 2475 409 2500 ex
437 2474 497 2509 se,
523 2461 604 2500 nisi
630 2474 791 2500 exvsuo
814 2474 978 2508 amore,
1003 2460 1106 2512 quia
1127 2466 1226 2500 tota
1252 2459 1428 2500 illorum
1450 2460 1543 2499 vita
1565 2466 1634 2500 est
1657 2459 1833 2500 illorum

351 2537 488 2563 amor.
551 2522 774 2575 Quoniam
806 2523 955 2575 itaque
987 2523 1155 2563 bonum
1188 2529 1256 2562 est
1288 2523 1465 2570 amoris,
1498 2528 1544 2563 et
1580 2535 1733 2562 verum
1764 2529 1834 2563 est

353 2587 655 2639 cogitationis,
690 2592 816 2637 patet
854 2585 1081 2638 quomodo
1117 2598 1270 2625 verum
1306 2584 1565 2637 producitur
1600 2598 1659 2624 ex
1701 2585 1832 2627 bone.

352 2649 503 2690 Simile
540 2648 658 2702 quod
696 2646 861 2689 dic‘tum
899 2654 968 2688 est
1005 2648 1060 2688 de
1097 2648 1216 2688 bono
1253 2654 1299 2688 et
1335 2661 1455 2696 vero,
1489 2647 1726 2687 dicendum
1763 2653 1832 2687 est

352 2714 407 2753 de
444 2713 679 2752 voluntate
717 2718 762 2752 et
800 2709 1057 2761 intellectu;
1105 2724 1238 2751 omne
1275 2711 1391 2751 enim
1429 2710 1595 2750 bonum
1631 2711 1731 2763 quia
1766 2716 1834 2750 est

352 2777 514 2816 amoris
546 2782 614 2815 est
646 2774 907 2821 voluntatis,
942 2781 987 2814 et
1024 2787 1156 2814 omne
1192 2786 1345 2814 verum
1382 2787 1440 2813 ex
1478 2773 1598 2813 bono
1628 2773 1730 2826 quia
1765 2779 1834 2813 est

352 2839 638 2890 cogitationis
665 2844 733 2877 est
760 2836 1042 2886 intellectum
1081 2850 1185 2876 nam
1211 2836 1420 2877 voluntas
1452 2842 1587 2884 amat,
1616 2848 1667 2875 ac
1699 2836 1832 2875 intel-

352 2899 493 2941 lectus
526 2902 711 2953 cogitat.
774 2899 924 2945 Simile
951 2899 1069 2952 quod
1102 2898 1268 2940 dictum
1301 2905 1369 2939 est
1401 2898 1456 2938 de
1488 2898 1608 2938 bono
1638 2903 1684 2938 et
1710 2911 1831 2946 vero,

352 2965 487 3003 etiam
514 2964 752 3004 dicendum
775 2970 843 3003 est
867 2963 921 3003 de
948 2963 1094 3003 calore
1117 2969 1163 3002 et
1189 2962 1313 3012 luce;
1347 2961 1468 3002 calor
1489 2962 1607 3001 enim·
1628 2961 1832 3012 spiritua-

353 3026 405 3065 lis
432 3033 500 3067 est
527 3039 651 3066 amor
674 3027 746 3079 qui
772 3025 978 3066 accendit
1000 3025 1296 3073 voluntatem,
1321 3037 1371 3064 ac
1399 3023 1476 3063 lux
1499 3022 1737 3076 spiritualis
1763 3028 1834 3063 est
