2054 3464
601 369 709 404 cAP.
734 371 858 412 xm„
881 370 1021 404 VERS.
1051 370 1193 403 1.—-N.
1217 360 1312 416 776.
1595 359 1703 403 2161

206 481 355 525 Multa
385 483 594 538 potentia
619 497 733 538 quae
766 483 951 525 draconi
983 490 1029 526 et
1061 483 1163 526 huic
1195 483 1370 526 bestiae
1395 483 1633 534 addicitur,
1661 491 1730 526 et.

204 559 320 600 quae
341 553 710 600 repraesentatur
732 547 776 588 in
799 547 970 588 mundo
992 547 1210 602 spirituali
1233 561 1312 600 per
1333 561 1514 596 cornua,
1535 553 1581 589 et
1603 547 1708 589 inde

151 604 153 606 ’
203 610 590 664 repraesentative
616 616 803 652 ostensa
828 617 898 651 est
922 610 1117 664 Johanni
1151 624 1284 664 super
1310 611 1518 652 draconis
1546 611 1706 660 bestia,

204 677 276 714 est
307 673 516 727 potentia
547 673 883 714 ratiociniorum
915 687 939 715 e
971 673 1164 715 naturali
1197 674 1380 715 homine
1413 688 1473 715 ex
1504 673 1706 723 fallaciis,

202 735 267 777 ita
292 749 352 777 ex
378 735 526 787 falsis;
559 736 718 790 quibus
745 736 927 790 quidem
953 736 1078 777 nulla
1103 737 1312 790 potentia
1337 738 1381 778 in
1412 751 1460 778 se
1492 743 1576 786 est,
1605 738 1709 791 quia

202 799 350 840 omnis
385 800 594 852 potentia
629 806 699 841 est
731 800 874 850 veris;
918 800 998 841 sed
1035 814 1175 854 usque
1212 800 1357 842 multa
1393 801 1601 854 potentia
1637 808 1708 844 est

201 860 324 904 salsis
345 876 459 917 quae
485 876 545 904 ex
568 862 755 904 fallaciis
777 876 1003 912 sensuum,
1030 864 1218 916 proinde
1245 864 1490 905 ratiociniis
1517 878 1576 906 ex
1603 864 1705 914 illis,

200 925 321 980 apud
351 925 557 968 homines
589 925 777 975 telluris,
811 933 1059 981 antequam
1096 927 1140 968 in
1177 928 1293 968 veris
1331 942 1390 969 ex
1427 928 1549 969 bono
1585 935 1704 978 sunt,

199 987 288 1031 hoc
314 995 399 1038 est,
423 995 670 1044 antequam
696 1004 722 1031 a
748 989 948 1031 Domino
973 991 1230 1043 regenerati
1257 998 1388 1032 sunt:
1422 991 1560 1033 homo
1587 993 1706 1033 enirn

200 1065 261 1093 ex
287 1052 528 1100 nativitate
560 1053 604 1094 in
637 1052 766 1094 malis
797 1059 882 1103 est,
911 1059 958 1094 et
989 1053 1093 1095 inde
1126 1068 1305 1108 quoque
1338 1055 1382 1095 in
1414 1054 1562 1106 falsis;
1601 1069 1706 1096 nam

199 1113 314 1157 falsa
339 1117 590 1158 scaturiunt
621 1131 681 1158 ex
714 1116 857 1166 malis,
886 1117 1000 1158 sicut
1033 1118 1232 1171 impurae
1265 1132 1407 1171 aquae
1439 1132 1499 1159 ex
1532 1119 1707 1172 impuro

199 1178 352 1231 fonte;
384 1185 432 1221 et
457 1179 569 1221 falsa
594 1179 671 1221 illa
697 1194 776 1233 per
797 1181 1033 1222 ratiocinia
1059 1195 1118 1222 ex
1145 1179 1334 1222 fallaciis
1356 1195 1569 1222 sensuum
1596 1195 1705 1223 con-

199 1241 378 1285 firmata
411 1250 633 1297 apparent
670 1244 787 1285 sicut
823 1258 956 1295 vera;
1003 1250 1050 1286 et
1087 1245 1191 1299 quia
1226 1244 1364 1285 homo
1406 1245 1450 1285 in
1487 1245 1610 1286 falsis
1645 1260 1705 1287 ex

198 1305 328 1347 malis
354 1311 424 1348 est
450 1320 510 1348 ex
538 1307 794 1356 nativitate,
823 1307 926 1348 ideo
957 1307 1032 1349 ille
1064 1307 1195 1349 facile
1221 1308 1390 1362 arripit,
1419 1309 1631 1362 agnoscit
1657 1316 1704 1351 et

199 1369 344 1411 credit
361 1368 451 1419 illa,
471 1370 753 1412 concordant
771 1371 892 1411 enim
911 1384 1012 1412 cum
1031 1371 1175 1424 primo
1194 1370 1286 1424 ejus
1305 1372 1499 1413 naturali
1522 1371 1703 1421 lumine,

198 1437 246 1474 et
278 1446 380 1475 cum
412 1433 563 1475 calore
595 1433 774 1475 luminis
805 1435 947 1484 istius,
982 1435 1056 1489 qui
1093 1441 1163 1476 est
1201 1449 1261 1476 ex
1299 1435 1404 1489 igne
1441 1437 1606 1477 amoris
1639 1438 1705 1478 sui

197 1501 276 1538 aut
302 1497 466 1538 amoris
492 1497 673 1548 mundi;
713 1504 759 1539 et
791 1498 896 1552 quia
926 1498 1065 1539 homo
1096 1498 1154 1539 ad
1186 1497 1297 1539 talia
1323 1498 1551 1540 credenda
1576 1499 1705 1541 facile

197 1565 246 1601 et
281 1560 407 1614 quasi
443 1567 608 1615 sponte
645 1561 858 1610 aufertur,
892 1567 939 1603 et
976 1561 1038 1602 sic
1075 1561 1321 1611 seducitur,
1354 1562 1459 1604 ideo
1496 1563 1706 1605 tribuitur

196 1621 268 1664 hic
300 1623 488 1674 bestiae,
522 1632 569 1665 et
606 1638 740 1678 supra
771 1625 971 1674 draconi,
1007 1624 1151 1666 multa
1182 1626 1415 1678 potentia:
1459 1632 1507 1668 at
1545 1633 1706 1668 contra

197 1685 429 1737 hominem
450 1688 524 1742 qui
550 1688 594 1728 in
617 1688 733 1729 veris
756 1702 815 1729 ex
842 1687 964 1729 bono
987 1694 1071 1737 est,
1096 1702 1175 1730 seu
1201 1695 1362 1730 contra
1383 1696 1704 1742 regeneratum

197 1762 224 1792 a
263 1749 477 1800 Domino,
516 1764 607 1792 non
649 1751 906 1805 potentiam
946 1751 1134 1801 habent,
1177 1757 1224 1793 et
1265 1765 1445 1805 semper
1484 1753 1704 1795 minorem

195 1812 314 1855 sicut
345 1813 705 1867 multiplicantur
735 1828 842 1855 vera
872 1815 992 1868 apud
1028 1813 1170 1864 illum,
1204 1821 1251 1856 et
1284 1815 1471 1856 tandem
1504 1815 1702 1868 nullam;

197 1889 317 1926 nam,
351 1883 400 1919 ut
432 1891 567 1931 supra
597 1876 768 1919 dictum
801 1884 885 1926 est,
920 1878 1068 1919 omnis
1099 1878 1308 1932 potentia
1339 1879 1458 1920 inest
1490 1879 1606 1920 veris
1643 1894 1703 1921 ex

194 1939 332 1990 bono,
357 1941 544 1995 proinde
567 1941 691 1982 nulla
712 1941 834 1982 falsis
857 1955 917 1982 ex
945 1941 1078 1982 malo.
1143 1941 1245 1983 Hoc
1270 1941 1524 1984 confirmari
1547 1949 1703 1996 potest

193 2016 256 2044 ex
287 2003 392 2045 visis
428 2010 475 2046 et
513 2005 740 2058 perceptis
772 2005 816 2045 in
849 2005 1020 2046 mundo
1052 2005 1285 2058 spirituali.
1348 2005 1400 2046 In
1432 2006 1702 2060 quibusdam

195 2065 308 2108 locis
338 2066 402 2112 ibi,
429 2074 534 2109 sunt
567 2068 809 2109 continuae
842 2081 1023 2122 pugnae
1049 2068 1228 2109 illorum
1261 2069 1335 2123 qui
1366 2069 1410 2110 in
1443 2069 1563 2110 falsis
1595 2077 1702 2111 sunt

195 2142 298 2172 cum
323 2130 543 2172 similibus
569 2138 616 2173 et
643 2145 744 2173 cum
772 2132 1076 2181 dissimilibus,
1105 2138 1151 2173 et
1177 2133 1322 2173 visum
1348 2139 1419 2174 est
1446 2134 1567 2188 quod
1596 2134 1703 2174 mali

193 2206 276 2248 per
310 2193 424 2236 falsa
458 2195 662 2244 vicerint,
697 2201 743 2236 et
779 2195 824 2236 in
861 2202 1015 2248 partes
1047 2209 1150 2236 suas
1182 2197 1408 2238 traxerint
1441 2196 1700 2250 perplures;

194 2257 317 2312 quod
357 2271 461 2299 cum
498 2259 685 2300 miratus
722 2272 834 2308 sum,
874 2257 1045 2300 dierum
1087 2265 1133 2301 et
1170 2266 1436 2314 perceptum
1472 2267 1543 2302 est
1580 2261 1701 2315 quod

193 2320 308 2363 falsa
332 2321 517 2363 valeant
540 2329 701 2363 contra
726 2321 829 2363 illos
855 2323 928 2376 qui
953 2323 996 2364 in
1023 2322 1145 2364 falsis
1172 2330 1292 2373 sunt,
1316 2337 1421 2364 nam
1448 2324 1701 2378 deprehen-

194 2397 294 2425 sum
320 2390 390 2426 est
421 2385 543 2439 quod
575 2384 638 2426 illi
669 2386 742 2439 qui
770 2384 875 2427 victi
907 2392 954 2427 et
985 2386 1030 2427 in
1062 2393 1216 2439 partes
1246 2385 1379 2428 tracti
1411 2394 1530 2436 sunt,
1559 2401 1701 2442 aeque

192 2446 238 2488 in
261 2446 382 2489 salsis
404 2447 593 2499 fuerint;
626 2455 673 2490 et
696 2449 794 2490 vice
816 2463 960 2500 versa,
985 2449 1106 2503 quod
1129 2449 1241 2491 falsa
1267 2464 1357 2491 non
1380 2450 1564 2492 valeant
1591 2465 1700 2492 con-

192 2516 264 2552 tra
284 2510 387 2552 illos
409 2512 484 2565 qui
505 2511 549 2552 in
572 2512 688 2552 veris
711 2518 830 2553 sunt.
892 2512 1133 2555 Praeterea
1154 2514 1294 2555 etiam
1317 2515 1461 2555 visum
1485 2521 1555 2556 est
1578 2515 1700 2569 quod

190 2572 256 2615 illi
287 2574 362 2628 qui
392 2574 437 2615 in
468 2574 589 2615 salsis
615 2582 769 2616 essent
796 2576 1099 2629 pugnaverint
1131 2590 1232 2618 cum
1265 2577 1351 2618 illis
1384 2578 1457 2631 qui
1489 2578 1533 2618 in
1565 2579 1698 2627 veris,

191 2643 239 2678 et
264 2636 386 2691 quod
409 2638 547 2678 etiam
570 2638 654 2679 hos
675 2639 892 2690 vicerint;
926 2639 1006 2680 sed
1029 2653 1170 2694 usque
1193 2647 1457 2694 perceptum
1482 2647 1551 2682 est
1576 2641 1698 2695 quod

191 2699 238 2742 hi
269 2713 360 2742 non
385 2700 548 2742 fuerint
574 2702 618 2742 in
645 2702 761 2743 veris
787 2717 847 2743 ex
879 2703 1014 2752 bono,
1043 2703 1123 2744 sed
1154 2704 1198 2744 in
1224 2705 1341 2745 veris
1367 2705 1536 2758 absque
1562 2705 1697 2746 bono.

191 2761 283 2804 Sed
310 2763 417 2805 dum
449 2764 510 2805 illi
537 2765 611 2819 qui
643 2766 685 2806 in
712 2765 834 2806 salsis
864 2772 971 2808 sunt
998 2774 1205 2820 pugnant
1232 2774 1394 2809 contra
1419 2767 1522 2808 illos
1550 2769 1623 2821 qui
1655 2768 1699 2808 in

190 2826 308 2867 veris
334 2841 394 2870 ex
421 2828 542 2869 bono
566 2835 686 2878 sunt,
712 2842 892 2882 prorsus
919 2830 1028 2871 nihil
1050 2830 1233 2882 valent;
1267 2838 1372 2873 sunt
1395 2832 1510 2872 sicut
1538 2831 1698 2884 paleae

191 2889 236 2930 in
262 2903 379 2940 aere,
408 2905 522 2945 quae
550 2891 658 2934 flatu
683 2893 878 2934 hominis
905 2894 1074 2948 absque
1102 2896 1310 2948 potentia
1336 2895 1561 2936 renitendi
1587 2909 1698 2949 qua·

192 2966 462 3007 quaversum
494 2955 814 3009 disperguntur
846 2963 892 2998 et
925 2957 1213 3010 dissipantur.
1277 2958 1351 2998 Ex
1385 2959 1452 2999 his
1485 2965 1696 3000 constare

194 3022 348 3070 potest
375 3017 494 3059 unde
521 3025 590 3060 est
614 3019 735 3073 quod
762 3019 927 3073 pluries
953 3020 998 3061 in
1026 3020 1183 3062 Verbo
1206 3021 1312 3063 mali
1338 3022 1546 3063 dicantur
1571 3021 1696 3063 “for-
