2008 3458
402 398 513 450 2298
818 407 1149 441 APOCALYPSIS
1181 407 1480 440 EXPLICATA.

399 517 557 559 Verbo
588 519 921 573 intelligantur,
955 520 1063 561 mihi
1098 520 1155 562 ad
1185 521 1335 562 vivum
1372 521 1416 561 in
1457 521 1627 578 mundo
1665 520 1889 575 spirituali

397 587 634 622 ostensum
665 588 761 623 est:
794 583 854 623 ibi
885 589 1109 637 apparent
1134 584 1286 625 variae
1317 584 1508 632 bestiae,
1541 583 1621 624 sed
1656 583 1764 625 illae
1796 597 1888 627 non
1945 616 1949 623 .,
1998 572 2008 612 ‘ss

398 651 502 685 sunt
530 645 704 686 bestiae
731 645 889 699 quales
921 647 964 686 in
997 652 1156 687 nostro
1187 647 1373 695 mundo,
1401 660 1566 700 nempe
1597 646 1718 700 quod
1750 653 1889 690 natae

396 708 486 747 sint
509 707 697 756 bestiae,
718 708 797 748 sed
821 714 925 749 sunt
949 710 1384 763 correspondentiae
1406 709 1696 750 affectionum
1716 710 1889 753 et‘inde

397 771 732 823 cogitationum
770 772 1006 824 spirituum
1046 778 1092 812 et
1131 772 1426 825 angelorum;
1478 786 1616 825 quare
1656 773 1796 813 etiam
1839 781 1888 816 ut

395 833 586 884 primum
608 834 840 874 variantur
862 840 907 875 et
930 840 1114 875 cessant
1137 834 1242 875 illae
1269 834 1531 875 affectiones
1555 841 1602 875 et
1627 835 1732 875 inde
1759 837 1886 889 cogi-

394 894 609 943 tationes,
642 903 923 937 evanescunt
955 911 978 937 e
1009 897 1119 937 visu.
1178 896 1244 938 Ut
1275 897 1436 937 scirem
1476 897 1596 951 quod
1638 896 1703 937 illi
1732 897 1808 951 qui
1841 898 1887 939 in
1944 941 1958 945 ,
2000 914 2008 960 '.'

394 955 480 998 fide
515 965 727 1012 separata
759 973 784 1000 a
820 960 1046 1001 charitate
1082 966 1203 1008 sunt,
1236 974 1313 1000 seu
1345 961 1496 1014 potius
1535 959 1798 1002 affectiones
1837 967 1887 1004 et

394 1019 497 1060 inde
523 1022 830 1074 cogitationes
856 1022 1036 1063 illorum
1062 1037 1121 1063 ex
1147 1037 1226 1063 sua
1251 1022 1352 1070 fide,
1377 1029 1780 1076 repraesententur
1806 1020 1906 1077 per*

394 1081 558 1132 hircos,
590 1080 748 1124 datum
779 1091 850 1125 est
882 1085 988 1125 mihi
1019 1086 1172 1126 videre
1203 1085 1377 1139 aliquot
1409 1099 1468 1126 ex
1504 1085 1592 1126 illis
1623 1086 1885 1140 spiritibus;

393 1150 441 1184 et
478 1153 787 1199 apparuerunt
832 1160 984 1187 coram
1026 1147 1168 1188 oculis
1213 1149 1324 1187 meis
1365 1154 1411 1188 et
1455 1148 1648 1201 plurium
1691 1147 1882 1190 aliorum
1944 1186 1946 1188 ,

393 1219 575 1258 prorsus
594 1209 710 1249 sicut
729 1209 840 1249 hirci
858 1222 959 1249 cum
978 1209 1190 1250 cornibus
1208 1224 1216 1260 ;
1244 1216 1289 1250 et
1308 1223 1487 1263 quoque
1505 1210 1626 1264 quod
1642 1210 1762 1251 inter
1779 1209 1884 1252 illos

394 1268 515 1309 missi
555 1271 646 1310 sint
685 1271 852 1311 arietes
888 1277 934 1311 et
971 1285 1095 1319 oves,
1128 1272 1171 1311 in
1203 1285 1315 1325 quos
1355 1272 1465 1312 hirci
1496 1272 1561 1312 illi
1597 1272 1779 1313 accensi
1818 1273 1883 1314 ira

392 1332 639 1381 irruebant,
673 1340 719 1373 et
750 1347 828 1373 eos
859 1334 1146 1374 conabantur
1177 1340 1482 1387 prosternere,
1511 1335 1590 1375 sed
1621 1335 1881 1386 incassffim;

393 1408 496 1434 nam
528 1395 571 1434 in
604 1396 774 1435 mundo
804 1396 1024 1449 spirituali
1056 1396 1180 1436 nulla
1211 1403 1280 1437 est
1312 1397 1523 1450 potentia
1553 1397 1688 1438 hircis
1718 1403 1881 1439 contra

391 1458 557 1498 arietes
598 1472 676 1498 seu
712 1473 834 1506 oves,
868 1473 1004 1512 quare
1040 1459 1150 1499 hirci
1191 1459 1420 1512 profligati
1460 1466 1592 1510 sunt;
1630 1466 1677 1501 et
1717 1467 1881 1514 postea
1917 1501 1920 1506 ,

391 1520 550 1560 datum
576 1527 645 1561 est
677 1521 865 1560 eosdem
890 1521 1043 1575 videre
1074 1527 1122 1561 ut
1153 1521 1376 1570 homines,
1404 1536 1483 1575 per
1508 1523 1630 1576 quod
1656 1529 1879 1565 testatum

390 1581 555 1623 factum
588 1589 658 1623 est
689 1583 810 1636 quod
842 1583 951 1623 hirci
983 1590 1138 1624 essent
1168 1584 1303 1624 iidem
1340 1597 1442 1625 cum
1478 1585 1567 1626 illis
1602 1586 1676 1640 qui
1712 1586 1757 1626 in
1791 1585 1879 1627 fide

390 1651 603 1698 separata
628 1659 652 1684 a
675 1645 900 1686 charitate
926 1646 969 1685 in
997 1646 1167 1686 mundo
1189 1647 1416 1687 vixerunt.
1476 1647 1552 1688 Ex
1574 1647 1643 1688 his
1665 1653 1879 1690 constare

390 1713 546 1761 potest
568 1708 672 1760 quid
699 1721 779 1760 per
803 1708 1063 1748 “arietem”
1085 1714 1131 1748 et
1154 1722 1233 1762 per
1258 1709 1511 1758 “hircum,’'
1532 1723 1701 1764 perque
1726 1714 1880 1764 “pug-

390 1784 495 1810 nam
518 1770 715 1818 eorum‚''
732 1771 852 1824 apud
873 1771 1105 1811 Danielem
1131 1771 1249 1825 (cap.
1276 1773 1385 1826 viii.)
1414 1772 1724 1826 significatur;
1756 1774 1878 1828 quod

390 1847 554 1886 nempe
581 1847 659 1886 per
679 1838 704 1854 ‘⁴
721 1833 943 1873 arietem''
959 1834 1018 1874 ibi
1041 1834 1361 1887 intelligantur
1378 1836 1451 1888 qui
1473 1836 1516 1876 in
1538 1835 1625 1876 fide
1650 1849 1710 1876 ex
1732 1836 1879 1878 chari·

389 1903 486 1936 tate
526 1902 646 1944 sunt,
687 1902 734 1936 et
771 1910 851 1949 per
892 1896 1107 1936 “hircum
1125 1896 1145 1911 '¹
1181 1896 1243 1937 illi
1285 1898 1358 1951 qui
1393 1899 1437 1938 in
1476 1898 1563 1939 fide
1603 1905 1815 1952 separata
1853 1912 1880 1940 a
1919 1907 1921 1909 ’

388 1959 613 1999 charitate
631 1964 736 1998 sunt
755 1971 762 1998 :
795 1959 1069 1998 describitur
1086 1959 1240 2012 itaque
1259 1960 1318 2000 ibi
1341 1967 1490 2001 status
1511 1961 1734 2002 ecclesiae
1757 1961 1878 2002 sutu-

388 2035 476 2069 rus,
504 2021 624 2074 quod
657 2034 821 2074 nempe
851 2020 962 2061 fides
993 2029 1206 2074 separata
1228 2035 1411 2063 omnem
1443 2023 1732 2072 charitatem,
1762 2037 1877 2078 quae

388 2091 458 2124 est
491 2084 659 2124 bonum
691 2084 828 2131 vitae,
861 2084 1137 2137 dissipatura
1168 2086 1239 2133 sit,
1275 2092 1320 2126 et
1353 2086 1473 2139 quod
1503 2086 1665 2127 falsum
1697 2087 1802 2128 inde
1831 2087 1876 2128 in

387 2146 496 2186 orbe
515 2146 775 2186 Christiano
793 2147 1132 2187 dominaturum
1151 2147 1221 2187 sit.
1270 2148 1347 2187 Ad
1366 2148 1719 2190 illustrationem
1736 2148 1874 2190 velim

386 2209 429 2247 in
456 2222 631 2248 summa
662 2209 888 2248 adducere
915 2222 1028 2261 quae
1060 2209 1179 2262 apud
1204 2209 1437 2250 Danielem
1472 2210 1528 2250 de
1558 2211 1699 2252 ariete
1730 2217 1777 2252 et
1815 2203 1895 2252 de'

386 2270 510 2311 hirco
537 2277 861 2319 memorantur,
890 2284 1005 2324 quae
1031 2271 1144 2311 haec
1168 2278 1299 2311 sunt:

452 2380 592 2411 Danieli
612 2380 646 2411 in
666 2380 803 2412 visione
820 2380 917 2411 visus
938 2386 991 2411 est
1011 2381 1112 2416 aries.
1132 2381 1213 2412 “cui
1234 2381 1303 2412 duo
1325 2391 1482 2420 cornua„
1499 2407 1505 2414 .
1520 2392 1644 2414 .unum
1661 2383 1770 2415 altum
1789 2394 1874 2425 prae

556 2424 693 2461 altero„
709 2448 716 2455 .
730 2448 737 2455 .
753 2424 830 2455 ‚sed
847 2424 955 2454 altum
977 2424 1135 2455 ascendit
1153 2425 1328 2464 posterius
1344 2435 1366 2462 ;.
1382 2450 1388 2456 .
1403 2450 1410 2456 .
1426 2425 1498 2456 ,ille
1519 2435 1688 2466 magnum
1707 2437 1745 2459 se
1757 2428 1874 2460 reddi-

557 2467 607 2498 dit
622 2466 667 2498 :''.
683 2492 690 2498 .
704 2492 711 2498 .
726 2467 804 2498 .sed
824 2473 906 2498 tunc
923 2467 1066 2498 “hircus
1081 2477 1264 2507 caprarum
1280 2468 1377 2499 venit
1390 2469 1434 2499 ab
1448 2469 1630 2500 occidente
1644 2479 1751 2510 super
1765 2470 1872 2504 facies

556 2511 672 2541 omnis
686 2509 848 2548 terrae‚'’.
864 2535 871 2541 .
885 2535 892 2541 .
908 2520 962 2541 .ac
980 2511 1078 2541 irruit
1096 2511 1130 2541 in
1146 2511 1301 2549 arietem,
1318 2512 1488 2551 percussit
1507 2512 1615 2550 illum,
1629 2519 1664 2544 et
1681 2513 1786 2554 fregit
1803 2515 1874 2546 duo

556 2564 690 2585 cornua
709 2553 796 2593 ejus,
816 2555 878 2585 “et
899 2553 1046 2593 projecit
1067 2554 1213 2585 arietem
1235 2555 1270 2585 in
1293 2561 1432 2593 terram,
1450 2561 1485 2586 et
1505 2556 1726 2588 conculcavit
1749 2567 1829 2590 eum
1843 2557 1874 2590 :''

556 2604 631 2628 erat
655 2598 687 2628 ei
712 2607 821 2628 cornu
842 2597 933 2628 inter
954 2597 1085 2635 oculos,
1107 2603 1141 2628 et
1162 2607 1241 2629 cum
1262 2598 1328 2629 hoc
1349 2597 1498 2630 fractum
1521 2606 1584 2637 est,
1604 2601 1871 2634 “ascenderunt

556 2647 706 2681 quatuor
729 2651 861 2673 cornua
885 2640 963 2671 loco
988 2641 1075 2681 ejus,
1096 2641 1197 2682 juxta
1220 2650 1371 2683 quatuor
1391 2650 1516 2674 ventos
1542 2643 1742 2683 caelorum;
1771 2651 1806 2676 et
1829 2655 1874 2678 ex

555 2694 626 2715 uno
646 2685 689 2715 de
710 2685 777 2716 illis
797 2685 907 2716 exivit
928 2695 1038 2716 cornu
1058 2695 1204 2718 unum..
1220 2710 1243 2723 .,
1261 2686 1353 2726 quod
1375 2687 1484 2718 crevit
1504 2687 1632 2725 valde..
1647 2712 1655 2719 .
1669 2711 1676 2719 .
1691 2695 1741 2720 .et
1762 2698 1872 2730 usque

556 2728 600 2759 ad
618 2728 810 2759 exercitum
828 2729 1017 2766 caelorum,
1035 2735 1070 2760 et
1086 2729 1212 2769 dejecit
1230 2730 1265 2760 in
1284 2736 1414 2760 terram
1432 2730 1475 2760 de
1493 2731 1656 2768 exercitu,
1675 2737 1710 2763 et
1727 2732 1770 2763 de
1792 2733 1873 2764 stel-

554 2771 607 2809 lis,
625 2778 659 2802 et
675 2772 895 2803 conculcavit
912 2782 992 2804 eos:
1020 2772 1144 2803 immo.
1160 2772 1217 2804 .ad
1236 2773 1429 2812 principem
1445 2774 1619 2805 exercitus
1637 2774 1760 2806 extulit
1774 2785 1822 2813 se,
1836 2783 1872 2808 et

554 2816 599 2845 ab
625 2814 708 2855 Ipso
733 2816 911 2846 sublatum
941 2821 994 2846 est
1019 2815 1111 2855 juge,
1137 2822 1171 2846 et
1191 2814 1389 2856 projectum
1415 2817 1652 2848 habitaculum
1677 2816 1870 2851 sanctuarii

556 2857 672 2898 Ipsius
686 2868 709 2897 ;.
725 2883 732 2890 .
746 2883 753 2890 .
769 2865 818 2890 .et
836 2858 984 2899 projecit
1002 2859 1186 2890 veritatem
1205 2860 1239 2890 in
1258 2866 1386 2890 terram
1400 2858 1418 2871 ’'
1435 2859 1519 2899 (viii.
1542 2868 1635 2899 1—14,
1653 2861 1764 2903 seq.):

380 2971 499 3024 quod
522 2985 600 3024 per
628 2971 884 3012 “arietem''
912 2971 970 3012 ibi
997 2971 1313 3024 intelligantur
1340 2973 1413 3026 qui
1440 2973 1483 3012 in
1516 2971 1602 3014 fide
1628 2987 1687 3014 ex
1719 2973 1864 3015 chari-

381 3040 478 3074 tate
504 3041 622 3082 sunt,
651 3040 695 3075 et
723 3048 800 3087 per
830 3033 1071 3075 “hircum'’
1096 3034 1159 3075 illi
1187 3035 1260 3088 qui
1287 3035 1331 3075 in
1359 3034 1444 3076 fide
1471 3043 1681 3089 separata
1703 3050 1728 3077 a
1755 3036 1862 3078 cha·
