2008 3458
378 375 488 427 2468
790 383 1120 416 APOCALvPs1s
1152 383 1450 416 EXPLICATA.

379 496 511 549 Quod
547 496 726 536 “uvae'’
758 495 1011 548 significent
1052 496 1219 537 bonum
1261 497 1506 547 charitatis,
1540 503 1608 539 est
1646 498 1746 552 quia
1784 511 1864 552 per

378 558 630 598 “vineam’'
662 558 936 611 significatur
967 559 1157 615 ecclesia
1188 560 1440 612 spiritualis,
1468 567 1514 601 et
1546 574 1624 613 per
1651 562 1829 603 “vitem
1842 561 1862 576 ”

376 621 511 662 homo
542 621 655 661 illius
687 621 928 672 ecclesiae;
971 621 1072 662 ideo
1104 635 1181 674 per
1209 622 1402 663 “botros
1416 623 1435 638 '’
1461 637 1537 663 seu
1573 626 1598 643 “
1619 623 1862 673 racemOS,”

376 691 421 724 et
454 697 530 736 per
558 683 741 732 “uvas‚’'
768 697 879 736 quae
912 691 1015 725 sunt
1047 682 1224 732 fructus,
1258 684 1564 738 significantur
1594 685 1714 727 bona
1744 699 1858 741 quae

376 746 542 803 faciunt
568 746 689 786 illam
722 746 972 794 ecclesiam,
1001 760 1113 800 quae
1145 747 1263 787 bona
1289 754 1507 788 vocantur
1532 748 1652 788 bona
1682 748 1860 801 spiritu-

377 809 476 857 alia,
511 815 556 849 et
588 823 762 862 quoque
795 810 913 849 bona
955 809 1211 860 charitatis;
1254 817 1300 851 et
1331 811 1433 863 quia
1469 824 1528 851 ex
1568 810 1688 852 bono
1727 824 1860 852 omne

377 885 529 912 verum
553 878 635 919 est,
661 874 773 912 sicut
801 887 858 912 ex
887 873 979 912 uvis
1002 885 1134 913 omne
1157 874 1322 922 vinum,
1347 873 1448 913 ideo
1474 887 1551 926 per
1575 873 1795 914 “vinum”
1816 874 1860 915 in

376 935 533 975 Verbo
552 935 830 988 significatur
847 949 1002 976 verum
1021 950 1080 976 ex
1099 937 1220 977 bono
1243 947 1298 986 (de
1311 945 1401 984 qua¹¹
1414 948 1746 986 vini·'significatione
1758 948 1864 979 videa—

375 1010 426 1034 tur
440 1015 544 1043 supra,
558 1014 588 1035 n.
608 1004 786 1043 [¹1220[b],
805 995 915 1047 376).
964 995 1046 1035 Per
1067 1000 1091 1016 “
1105 996 1264 1036 botros
1277 996 1296 1011 '‘
1313 1003 1466 1037 autem
1489 1011 1567 1037 seu
1587 1001 1830 1038 “racemos
1841 997 1862 1012 ''

376 1057 550 1108 proprie
577 1055 884 1108 significantur
910 1057 1179 1098 variationes
1205 1058 1486 1098 status‘boni
1512 1058 1752 1111 spiritualis
1783 1072 1860 1100 seu

375 1120 479 1159 boni
505 1119 750 1168 charitatis,
775 1121 876 1173 quia
901 1120 944 1160 in
970 1119 1055 1159 illis
1080 1120 1226 1172 plures
1253 1134 1363 1161 uvae
1386 1122 1430 1161 in
1456 1122 1567 1161 serie
1591 1122 1860 1172 cohaerent;

375 1183 479 1235 quid
515 1189 665 1223 autem
704 1196 781 1234 per
812 1183 1081 1223 variationes
1119 1189 1265 1223 status
1302 1183 1407 1224 boni
1444 1183 1722 1238 intelligitur,
1757 1184 1862 1226 alibi

375 1245 559 1285 dicetur.
621 1243 842 1296 Quoniam
866 1258 942 1297 per
965 1251 1129 1285 terram
1157 1245 1413 1286 Canaanem
1439 1246 1862 1299 repraesentabatur

375 1314 420 1348 et
453 1307 554 1347 inde
587 1307 920 1360 significabatur
949 1307 1152 1355 ecclesia,
1180 1315 1226 1349 et
1258 1308 1450 1349 ecclesia
1480 1316 1549 1350 est
1581 1309 1772 1351 ecclesia
1801 1323 1860 1350 ex

375 1370 496 1410 bono
518 1370 744 1422 spirituali,
774 1370 857 1410 hoc
881 1371 999 1410 enim
1031 1377 1100 1411 est
1133 1369 1365 1412 character
1390 1371 1620 1421 ecclesiae,
1648 1371 1750 1413 ideo

445 1459 695 1499 Exploratores
707 1470 749 1490 ex
760 1466 852 1490 terra
865 1460 924 1490 illa
940 1460 1135 1490 retulerunt
1146 1461 1286 1491 botrum
1297 1470 1445 1492 uvarum
1461 1461 1704 1501 magnitudine
1716 1461 1860 1503 insigni,

547 1509 725 1543 portatum
741 1503 776 1533 in
795 1501 895 1534 νεέὶε
909 1512 971 1543 per
984 1503 1073 1534 duos
1090 1503 1214 1543 (Num.
1234 1504 1304 1535 xiii.
1323 1512 1373 1542 23,
1392 1504 1446 1544 24)
1462 1515 1468 1536 :

373 1590 457 1630 hoc
482 1590 658 1642 signum
681 1591 1114 1642 repraesentativum
1137 1590 1369 1640 ecclesiae,
1389 1604 1467 1643 per
1487 1595 1691 1632 “terram
1714 1591 1861 1634 Cana-

374 1652 527 1693 anem”
542 1651 876 1705 [significatae],
889 1652 982 1693 fuit.
1023 1652 1156 1705 Quod
1175 1653 1365 1694 ecclesia
1383 1655 1440 1695 sit
1458 1654 1648 1695 ecclesia
1665 1669 1723 1696 ex
1741 1655 1862 1696 bono

374 1716 619 1764 charitatis,
640 1721 709 1756 est
736 1716 837 1768 quia
863 1716 947 1756 hoc
974 1715 1141 1756 bonum
1168 1717 1211 1756 in
1245 1730 1291 1756 se
1319 1715 1572 1769 spectatum
1598 1723 1667 1758 est
1693 1717 1861 1758 bonum

373 1779 492 1818 vitae
524 1778 758 1817 oriundum
790 1791 848 1817 ex
880 1791 1030 1818 amore
1062 1779 1105 1818 in
1139 1779 1397 1828 Dominum,
1431 1787 1760 1833 consequenter
1791 1787 1860 1821 est

373 1838 555 1880 effectus
577 1840 739 1879 amoris
761 1839 888 1880 illius.
938 1840 1019 1880 Per
1040 1841 1207 1881 bonum
1232 1842 1461 1882 charitatis
1478 1842 1747 1894 intelligitur
1766 1841 1859 1895 jus-

373 1910 483 1950 tum,
504 1903 722 1942 sincerum
741 1909 786 1942 et
802 1901 971 1943 rectum
989 1904 1029 1943 in
1051 1905 1171 1944 omni
1187 1917 1323 1956 vopere
1342 1911 1387 1944 et
1409 1906 1450 1944 in
1475 1905 1595 1945 omni
1617 1903 1857 1954 functione,

373 1980 431 2005 ex
450 1978 600 2005 amore
613 1964 734 2017 justi,
752 1965 909 2005 sinceri
927 1972 973 2006 et
988 1964 1096 2006 recti
1114 1980 1122 2016 ;
1147 1967 1219 2019 qui
1237 1980 1361 2007 amor
1375 1967 1502 2007 unice
1520 1973 1589 2008 est
1607 1981 1633 2008 a
1650 1967 1859 2008 Domino.

375 2027 597 2080 Quoniam
634 2027 777 2067 adhuc
821 2028 1027 2080 ignotum
1069 2035 1137 2069 est
1178 2029 1283 2082 quid
1325 2029 1748 2081 repraesentabatur
1782 2043 1861 2083 per

374 2090 653 2137 Naziraeum‚
682 2096 727 2130 et
760 2091 863 2143 quid
896 2090 1229 2142 significabatur
1260 2104 1338 2143 per
1369 2091 1488 2144 quod
1520 2092 1768 2132 abstineret
1800 2092 1858 2132 ab

373 2154 467 2192 uvis
493 2159 538 2192 et
565 2166 590 2192 a
612 2153 728 2201 vino,
758 2161 803 2193 et
830 2154 947 2206 quod
975 2166 1173 2194 crescere
1196 2154 1362 2195 faceret
1388 2167 1564 2195 comam
1586 2155 1744 2207 capitis
1774 2155 1855 2202 sui,

373 2215 477 2255 licet
504 2215 611 2255 illud
639 2216 708 2256 hic
735 2216 962 2268 detegere.
1025 2216 1093 2256 De
1119 2217 1390 2258 abstinentia
1415 2217 1472 2257 ab
1497 2218 1591 2258 uvis
1622 2224 1668 2258 et
1699 2231 1725 2258 a
1750 2218 1856 2258 vino

373 2278 436 2318 ita
462 2277 638 2330 legitur,

439 2367 500 2398 “A
514 2367 597 2398 vino
614 2373 648 2398 et
665 2367 777 2398 sicera
793 2367 983 2398 abstinebit
1000 2377 1048 2404 se,
1062 2373 1199 2398 acetum
1214 2367 1287 2398 vini
1304 2373 1338 2398 et
1355 2373 1492 2398 acetum
1510 2367 1642 2399 sicerae
1661 2377 1732 2399 non
1750 2368 1858 2406 bibet,

546 2411 656 2441 immo
676 2420 818 2441 omnem
840 2411 1114 2441 macerationem
1136 2420 1282 2442 uvarum
1304 2421 1375 2441 non
1397 2412 1512 2442 bibet:
1541 2421 1628 2442 uvas
1649 2421 1786 2457 quoque
1806 2421 1859 2443 re-

547 2460 666 2485 centes
690 2460 750 2484 aut
773 2454 888 2485 aridas
914 2463 985 2484 non
1010 2454 1190 2485 comedet:
1217 2454 1382 2485 omnibus
1402 2454 1525 2485 diebus
1550 2455 1770 2486 naziraeatus
1790 2456 1856 2492 sui,

545 2498 589 2528 ab
606 2498 703 2528 omni
721 2498 813 2537 quod
831 2507 872 2528 ex
891 2507 959 2527 uva
976 2497 1013 2528 fit
1030 2498 1114 2535 vini,
1131 2498 1176 2528 ab
1193 2498 1302 2528 acinis
1316 2507 1426 2538 usque
1443 2498 1488 2529 ad
1508 2504 1634 2536 cutem,
1652 2508 1724 2529 non
1742 2507 1858 2530 come-

546 2540 632 2572 det”
650 2541 772 2580 (Num.
792 2541 834 2571 vi.
854 2549 882 2579 3,
903 2541 956 2579 4):

372 2630 482 2671 haec
523 2629 599 2669 lex
640 2629 718 2669 fuit
759 2628 989 2676 Naziraeo,
1023 2635 1266 2682 antequam
1303 2628 1568 2681 impleverat
1603 2629 1698 2670 dies
1734 2630 1855 2670 nazi-

373 2698 549 2733 raeatus
576 2692 653 2741 sui,
679 2693 779 2744 quia
805 2698 911 2732 tunc
934 2692 1302 2744 repraesentabat
1330 2692 1572 2732 Dominum
1595 2692 1742 2745 quoad
1767 2693 1855 2746 pri-

373 2768 494 2794 mum
521 2755 663 2807 Ipsius
694 2761 887 2794 statum:
922 2756 1087 2806 primus
1119 2761 1265 2795 status
1296 2754 1374 2795 suit
1406 2755 1616 2803 Domino,
1641 2755 1755 2795 sicut
1786 2761 1855 2796 est

373 2818 494 2857 omni
520 2817 700 2864 homini,
721 2817 839 2869 quod
866 2817 993 2857 fuerit
1020 2817 1262 2868 sensualis;
1296 2818 1439 2857 omnis
1465 2818 1582 2857 enim
1608 2818 1744 2858 homo
1766 2819 1854 2870 pri-

374 2893 493 2919 mum
525 2886 593 2919 est
625 2879 854 2927 sensualis,
889 2886 1046 2932 postea
1077 2879 1125 2920 fit
1158 2880 1371 2920 naturalis
1402 2887 1447 2921 et
1478 2880 1722 2929 rationalis,
1751 2881 1854 2922 dein

373 2941 625 2993 spiritualis,
643 2948 687 2981 et
710 2940 904 2990 demum,
929 2943 963 2982 si
986 2943 1142 2982 tertius
1164 2943 1328 2994 gradus
1355 2943 1470 2995 apud
1493 2943 1616 2984 illum
1641 2944 1850 2996 aperitur,

373 3002 420 3043 fit
445 3004 664 3053 caelestis,
682 3005 822 3057 qualis
845 3011 913 3045 est
936 3004 1121 3057 angelus
1145 3006 1264 3046 tertii
1287 3005 1410 3046 caeli.
1465 3005 1680 3047 Sensuale
1706 3005 1850 3047 homi-
