2054 3464
430 349 537 390 2182
798 390 801 394 ,
840 358 1170 391 APOCALYPSIS
1201 358 1497 391 EXPLICATA.

428 475 503 510 cat
530 469 892 511 devastationem
914 471 1006 512 veri
1033 471 1263 512 ecclesiae.
1324 470 1461 524 Apud
1487 470 1715 519 Amosum,

493 559 595 590 “Vae
612 559 892 591 desiderantibus
909 560 1001 591 diem
1019 559 1176 601 Jehovae
1191 569 1197 597 ;
1223 560 1304 601 quid
1322 561 1422 591 vobis
1442 560 1517 591 dies
1534 559 1714 600 Jehovae?
1736 557 1794 590 ille
1811 563 1908 590 tene-

599 603 739 634 brarum
764 609 799 633 et
823 613 894 634 non
912 603 1020 640 lucis;
1045 604 1133 635 sicut
1150 604 1207 644 qui
1227 603 1316 643 fugit
1336 604 1474 634 leonem
1493 602 1623 633 incidat
1643 602 1679 633 in
1698 610 1830 639 ursum,
1846 605 1908 641 aut

599 646 875 728 {gnit·d›9}nm1ng'
896 644 962 730 [Ιεὲξ
989 646 1119 678 nitatur
1143 656 1251 678 manu
1275 657 1339 678 sua
1361 656 1466 686 super
1490 646 1670 686 parietem,
1690 650 1726 676 et
1747 643 1908 676 mordeat

647 699 725 729 guis
786 699 815 720 v.
878 714 885 727 ,
973 701 979 722 :

428 787 505 826 per
533 774 689 815 “diem
713 775 943 827 Jehovae”
969 775 1237 828 intelligitur
1261 776 1483 816 adventus
1507 774 1703 822 Domini,
1731 773 1804 828 qui
1835 777 1907 814 est

428 836 629 885 Messias,
658 851 790 890 quem
817 837 1224 891 exspectaverunt;
1261 845 1307 879 et
1340 839 1440 891 quia
1470 837 1755 878 crediderunt
1786 835 1907 890 quod

429 898 511 939 Ille
538 899 803 940 liberaturus
829 907 950 941 esset
981 914 1059 941 eos
1090 901 1147 941 ab
1177 901 1383 942 hostibus
1409 908 1570 948 terrae,
1598 906 1644 940 et
1674 897 1907 940 evecturus

427 974 504 1000 eos
540 962 583 1001 in
621 962 812 1014 gloriam
845 976 975 1016 super
1006 976 1163 1004 omnes
1194 969 1370 1016 gentes,
1405 963 1507 1003 ideo
1539 962 1908 1003 desideraverunt

428 1024 604 1077 Ipsum:
639 1025 718 1064 sed
744 1026 844 1078 quia
872 1025 1093 1065 Dominus
1119 1039 1209 1065 non
1236 1031 1420 1078 propter
1446 1024 1625 1077 aliquod
1647 1036 1837 1076 regnum
1862 1023 1907 1064 in
1948 1026 1954 1032 ‘

427 1093 558 1134 terra,
577 1088 655 1127 sed
674 1094 856 1140 propter
869 1101 1056 1139 regnum
1079 1089 1121 1127 in
1141 1087 1282 1136 caelo,
1299 1089 1341 1127 in
1361 1087 1575 1127 mundum
1590 1087 1728 1135 venit,
1744 1091 1790 1126 et
1804 1085 1907 1139 quia

424 1148 611 1200 Judaica
632 1163 744 1202 gens
766 1150 809 1189 in
832 1149 952 1189 falsis
972 1149 1076 1189 mali
1102 1149 1196 1197 fuit,
1216 1156 1262 1189 et
1285 1163 1338 1190 ea
1364 1155 1470 1189 tunc
1495 1148 1903 1195 manifestarentur,

427 1211 600 1259 dicitur,
623 1211 760 1252 “Vae
778 1212 1135 1252 desiderantibus
1153 1212 1270 1252 diem
1291 1211 1490 1264 Jehovae
1509 1226 1517 1261 ;
1545 1211 1649 1265 quid
1667 1210 1794 1251 vobis
1811 1209 1908 1251 dies

425 1273 656 1324 Jehovae?
682 1274 758 1315 ille
776 1274 1061 1315 tenebrarum
1081 1273 1165 1327 [et]
1187 1287 1276 1314 non
1300 1274 1409 1314 lucis
1427 1274 1459 1324 ;'’
1480 1274 1733 1314 “tenebrae
1752 1273 1908 1313 et'non

428 1336 535 1377 lux’'
559 1343 663 1377 sunt
690 1336 800 1376 falsa
826 1338 868 1376 in
896 1337 1052 1390 quibus
1075 1337 1275 1377 suerunt:
1312 1337 1464 1377 “sicut
1492 1337 1564 1390 qui
1590 1336 1702 1388 fugit
1729 1334 1908 1376 leonem

426 1399 594 1440 incidat
628 1400 671 1439 in
709 1399 887 1439 ursum‘'
921 1399 1145 1452 significat
1178 1400 1386 1440 timorem
1424 1413 1528 1452 prae
1562 1398 1761 1439 dominio
1793 1398 1907 1446 falsi,

427 1462 682 1513 quaerendo
705 1476 810 1502 vera
834 1476 893 1502 ex
919 1475 1052 1502 sensu
1079 1461 1258 1502 litterae
1282 1461 1434 1508 Verbi,
1463 1475 1576 1514 quae
1603 1473 1692 1501 non
1719 1467 1908 1514 possunt

427 1536 516 1562 non
540 1523 761 1564 falsificari
782 1538 790 1573 ;
824 1525 859 1564 is
885 1525 1003 1564 enim
1027 1524 1189 1564 dicitur
1213 1524 1401 1576 “fugere
1425 1524 1617 1572 leonem,
1642 1529 1688 1564 et
1711 1523 1908 1565 incidere

426 1586 469 1624 in
502 1586 690 1634 ursum‚’'
715 1587 788 1639 qui
820 1587 1004 1627 interius
1035 1587 1079 1626 in
1110 1586 1223 1627 falso
1255 1600 1314 1627 ex
1348 1586 1468 1626 malo
1494 1593 1577 1634 est,
1606 1591 1652 1627 et
1683 1585 1821 1634 fertur
1850 1586 1908 1627 ad

427 1649 795 1700 cognoscendum
818 1663 923 1689 vera
946 1663 1004 1689 ex
1027 1662 1160 1689 sensu
1183 1648 1362 1689 litterae
1386 1648 1538 1696 Verbi,
1563 1661 1695 1701 quem
1715 1645 1821 1690 tunc
1844 1662 1904 1690 ex

426 1710 625 1750 interiori
651 1711 849 1751 dominio
871 1711 969 1751 falsi
991 1725 1050 1752 ex
1069 1711 1189 1751 malo
1216 1724 1306 1751 non
1330 1717 1483 1764 potest
1506 1724 1596 1757 non
1619 1710 1905 1764 pervertere,

429 1776 453 1791 “
467 1773 590 1812 venit
608 1773 806 1821 domum,
824 1780 869 1814 et
893 1775 1063 1814 nitatur
1081 1787 1215 1829 manu
1237 1787 1368 1826 super
1385 1774 1616 1826 parietem,
1634 1779 1680 1815 et
1698 1773 1904 1815 mordeat

426 1847 526 1873 eum
549 1835 746 1887 anguis‚”
765 1835 988 1888 significat
1015 1835 1120 1875 dum
1140 1835 1242 1876 talis
1265 1835 1459 1881 consulit
1479 1835 1680 1875 Verbum
1702 1835 1745 1875 in
1768 1848 1903 1876 sensu

425 1895 607 1936 litterae
629 1898 885 1950 quaerendo
911 1898 1044 1945 bona,
1069 1911 1158 1937 non
1181 1898 1333 1938 videat
1351 1898 1474 1951 ‘quod
1502 1897 1620 1937 mala
1642 1903 1905 1950 pervertant

425 1957 577 2007 illum3
614 1963 824 1999 “morsus
856 1960 1044 2011 anguis''
1077 1959 1301 2012 significat
1332 1959 1706 2008 falsificationem,
1737 1959 1808 2001 hic
1841 1973 1902 2001 ex

426 2020 624 2061 dominio
650 2022 848 2062 interiori
874 2022 971 2062 falsi
997 2036 1055 2063 ex
1083 2022 1215 2062 malo.
1277 2022 1414 2075 Apud
1439 2022 1640 2071 Esaiam,

492 2119 510 2132 ‘⁴
523 2118 810 2149 Commorabitur
826 2119 928 2159 lupus
949 2129 1026 2150 cum
1044 2129 1149 2159 agno,
1166 2125 1201 2150 et
1225 2119 1354 2159 pardus
1371 2129 1448 2150 cum
1467 2119 1592 2156 haedo,
1609 2118 1748 2150 cubabit
1765 2117 1906 2157 vitulus,

597 2168 632 2192 et
657 2162 710 2192 leo
734 2162 874 2201 juvenis
903 2168 937 2193 et
965 2163 1165 2202 saginatum
1190 2172 1270 2200 una,
1299 2168 1334 2194 et
1365 2172 1451 2202 puer
1476 2172 1603 2201 parvus
1631 2162 1734 2193 ducet
1757 2170 1842 2199 eos;
1871 2167 1907 2193 et

597 2205 750 2244 juvenca
773 2211 807 2235 et
830 2215 933 2236 ursus
951 2212 1107 2245 pascent,
1125 2211 1159 2236 et
1183 2215 1254 2236 una
1270 2206 1447 2236 cubabunt
1471 2206 1563 2236 fetus
1583 2214 1717 2243 eorum,
1735 2204 1791 2236 leo
1815 2204 1906 2237 sicut

599 2249 663 2279 bos
681 2249 842 2279 comedet
859 2254 1014 2279 stramen
1029 2248 1106 2288 ”(xi.
1125 2246 1189 2286 [¹]6,
1209 2247 1242 2288 7)
1257 2257 1264 2280 ε

426 2336 530 2389 quid
563 2335 786 2388 significat
814 2336 932 2389 quod
961 2336 1128 2388 “lupus
1159 2349 1259 2376 cum
1291 2336 1439 2377 haedo
1466 2336 1831 2385 commorabitur,
1858 2342 1906 2378 et

426 2398 605 2446 vitulus,
640 2398 711 2438 leo
737 2397 912 2450 juvenis
944 2404 990 2438 et
1027 2399 1283 2451 saginatum
1316 2412 1402 2438 una
1436 2399 1679 2447 cubabunt,
1713 2405 1759 2440 et
1796 2412 1904 2452 puer

425 2466 586 2514 parvus
609 2461 743 2501 ducet
766 2460 882 2508 eos,'’
904 2461 947 2500 in
970 2461 1271 2514 praecedente
1294 2460 1483 2501 articulo
1506 2461 1786 2514 explicatum
1804 2467 1898 2503 est:

426 2523 544 2576 quod
579 2522 804 2575 “juvenca
840 2529 886 2563 et
923 2537 1047 2563 ursus
1080 2530 1282 2576 pascent,
1316 2530 1361 2564 et
1399 2537 1485 2563 una
1522 2523 1752 2564 cubabunt
1787 2524 1904 2565 fetus

425 2585 616 2633 eorum,''
631 2585 854 2637 significat
873 2586 1124 2638 potentiam
1142 2592 1188 2626 et
1207 2586 1461 2639 cupidinem
1477 2586 1693 2626 naturalis
1708 2586 1903 2627 hominis

425 2647 687 2688 falsificandi
724 2662 829 2688 vera
860 2647 1015 2696 Verbi,
1048 2654 1094 2689 et
1131 2648 1249 2702 quod
1286 2648 1389 2689 illae
1422 2662 1511 2689 non
1543 2649 1776 2690 nociturae
1812 2649 1902 2691 sint

425 2711 545 2750 bono
577 2709 791 2750 naturalis
823 2710 1016 2750 hominis
1048 2717 1093 2751 et
1130 2711 1222 2763 ejus
1253 2709 1500 2761 affe5tioni;
1539 2711 1768 2764 “juvenca
1782 2711 1801 2727 '’
1832 2718 1902 2753 est

425 2771 598 2813 affectio
635 2773 741 2813 boni
781 2779 827 2813 et
868 2774 959 2813 veri
1000 2773 1216 2813 naturalis
1257 2773 1463 2821 hominis,
1508 2780 1553 2814 et
1597 2773 1790 2814 “ursus'’
1829 2781 1902 2816 est

425 2835 632 2887 potentia
657 2842 704 2876 et
731 2835 893 2887 cupido
916 2835 1132 2876 naturalis
1157 2835 1350 2876 hominis
1376 2836 1640 2876 falsificandi
1665 2850 1770 2877 vera
1796 2850 1900 2877 sen-

425 2911 498 2937 sus
540 2897 719 2938 litterae
764 2897 928 2942 Verbi:
977 2897 1086 2938 “leo
1126 2899 1241 2938 sicut
1285 2898 1366 2938 bos
1412 2898 1623 2939 comedet
1668 2898 1901 2939 „stramen”

425 2959 647 3012 significat
693 2960 810 3013 quod
855 2960 1069 3001 infernale
1114 2959 1274 3000 falsum
1314 2961 1475 3001 ardens
1521 2961 1751 3002 destruere
1795 2974 1900 3002 vera

2036 1375 2054 1602 “nrm-immani
2046 1338 2054 1366 n.
2042 1277 2054 1322 nxz„
2028 748 2054 1260 ἁ-ζαλϋιὶ-ΜᾎΜ
2036 711 2046 736 ’”’
