2008 3458
554 385 659 421 cAP.
683 385 806 427 xm„
829 385 967 418 VERs.
991 384 1138 430 7.-Ν,
1161 373 1330 429 8o3[a].
1577 382 1683 425 2241

194 501 271 554 sit,
297 488 418 558 quod
444 501 666 543 Dominus
692 500 816 542 Deus
842 499 957 541 caeli
984 505 1030 541 et
1057 504 1204 541 terrae
1235 498 1294 539 sit

381 597 482 640 (Joh.
501 597 548 630 iii.
569 604 632 637 353
656 602 731 637 cap.
744 595 827 628 xvii.
846 604 884 628 2:
909 595 1040 628 Matth.
1058 595 1103 627 xi.
1122 603 1185 634 27;
1209 604 1284 635 cap.
1302 594 1423 626 xxviii.
1440 593 1503 633 18),

70 674 123 735 εἷ’-’5
191 693 314 749 quod
338 692 543 735 Verbum
570 689 777 733 sanctum
803 691 877 740 sit,
905 690 1024 744 quod
1053 689 1228 731 caelum
1261 695 1307 731 et
1334 689 1554 730 infernum
1580 669 1708 736 sints

61 770 79 779 ·’
191 763 241 809 et
255 756 376 812 quod
394 756 489 798 vita
510 761 615 810 post
639 761 835 796 mortem
853 755 924 795 sit.
989 752 1070 807 (2.)
1105 753 1179 794 Ex
1198 753 1369 801 Verbo,
1389 766 1448 793 ex
1467 751 1688 804 magistro

190 825 245 871 et,
262 833 324 862 ex
350 818 776 874 praedicationibus,
801 818 946 858 discet
973 830 1088 870 quae
1114 830 1252 870 opera
1278 821 1469 870 peccata
1495 820 1615 863 sunt,
1640 820 1687 855 et

118 875 135 936 ’ᾗ
189 881 311 946 quod
332 882 548 936 imprimis
571 882 661 922 sint
684 880 920 929 adulteria,
944 879 1075 928 furta,
1100 892 1251 928 neces,
1271 878 1384 919 falsa
1406 877 1686 924 testimonia,

72 956 132 1003 j
190 951 238 999 et
269 943 398 1000 plura
426 958 542 999 quae
573 945 617 985 in
649 943 900 997 decalogo3
939 949 1036 984 tum
1069 942 1189 996 quod
1221 941 1416 982 lascivae
1448 947 1494 982 et
1527 940 1688 981 obsce-

77 1025 162 1055 .·-
191 1012 278 1052 nae
317 1008 627 1061 cogitationes
672 1007 811 1048 etiam
852 1005 1075 1047 adulteria
1116 1006 1221 1054 sint,
1261 1005 1382 1058 quod
1422 1003 1599 1045 fraudes
1640 1010 1686 1044 et

73 1061 134 1122 ,¹2¹²
191 1069 467 1121 lucrationes
490 1070 675 1112 illicitae
697 1070 836 1111 etiam
858 1069 975 1110 furta
997 1069 1102 1117 sint,
1123 1068 1243 1122 quod
1267 1068 1370 1108 odia
1393 1074 1439 1108 et
1461 1065 1688 1108 vindictae

70 1132 134 1171 2⁹²
190 1132 331 1175 etiam
362 1145 499 1175 neces
531 1133 636 1182 sint,
669 1132 878 1186 quodque
910 1131 1149 1172 mendacia
1185 1136 1231 1172 et
1268 1129 1689 1183 blasphemationes

182 1195 332 1253 ‘etiam
363 1195 476 1237 salsa
507 1196 772 1237 testimonia
803 1196 920 1246 sint;
963 1201 1010 1236 et
1043 1194 1104 1235 sic
1138 1207 1285 1248 porro.
1353 1193 1483 1233 Haec
1525 1199 1572 1233 et
1612 1191 1690 1233 illa

191 1259 338 1300 discet
369 1258 428 1305 ab
453 1258 642 1304 infantia
668 1272 807 1312 usque
839 1258 896 1299 ad
928 1257 1303 1299 adolescentiam.
1369 1255 1448 1310 (3.)
1493 1255 1690 1308 Quando

192 1321 333 1376 homo
364 1322 522 1376 incipit
553 1336 579 1363 a
611 1336 658 1363 se
691 1323 909 1376 cogitare,
943 1321 1064 1376 quod
1098 1320 1149 1362 fit
1176 1326 1280 1374 post
1312 1319 1688 1366 adolescentiam,

192 1390 301 1430 tunc
324 1385 516 1440 primum
540 1391 587 1427 et
613 1385 871 1439 primarium
897 1385 938 1426 ei
964 1385 1064 1433 erit,
1092 1390 1142 1424 ut
1160 1383 1351 1424 desistat
1372 1397 1400 1424 a
1421 1382 1555 1423 malis
1565 1381 1689 1434 faci-

192 1447 332 1504 eqtdis,
357 1448 463 1502 quia
482 1454 663 1502 peccata
688 1454 804 1498 sunt,
832 1454 984 1489 contra
1017 1447 1218 1497 Verbum,
1246 1446 1311 1487 ita
1335 1452 1490 1486 contra
1519 1445 1691 1493 Deum,·

194 1516 239 1566 εξζ
261 1510 382 1566 quod
399 1510 446 1552 si
466 1510 548 1552 illa
558 1511 697 1564 facit,
723 1511 767 1552 ei
787 1524 870 1552 non
894 1510 991 1552 vita
1021 1517 1203 1552 aeterna
1234 1509 1308 1558 sit,
1337 1509 1419 1550 sed
1437 1509 1660 1561 infernum
1670 1523 1690 1556 ‚·

195 1579 243 1615 et
283 1573 446 1625 deinde
487 1574 594 1616 dum
626 1574 850 1615 adolescit
882 1580 928 1615 et
960 1574 1173 1622 senescit,
1207 1579 1256 1614 ut
1287 1573 1430 1626 fugiat
1463 1571 1540 1612 illa
1572 1572 1688 1612 sicut

125 1658 130 1669 ·
194 1636 428 1686 damnata,
451 1643 499 1679 et
521 1643 755 1679 aversetur
777 1637 1084 1690 cogitationes
1106 1649 1208 1677 cum
1231 1636 1487 1677 intentione
1510 1635 1566 1676 de
1588 1634 1689 1675 illis.

194 1698 286 1741 Sed
313 1705 362 1742 ut
388 1700 583 1742 desistat
609 1701 668 1741 ab
698 1699 799 1748 illis,
827 1713 879 1741 ac
906 1700 1050 1753 fugiat
1076 1706 1123 1741 et
1149 1705 1383 1740 aversetur
1405 1698 1496 1747 illa,
1522 1697 1690 1752 suppli-

195 1762 318 1804 cabit
359 1763 605 1804 Dominum
646 1764 702 1805 de
740 1777 840 1817 ope.
901 1763 1097 1804 Peccata
1133 1776 1159 1803 a
1199 1762 1358 1816 quibus
1398 1761 1605 1809 desistet,
1639 1774 1690 1801 ac

195 1839 310 1880 quae
331 1825 472 1879 fugiet
495 1833 542 1867 et
564 1827 857 1875 aversabitur,
877 1832 983 1867 sunt
1004 1826 1222 1880 imprimis
1243 1825 1480 1874 adulteria,
1499 1825 1690 1873 fraudes,

195 1885 474 1932 lucrationes
497 1888 696 1938 illicitae,
722 1889 839 1938 odia,
858 1887 1099 1938 vindictae,
1124 1888 1376 1937 mendacia,
1401 1887 1692 1941 blasphema·

195 1951 360 2001 tiones,
384 1951 608 1993 elationes
630 1952 780 1993 animi.
846 1951 925 2006 (4.)
960 1951 1196 2005 Quantum
1222 1951 1362 1992 homo
1388 1950 1465 1992 illa
1487 1951 1692 1992 detesta-

196 2021 284 2064 tur,
316 2028 376 2056 ex
413 2027 550 2056 causa
582 2015 686 2069 quia
720 2021 826 2056 sunt
863 2021 1025 2056 contra
1055 2014 1274 2064 Verbum,
1308 2021 1355 2056 et
1386 2014 1491 2055 inde
1532 2020 1695 2055 contra

197 2077 361 2127 Deum,
385 2083 568 2120 tantum
595 2077 732 2119 datur
757 2079 797 2119 ei
824 2078 1178 2119 communicatio
1204 2091 1306 2119 cum
1333 2077 1546 2126 Domino,
1571 2082 1618 2118 et
1643 2075 1694 2117 fit

197 2141 238 2183 ei
269 2138 528 2194 conjunffio
566 2154 669 2182 cum
703 2141 859 2192 caelo;
903 2142 1042 2182 intrat
1074 2142 1194 2182 enim
1235 2141 1471 2189 Dominus,
1505 2146 1552 2181 et
1593 2153 1695 2181 cum

199 2203 399 2245 Domino
423 2203 623 2253 caelum‚·
646 2204 762 2245 sicut
789 2210 1083 2245 removentur
1108 2210 1325 2258 peccata;
1360 2203 1472 2245 haec
1501 2205 1620 2244 enim
1648 2210 1695 2245 et

198 2279 354 2309 eorum
375 2266 488 2308 falsa
510 2267 640 2308 unice
666 2267 868 2308 obstant.
930 2267 1077 2309 Causa
1100 2274 1185 2317 est,
1206 2268 1308 2321 quia
1325 2267 1465 2308 homo
1482 2268 1526 2308 in
1545 2268 1696 2309 medio

108 2363 130 2386 ,.·
197 2329 317 2372 inter
341 2329 519 2372 caelum
546 2336 592 2372 et
619 2330 842 2371 infernum
868 2331 1149 2372 constitutus
1175 2337 1273 2382 est;
1307 2344 1445 2384 quare
1471 2331 1694 2372 infernum

49 2409 85 2431 1·-
138 2435 140 2438 ,
199 2393 258 2434 ab
289 2405 377 2434 una
407 2399 536 2448 parte
565 2394 676 2447 agit,
705 2400 752 2435 et
784 2394 960 2435 caelum
992 2394 1050 2435 ab
1080 2394 1253 2445 altera;
1291 2401 1511 2448 quantum
1543 2395 1696 2448 itaque

198 2462 491 2498 removentur
527 2457 648 2498 mala
685 2470 799 2511 quae
840 2458 897 2498 ab
933 2458 1106 2499 inferno
1147 2463 1267 2506 sunt,
1301 2463 1482 2498 tantum
1522 2457 1697 2498 intrant

199 2518 323 2560 bona
347 2533 372 2560 e
398 2519 554 2571 caelo;
588 2533 694 2560 nam
720 2521 830 2561 dicit
858 2521 1095 2571 Dominus,

268 2622 387 2655 “Ecce
406 2628 463 2655 sto
482 2623 528 2655 ad
545 2622 675 2654 ostium
693 2629 729 2655 et
745 2622 849 2664 pulso
864 2632 871 2661 ;
896 2623 925 2654 si
945 2623 1023 2664 quis
1040 2623 1229 2655 audiverit.
1245 2648 1252 2655 .
1266 2648 1290 2661 .,
1307 2629 1343 2654 et
1359 2623 1537 2663 aperuerit
1554 2622 1697 2660 ostium,

376 2667 517 2698 intrabo
533 2667 579 2698 ad
595 2667 694 2698 illum
706 2666 724 2679 ”
741 2667 854 2708 (Apoc.
870 2667 917 2703 iii.
935 2669 1000 2707 20).

202 2767 250 2812 Si
274 2775 428 2810 autem
463 2768 604 2810 homo
635 2782 661 2810 a
693 2768 824 2810 malis
856 2769 943 2810 illis
974 2769 1190 2810 faciendis
1222 2783 1282 2810 ex
1314 2781 1581 2823 quacunque
1607 2766 1696 2807 alia

203 2845 339 2875 causa
355 2832 534 2874 desistit
557 2845 691 2886 quam
709 2833 811 2886 quia
829 2838 1021 2886 peccata
1039 2838 1158 2881 sunt,
1178 2838 1224 2873 et
1248 2838 1408 2873 contra
1426 2831 1630 2871 Verbum
1650 2837 1697 2872 et

202 2895 308 2937 inde
340 2901 502 2936 contra
534 2894 696 2944 Deum,
725 2908 816 2936 non
848 2894 899 2936 fit
930 2895 970 2936 ei
1000 2893 1258 2948 conjunctio
1295 2907 1396 2936 cum
1424 2893 1566 2942 caelo,
1594 2894 1698 2947 quia

203 2956 231 2999 a
261 2971 310 2999 se
341 2957 534 3006 desistit,
569 2963 615 2999 et
648 2971 738 2998 non
770 2972 797 2999 a
828 2958 1052 2998 Domino:
1097 2957 1319 2998 Dominus
1350 2963 1420 2998 est
1453 2957 1497 2997 in
1524 2956 1694 3005 Verbo,

204 3020 320 3062 adeo
337 3026 386 3062 ut
409 3020 584 3061 dicatur
605 3019 848 3061 “Verbum
861 3020 880 3035 ''
900 3019 1028 3075 (Jolc.
1052 3021 1077 3061 i.
1103 3031 1136 3070 1,
1156 3031 1196 3071 2,
1218 3031 1255 3072 3,
1281 3019 1346 3074 4),
1371 3020 1473 3074 quia
1492 3019 1696 3061 Verbum
