2054 3464
354 331 465 384 2036
765 336 1094 372 APOCALYPSIS
1125 339 1424 373 EXPLICATA.

352 450 606 492 habuerunt
639 451 840 492 Verbum
872 452 945 492 ubi
977 458 1081 493 sunt
1112 466 1232 500 vera,
1260 458 1306 493 et
1338 452 1441 493 inde
1473 465 1554 493 nec
1588 452 1831 494 Dominum

353 521 575 555 noverunt
598 516 670 568 qui
693 515 770 555 illa
792 515 926 555 docet
945 528 954 564 ;
988 521 1034 555 et
1053 516 1155 568 quia
1177 528 1266 555 non
1289 515 1376 555 illis
1393 529 1499 556 vera
1520 515 1712 564 suerunt,
1730 515 1832 557 ideo

353 589 434 617 nec
467 577 643 617 illorum
681 578 847 617 bonum
885 578 1033 630 potuit
1065 577 1186 617 aliud
1223 591 1321 618 esse
1353 590 1486 630 quam
1516 577 1647 631 quale
1678 590 1832 619 verum

353 640 471 692 apud
494 639 621 689 illos;
655 640 823 679 bonum
845 640 963 679 enim
987 639 1132 680 simile
1154 645 1225 680 est
1248 653 1328 680 suo
1346 653 1466 688 vero,
1486 641 1588 693 quia
1609 650 1744 681 unum
1762 646 1833 682 est

353 701 549 741 alterius.
611 701 684 741 Ex
708 702 775 742 his
799 709 1008 742 constare
1031 708 1185 755 potest
1204 702 1308 755 quid
1332 716 1411 755 per
1430 702 1738 752 “desertum‚”
1759 702 1834 744 ubi

353 762 409 803 de
446 764 657 816 gentibus
694 765 857 816 agitur,
896 763 1200 816 significatur;
1243 777 1420 818 nempe,
1459 777 1550 805 non
1584 778 1753 814 verum,
1786 770 1832 807 et

353 838 490 878 usque
514 826 782 866 desiderium
806 826 862 866 ad
885 825 1200 866 vivificandum
1223 839 1350 866 suum
1373 826 1555 867 bonum.

435 897 524 951 [ὠ]
571 897 667 950 (iii.)
711 897 846 950 Quod
890 898 1028 937 etiam
1069 911 1148 950 per
1193 901 1219 918 “
1240 898 1472 938 desertum
1493 898 1512 914 ”
1555 898 1835 952 significetur

353 964 500 999 status
523 958 700 998 illorum
723 959 795 1012 qui
818 959 861 998 in
885 958 1219 1011 tentationibus
1241 965 1361 1007 sunt,
1381 960 1483 1013 quia
1505 961 1548 1000 in
1570 960 1638 1000 his
1660 973 1766 1001 vera
1786 967 1835 1002 et

351 1022 471 1062 bona
496 1021 740 1062 interclusa
772 1027 875 1061 sunt
909 1034 987 1074 per
1011 1021 1123 1062 falsa
1148 1027 1194 1062 et
1222 1022 1354 1070 mala,
1382 1037 1496 1076 quae
1523 1028 1761 1076 emergunt
1786 1030 1833 1064 et

352 1085 501 1124 animo
528 1084 837 1132 obversantur,
866 1090 1076 1124 constare
1108 1090 1261 1137 potest
1289 1099 1347 1125 ex
1372 1086 1617 1138 vagatione
1643 1085 1834 1126 filiorum

353 1147 532 1188 Israelis
554 1148 598 1187 in
621 1147 803 1187 deserto
821 1147 1122 1200 quadraginta
1139 1148 1293 1198 annis;
1327 1162 1406 1201 per
1427 1148 1550 1188 illam
1572 1161 1834 1202 repraesen-

351 1215 475 1250 tatus
507 1215 576 1250 est
609 1210 754 1249 omnis
786 1215 934 1249 status
966 1210 1289 1258 tentationum,
1317 1211 1360 1250 in
1387 1224 1520 1264 quem
1551 1211 1738 1252 veniunt
1770 1210 1834 1252 illi

352 1273 425 1325 qui
447 1278 783 1325 regenerantur,
809 1286 867 1312 ex
890 1271 1047 1325 quibus
1073 1272 1220 1313 futura
1245 1272 1449 1313 ecclesia.
1511 1272 1671 1314 Omnis
1697 1273 1835 1315 homo

353 1335 551 1375 nascitur
573 1334 804 1382 naturalis,
830 1341 875 1375 et
899 1348 1076 1388 quoque
1099 1335 1208 1375 vivit
1232 1335 1462 1384 naturalis,
1487 1349 1626 1390 usque
1651 1336 1758 1377 dum
1783 1335 1834 1378 fit

350 1397 610 1445 rationalis;
644 1403 690 1438 et
716 1410 815 1437 cum
838 1395 981 1438 factus
1004 1403 1074 1438 est
1097 1397 1344 1445 rationalis,
1370 1404 1477 1439 tunc
1501 1398 1602 1439 duci
1628 1404 1782 1452 potest
1808 1412 1835 1440 a

351 1459 562 1508 Domino,
597 1465 643 1500 et
675 1459 767 1499 fieri
799 1459 1069 1512 spiritualis;
1102 1460 1221 1513 quod
1247 1459 1298 1501 fit
1331 1474 1408 1513 per
1433 1460 1828 1514 implantationem

350 1522 661 1574 cognitionum
684 1523 775 1562 veri
799 1536 856 1562 ex
881 1521 1049 1570 Verbo,
1074 1528 1120 1563 et
1143 1522 1274 1563 simul
1302 1529 1408 1564 tunc
1436 1536 1514 1576 per
1535 1523 1831 1576 aperitionem

350 1585 515 1624 mentis
539 1584 794 1636 spiritualis,
820 1598 933 1638 quae
955 1585 1113 1638 recipit
1144 1584 1222 1625 illa
1243 1599 1357 1638 quae
1383 1585 1496 1626 caeli
1527 1591 1646 1634 sunt,
1671 1599 1722 1627 ac
1754 1599 1833 1640 per

350 1647 663 1687 evocationem
683 1654 728 1687 et
748 1647 1051 1688 elevationem
1069 1648 1381 1700 cognitionum
1403 1648 1579 1688 illarum
1598 1662 1622 1688 e
1640 1643 1837 1690 naturali?

349 1708 545 1758 homine,
584 1715 629 1750 et
672 1723 749 1762 per
790 1708 1153 1762 conjunctionem
1195 1723 1296 1750 cum
1337 1710 1557 1763 spirituali
1597 1709 1833 1752 affe6tione

349 1772 466 1812 veri:
500 1773 596 1825 ipsa
617 1772 695 1812 illa
717 1774 907 1826 aperitio
930 1779 976 1813 et
999 1771 1254 1824 conjunctio
1286 1786 1376 1813 non
1399 1773 1494 1813 dari
1525 1777 1716 1826 possunt
1748 1773 1833 1814 nisi

349 1848 483 1888 quam
515 1849 593 1888 per
624 1836 921 1883 tentationes,
946 1835 1048 1888 quia
1079 1835 1216 1875 homo
1247 1835 1409 1875 in'illis
1442 1841 1614 1888 pugnat
1645 1835 1832 1876 interius

349 1904 508 1938 contra
533 1898 644 1938 salsa
667 1905 712 1938 et
736 1897 856 1938 mala
879 1912 992 1951 quae
1017 1899 1061 1938 in
1084 1897 1277 1938 naturali
1309 1897 1490 1938 homine
1513 1904 1644 1938 sunt:
1677 1898 1830 1947 verbo,

348 1959 486 2000 homo
515 1961 814 2001 introducitur
835 1961 878 2000 in
901 1959 1153 2008 ecclesiam,
1178 1966 1224 2000 et
1256 1959 1305 2000 fit
1338 1960 1542 2008 ecclesia,
1567 1974 1646 2013 per
1677 1965 1830 2001 tenta-

349 2023 509 2062 tiones.
586 2023 713 2063 Haec
750 2028 1092 2076 repraesentata
1127 2022 1304 2063 fuerunt
1341 2036 1419 2076 per
1454 2023 1746 2075 vagationem
1783 2029 1830 2064 et

349 2083 776 2125 circumductionem
795 2085 986 2125 filiorum
1005 2084 1183 2125 Israelis
1205 2085 1249 2125 in
1271 2085 1478 2126 deserto:
1513 2091 1661 2125 status
1683 2084 1829 2126 homi-

349 2148 416 2188 nis
457 2148 687 2197 naturalis,
726 2154 971 2201 antequam
1008 2153 1313 2201 regeneratur,
1355 2153 1722 2201 repraesentatus
1759 2153 1830 2189 est

347 2225 426 2264 per
448 2212 855 2251 commorationem
887 2223 1041 2251 eorum
1072 2211 1114 2250 in
1149 2217 1268 2251 terra
1294 2209 1515 2263 Aegypti,
1540 2223 1644 2251 nam
1669 2214 1694 2231 ‘⁴
1710 2216 1830 2251 terra

348 2272 586 2326 Aegypti''
608 2273 862 2313 naturalem
884 2273 1114 2313 hominem
1132 2285 1232 2313 cum
1255 2271 1512 2313 scientificis
1534 2279 1580 2313 et
1604 2273 1830 2326 cognitio-

348 2335 490 2383 nibus,
525 2349 611 2375 una
643 2349 743 2376 cum
775 2335 1101 2388 cupiditatibus
1133 2340 1179 2376 et
1210 2334 1501 2388 appetitibus,
1531 2348 1645 2388 quae
1675 2335 1720 2375 in
1751 2333 1830 2375 illo

346 2395 563 2444 resident,
587 2396 875 2448 significabat
902 2406 951 2444 (ut
970 2411 1115 2436 constare
1133 2410 1236 2444 potest
1255 2414 1294 2434 ex
1313 2406 1373 2434 illis
1392 2414 1474 2442 quae
1493 2414 1590 2443 supra
1609 2406 1650 2435 de
1668 2406 1829 2444 Aegypto,

346 2474 378 2496 n.
397 2454 492 2507 654,
513 2466 598 2494 <lidia
616 2471 647 2494 et
666 2470 792 2494 ostensa
811 2466 924 2504 suno:
957 2462 1006 2496 at
1030 2461 1179 2496 status
1201 2454 1460 2507 spiritualis,
1484 2455 1558 2507 qui
1583 2460 1654 2494 est
1679 2460 1829 2495 status

346 2519 566 2560 ecclesiae
589 2519 706 2572 apud
739 2519 984 2567 hominem,
1008 2524 1377 2572 repraesentatus
1400 2524 1469 2558 est
1502 2531 1580 2571 per
1601 2518 1831 2559 introduc-

347 2583 518 2623 tionem
546 2581 735 2622 filiorum
770 2582 947 2622 Israelis
979 2583 1023 2622 in
1054 2588 1222 2623 terram
1245 2580 1519 2629 canaanem,
1543 2593 1647 2621 nam
1673 2583 1831 2622 “terra

347 2645 562 2686 Canaan'’
585 2644 823 2685 ecclesiam
855 2658 956 2685 cum
988 2644 1081 2697 ejus
1104 2645 1219 2686 veris
1251 2649 1297 2684 et
1329 2643 1472 2692 bonis,
1497 2657 1584 2684 una
1615 2656 1716 2684 cum
1738 2642 1830 2696 ejus

346 2706 654 2748 affectionibus
677 2713 722 2747 et
745 2707 1118 2759 jucunditatibus,
1142 2720 1255 2760 quae
1277 2707 1321 2746 in
1353 2705 1431 2746 illo
1453 2706 1666 2755 resident,
1690 2706 1829 2758 signi-

346 2769 537 2811 ficabat:
572 2776 619 2810 at
642 2770 902 2810 reformatio
925 2777 970 2811 et
996 2768 1283 2822 regeneratio
1305 2768 1514 2817 hominis,
1538 2774 1782 2821 antequam
1804 2781 1831 2808 a

346 2832 539 2873 naturali
562 2831 611 2872 fit
638 2832 895 2884 spiritualis,
920 2838 965 2873 et
991 2833 1052 2872 sic
1077 2830 1280 2879 ecclesia,
1304 2830 1731 2883 repraesentabatur
1751 2843 1830 2883 per

345 2894 523 2935 illorum
546 2908 717 2934 errores
740 2900 785 2934 et
804 2895 1073 2947 vagationes
1095 2894 1139 2934 in
1158 2893 1340 2933 deserto
1363 2893 1664 2946 quadraginta
1686 2892 1827 2932 annis.

347 2955 480 3010 Quod
497 2957 561 2998 ita
579 2957 651 3006 sit,
671 2962 717 2997 et
735 2951 900 3010 quod*
915 2957 1143 2997 desertum
1156 2955 1175 2970 ’'
1193 2954 1302 2996 illud
1321 2954 1639 3008 significaverit
1658 2960 1828 2995 statum
