2008 3458
560 406 667 441 CAP.
691 408 817 449 xm„
841 408 981 442 VERs.
1010 409 1180 442 10.—N.
1204 401 1298 443 810.
1569 401 1676 444 2261

151 523 154 524 ⁷
174 520 334 564 Verbo
350 520 642 564 confirmatur
655 521 775 576 quod
794 524 820 542 ‘⁴
834 522 1074 576 captivitas
1087 522 1107 538 ’³
1122 522 1345 577 significet
1366 523 1680 578 captivitatem

173 585 466 640 spiritualem,
487 599 602 640 quae
618 591 688 626 est
706 584 900 626 seclusio
923 599 948 626 a
969 587 1085 627 veris
1108 601 1167 628 ex
1187 586 1356 636 Verbo,
1377 586 1512 628 velim
1536 588 1680 640 primo

171 659 457 688 reassumere
483 660 600 700 quae
623 657 670 695 (in
686 657 882 691 artieu10.n.
901 647 1057 699 805[a])
1089 661 1225 701 supra
1247 647 1392 688 allata
1418 654 1541 698 sunt,
1564 662 1680 703 quae

143 724 146 726 ’
171 715 456 762 separatores
473 707 577 750 fidei
599 722 626 749 a
647 709 742 750 vita
762 721 840 761 per
857 709 1095 750 ratiocinia
1113 708 1398 759 confirmant,
1419 716 1465 751 et
1487 711 1549 751 sic
1568 710 1680 752 alios

170 784 200 813 a
234 772 352 813 veris
378 771 644 829 secludunt,
678 785 729 812 ac
769 785 848 825 per
884 772 929 812 id
968 773 1128 814 sistere
1166 773 1414 814 videndum
1451 775 1681 828 quomodo

170 847 279 877 vera
317 842 601 889 pervertunt,
640 849 692 876 ac
733 835 838 876 inde
876 835 1081 877 Verbum
1120 836 1374 884 falsificant.
1435 836 1679 879 Sciendum

170 904 243 940 est
264 898 384 953 quod
411 899 573 940 similia
598 899 687 940 dici
716 905 886 952 queant
914 906 1010 940 tam
1037 900 1095 940 ab
1121 899 1208 940 illis
1235 901 1309 954 qui
1340 901 1384 940 in
1416 901 1532 941 veris
1559 908 1678 951 sunt,

171 959 307 1016 quam
328 962 387 1004 ab
403 962 489 1004 illis
511 963 585 1016 qui
608 975 699 1003 non
722 963 766 1003 in
786 962 904 1003 veris
927 969 1035 1003 sunt
1054 976 1063 1013 ;
1097 963 1141 1004 hi
1163 963 1282 1004 enim
1306 977 1384 1017 per
1401 963 1561 1004 eadem
1581 963 1681 1005 loca

171 1024 314 1068 Verbi
340 1025 610 1068 confirmant
636 1026 972 1079 separationem
998 1025 1101 1067 fidei
1139 1040 1165 1067 a
1202 1026 1333 1067 bonis
1365 1027 1588 1079 operibus,
1617 1027 1679 1068 illi

171 1094 327 1131 autem
347 1102 428 1143 per
444 1089 604 1131 eadem
623 1089 894 1130 confirmant
912 1087 1281 1142 conjunctionem
1299 1089 1403 1130 fidei
1426 1104 1526 1131 curn
1551 1091 1680 1132 bonis

171 1152 406 1207 operibus;
456 1165 560 1194 nam
601 1152 717 1194 binis
755 1153 1131 1197 dissentientibus
1169 1153 1325 1194 similis
1364 1153 1459 1194 dari
1501 1153 1681 1207 loquela

170 1222 340 1270 potest,
369 1216 448 1258 sed
476 1230 616 1270 usque
639 1216 868 1257 dissimilis
893 1217 1152 1270 percepti03
1186 1230 1238 1257 ac
1265 1218 1498 1270 perceptio
1524 1218 1586 1258 rei
1608 1226 1679 1259 est

170 1292 285 1335 quae
305 1279 411 1322 facit
433 1285 483 1321 ut
505 1282 758 1321 verum'aut
780 1279 941 1333 falsum
959 1280 1032 1321 sit.
1094 1279 1262 1321 Audivi
1285 1280 1406 1334 quod
1430 1280 1677 1322 falsitatum

170 1348 399 1384 amatores
417 1341 558 1384 locuti
580 1343 670 1383 sint
690 1356 872 1396 prorsus
891 1342 1097 1384 similiter
1114 1356 1216 1384 cum
1234 1343 1320 1384 illis
1343 1344 1418 1397 qui
1435 1345 1680 1384 veritatum

171 1406 362 1448 studiosi
384 1405 538 1455 locuti,
557 1411 605 1447 et
627 1420 768 1460 usque
791 1419 905 1447 unus
927 1406 1008 1448 fuit
1030 1407 1074 1447 in
1097 1407 1227 1456 veris,
1252 1413 1299 1448 et
1322 1407 1438 1448 alter
1460 1407 1504 1447 in
1527 1407 1649 1448 falsis
1670 1422 1678 1458 ;

172 1481 278 1511 nam
303 1467 381 1510 illa
411 1482 526 1524 quae
551 1469 687 1510 ambo
710 1469 916 1510 similiter
941 1469 1081 1511 locuti
1107 1476 1212 1511 sunt
1243 1470 1521 1511 dissimiliter
1546 1471 1678 1512 intel-

172 1531 400 1582 lexerunt,
416 1538 463 1574 et
481 1532 728 1573 secundum
753 1530 1037 1574 intellectum
1057 1533 1374 1587 explicuerunt
1393 1533 1494 1574 loca
1511 1533 1652 1574 Verbi
1669 1549 1678 1585 ;

172 1607 310 1648 quare
337 1608 451 1644 unus
475 1594 729 1637 falsificavit
756 1595 848 1644 illa,
876 1595 993 1637 alter
1016 1602 1171 1638 autem
1197 1596 1442 1638 verificavit
1474 1596 1575 1637 illa:
1609 1605 1680 1638 est

171 1658 293 1699 enim
317 1671 472 1700 verum
499 1659 619 1712 apud
647 1659 878 1700 hominem
907 1672 998 1700 non
1025 1659 1118 1713 ejus
1141 1659 1362 1714 loquelae,
1388 1660 1467 1700 sed
1490 1666 1560 1701 est
1586 1660 1680 1714 ejus

172 1722 503 1776 perceptionis;
541 1736 656 1776 quae
689 1736 824 1763 causa
856 1729 926 1764 est
958 1723 1080 1777 quod
1116 1723 1179 1764 illi
1212 1724 1286 1778 qui
1318 1723 1677 1776 praedicationes

171 1785 415 1827 instituunt
441 1799 501 1826 ex
525 1785 696 1835 Verbo,
721 1793 973 1839 appareant
996 1787 1112 1828 sicut
1137 1787 1181 1828 in
1207 1787 1323 1828 veris
1345 1788 1449 1836 sint,
1474 1793 1521 1828 at
1543 1787 1678 1828 iidem

171 1861 275 1890 cum
311 1849 672 1902 praedicationes
708 1849 878 1891 faciunt
916 1864 976 1891 ex
1014 1848 1220 1891 doctrina
1255 1850 1312 1890 de
1349 1849 1446 1890 sola
1482 1848 1583 1899 fide,
1619 1850 1676 1891 de

169 1911 499 1965 redemptione,
520 1912 576 1953 de
593 1913 896 1966 imputatione
915 1913 1062 1954 meriti
1082 1913 1280 1962 Domini,
1301 1919 1346 1954 et
1370 1912 1426 1954 de
1444 1913 1675 1962 similibus,

170 1975 216 2017 in
246 1975 369 2018 falsis
400 1977 515 2028 sint;
553 1976 640 2018 hoc
667 1983 820 2030 potest
847 1976 971 2018 mille
997 1977 1223 2030 exemplis
1249 1976 1486 2028 illustrari;
1524 1977 1676 2025 verbo,

170 2039 403 2093 perceptio
427 2038 634 2081 falsificat
660 2053 830 2090 verum,
856 2047 903 2082 et
930 2054 1020 2081 non
1047 2040 1231 2095 loquela
1255 2055 1316 2082 ex
1342 2040 1512 2082 Verbo.
1575 2040 1678 2082 Hoc

170 2116 349 2157 quoque
374 2103 643 2158 intelligitur
669 2117 747 2157 per
773 2105 885 2146 haec
912 2104 1050 2145 verba
1078 2118 1104 2145 a
1130 2104 1343 2153 Domino,

237 2193 370 2226 “Tunc
385 2194 457 2227 duo
474 2200 578 2226 erunt
594 2195 631 2226 in
648 2204 735 2235 agro
750 2204 756 2231 ;
781 2204 872 2226 unus
886 2200 1116 2233 assumetur„
1130 2194 1238 2227 ‚alter
1252 2194 1527 2236 derelinquetur.
1576 2194 1678 2226 Duae

347 2238 542 2271 molentes.
557 2263 564 2271 .
577 2263 586 2271 .
607 2248 614 2277 ;
640 2249 714 2270 una
737 2245 948 2277 assumetur,
970 2238 1083 2270 altera
1103 2238 1400 2280 derelinquetur’'
1421 2238 1564 2278 (Matth.
1585 2239 1679 2270 xxiv.

345 2290 399 2322 40,
417 2283 496 2321 41):

170 2377 251 2418 per
283 2366 420 2407 “esse
450 2366 495 2407 in
527 2366 670 2420 agro'’
702 2365 980 2420 significatur
1011 2379 1111 2408 esse
1143 2366 1264 2407 intra
1294 2365 1562 2417 ecclesiam;
1601 2379 1679 2423 per

173 2427 382 2470 “molere
395 2429 416 2444 ’¹
433 2427 748 2483 1¹¹significatur
766 2443 871 2470 vera
888 2429 1128 2483 explorare
1151 2436 1198 2471 et
1221 2430 1392 2470 discere
1411 2443 1470 2470 ex
1489 2428 1646 2470 Verbo
1663 2444 1672 2480 ;

170 2491 247 2546 qui
263 2505 370 2534 vera
386 2492 598 2547 explorat
621 2500 667 2534 et
694 2493 840 2542 discit,
860 2492 1131 2546 intelligitur
1153 2506 1232 2546 per
1252 2491 1541 2533 “molentem
1565 2506 1678 2546 quae

170 2556 462 2606 assumetur‚'‘
476 2557 549 2610 qui
567 2563 720 2598 autem
739 2555 946 2598 falsificat
959 2570 1067 2597 vera
1084 2556 1354 2610 intelligitur
1369 2569 1447 2609 per
1465 2559 1490 2575 “
1505 2555 1679 2596 molen-

172 2623 267 2660 tem
299 2632 414 2673 quae
450 2619 824 2673 derelinquetur.”
884 2618 962 2660 Ad
1000 2619 1317 2660 illustrandum
1344 2619 1465 2672 quod
1502 2619 1566 2659 ita
1602 2619 1675 2667 sit,

169 2681 306 2723 velim
337 2695 615 2723 reassumere
652 2682 882 2736 quomodo
922 2682 985 2723 illi
1022 2683 1275 2736 percipiunt
1307 2682 1699 2735 propitiationem,

170 2759 251 2800 per
281 2746 548 2800 sanguinem
581 2745 696 2795 Filii,
728 2746 960 2800 quomodo
992 2746 1299 2799 portationem
1331 2745 1619 2798 iniquitatum
1652 2759 1677 2785 a

171 2809 384 2859 Domino,
417 2809 648 2863 quomodo
678 2810 1029 2862 imputationem
1064 2809 1216 2850 meriti
1253 2808 1413 2862 Ipsiu5‚
1447 2808 1677 2862 quomodo

169 2873 556 2922 intercessionem,
580 2873 811 2926 quomodo
834 2873 1198 2926 redemptionem
1222 2878 1268 2913 et
1292 2871 1592 2912 salvationem
1615 2886 1675 2912 ex

170 2936 488 2984 misericordia,
516 2941 563 2976 et
589 2936 818 2990 quomodo
844 2935 1052 2976 fiduciam
1086 2941 1132 2976 et
1164 2934 1502 2983 confidentiam,
1531 2940 1577 2976 et
1608 2936 1670 2976 sic

170 3011 318 3052 porro.
378 2997 514 3052 Quod
546 3000 914 3052 propitiationem
946 3012 1026 3052 per
1050 2999 1318 3052 sanguinem
1345 2998 1446 3039 Filii
1472 2999 1670 3040 attinet:

170 3061 235 3104 nli
255 3062 330 3118 qui
355 3063 399 3103 in
425 3063 540 3104 veris
565 3069 683 3112 sunt,
708 3076 798 3104 non
824 3063 939 3103 sicut
965 3061 1028 3103 illi
1054 3062 1127 3116 qui
1154 3062 1197 3102 in
1223 3061 1344 3103 falsis
1367 3068 1487 3112 sunt,
1513 3061 1569 3103 de
1595 3061 1673 3103 illa
