<?xml version="1.0" encoding="UTF-8"?>
<!DOCTYPE html PUBLIC "-//W3C//DTD XHTML 1.0 Transitional//EN"
    "http://www.w3.org/TR/xhtml1/DTD/xhtml1-transitional.dtd">
<html xmlns="http://www.w3.org/1999/xhtml" xml:lang="en" lang="en">
 <head>
  <title>
</title>
<meta http-equiv="Content-Type" content="text/html;charset=utf-8" />
  <meta name='ocr-system' content='tesseract 3.04.00' />
  <meta name='ocr-capabilities' content='ocr_page ocr_carea ocr_par ocr_line ocrx_word'/>
</head>
<body>
  <div class='ocr_page' id='page_1' title='image "apocalypsisexpli04sweduoft_0565.png"; bbox 0 0 2008 3458; ppageno 0'>
   <div class='ocr_carea' id='block_1_1' title="bbox 0 0 397 455">
    <p class='ocr_par' dir='ltr' id='par_1_1' title="bbox 0 0 397 455">
     <span class='ocr_line' id='line_1_1' title="bbox 0 0 397 455; baseline 0 3003"><span class='ocrx_word' id='word_1_1' title='bbox 0 0 397 455; x_wconf 95' lang='lat' dir='ltr'> </span> 
     </span>
    </p>
   </div>
   <div class='ocr_carea' id='block_1_2' title="bbox 633 364 1742 418">
    <p class='ocr_par' dir='ltr' id='par_1_2' title="bbox 633 364 1742 418">
     <span class='ocr_line' id='line_1_2' title="bbox 633 364 1742 418; baseline 0.003 -15"><span class='ocrx_word' id='word_1_2' title='bbox 633 370 740 404; x_wconf 85' lang='lat' dir='ltr'>CAP.</span> <span class='ocrx_word' id='word_1_3' title='bbox 763 371 880 413; x_wconf 86' lang='lat' dir='ltr'>x1v.,</span> <span class='ocrx_word' id='word_1_4' title='bbox 904 371 1043 406; x_wconf 79' lang='lat' dir='ltr'>VERs.</span> <span class='ocrx_word' id='word_1_5' title='bbox 1072 365 1242 406; x_wconf 83' lang='lat' dir='ltr'>18.—N.</span> <span class='ocrx_word' id='word_1_6' title='bbox 1264 366 1360 418; x_wconf 90' lang='lat'>918.</span> <span class='ocrx_word' id='word_1_7' title='bbox 1632 364 1742 418; x_wconf 89' lang='lat'>2467</span> 
     </span>
    </p>
   </div>
   <div class='ocr_carea' id='block_1_3' title="bbox 65 484 1744 606">
    <p class='ocr_par' dir='ltr' id='par_1_3' title="bbox 65 476 1744 606">
     <span class='ocr_line' id='line_1_3' title="bbox 174 484 1744 542; baseline 0 -12"><span class='ocrx_word' id='word_1_8' title='bbox 174 490 176 493; x_wconf 85' lang='grc'><strong>’</strong></span> <span class='ocrx_word' id='word_1_9' title='bbox 239 484 514 542; x_wconf 67' lang='lat' dir='ltr'>&#39;intelligitur</span> <span class='ocrx_word' id='word_1_10' title='bbox 538 491 584 528; x_wconf 92' lang='lat' dir='ltr'>et</span> <span class='ocrx_word' id='word_1_11' title='bbox 611 486 879 528; x_wconf 85' lang='lat' dir='ltr'>describitur</span> <span class='ocrx_word' id='word_1_12' title='bbox 905 501 984 541; x_wconf 89' lang='lat' dir='ltr'>per</span> <span class='ocrx_word' id='word_1_13' title='bbox 1011 487 1151 530; x_wconf 91' lang='lat' dir='ltr'>“Vae</span> <span class='ocrx_word' id='word_1_14' title='bbox 1179 490 1299 539; x_wconf 89' lang='lat' dir='ltr'>mihi,</span> <span class='ocrx_word' id='word_1_15' title='bbox 1328 487 1470 530; x_wconf 63' lang='lat' dir='ltr'>faetus</span> <span class='ocrx_word' id='word_1_16' title='bbox 1502 502 1599 530; x_wconf 90' lang='lat' dir='ltr'>sum</span> <span class='ocrx_word' id='word_1_17' title='bbox 1629 490 1744 531; x_wconf 91' lang='lat' dir='ltr'>sicut</span> 
     </span>
     <span class='ocr_line' id='line_1_4' title="bbox 65 548 1744 606; baseline 0 -14"><span class='ocrx_word' id='word_1_18' title='bbox 65 563 101 600; x_wconf 53' lang='lat' dir='ltr'>„a</span> <span class='ocrx_word' id='word_1_19' title='bbox 143 557 147 565; x_wconf 93' lang='grc'><strong>“</strong></span> <span class='ocrx_word' id='word_1_20' title='bbox 193 559 195 562; x_wconf 69' lang='grc'><strong>“</strong></span> <span class='ocrx_word' id='word_1_21' title='bbox 246 548 540 595; x_wconf 59' lang='lat' dir='ltr'>collectiones</span> <span class='ocrx_word' id='word_1_22' title='bbox 562 550 764 598; x_wconf 87' lang='lat' dir='ltr'>aestatis,</span> <span class='ocrx_word' id='word_1_23' title='bbox 793 550 907 591; x_wconf 90' lang='lat' dir='ltr'>sicut</span> <span class='ocrx_word' id='word_1_24' title='bbox 933 553 1261 593; x_wconf 88' lang='lat' dir='ltr'>racemationes</span> <span class='ocrx_word' id='word_1_25' title='bbox 1287 553 1540 594; x_wconf 87' lang='lat' dir='ltr'>vindemiae</span> <span class='ocrx_word' id='word_1_26' title='bbox 1558 552 1592 602; x_wconf 87' lang='lat'>;”</span> <span class='ocrx_word' id='word_1_27' title='bbox 1623 552 1744 606; x_wconf 92' lang='lat' dir='ltr'>quod</span> 
     </span>
    </p>
   </div>
   <div class='ocr_carea' id='block_1_4' title="bbox 0 455 244 571">
    <p class='ocr_par' dir='ltr' id='par_1_4' title="bbox 0 455 244 571">
     <span class='ocr_line' id='line_1_5' title="bbox 0 455 244 571; baseline 0 2887"><span class='ocrx_word' id='word_1_28' title='bbox 0 455 244 571; x_wconf 95' lang='lat' dir='ltr'> </span> 
     </span>
    </p>
   </div>
   <div class='ocr_carea' id='block_1_5' title="bbox 245 612 1744 732">
    <p class='ocr_par' dir='ltr' id='par_1_5' title="bbox 245 612 1744 732">
     <span class='ocr_line' id='line_1_6' title="bbox 245 612 1743 669; baseline 0.001 -14"><span class='ocrx_word' id='word_1_29' title='bbox 245 626 339 655; x_wconf 81' lang='lat' dir='ltr'>non</span> <span class='ocrx_word' id='word_1_30' title='bbox 373 612 543 656; x_wconf 89' lang='lat' dir='ltr'>bonum</span> <span class='ocrx_word' id='word_1_31' title='bbox 584 612 829 666; x_wconf 85' lang='lat' dir='ltr'>spirituale,</span> <span class='ocrx_word' id='word_1_32' title='bbox 865 626 946 654; x_wconf 91' lang='lat' dir='ltr'>nec</span> <span class='ocrx_word' id='word_1_33' title='bbox 989 614 1156 655; x_wconf 88' lang='lat' dir='ltr'>bonum</span> <span class='ocrx_word' id='word_1_34' title='bbox 1200 615 1404 656; x_wconf 88' lang='lat' dir='ltr'>naturale</span> <span class='ocrx_word' id='word_1_35' title='bbox 1442 615 1648 669; x_wconf 85' lang='lat' dir='ltr'>amplius,</span> <span class='ocrx_word' id='word_1_36' title='bbox 1683 628 1743 656; x_wconf 84' lang='lat' dir='ltr'>ex</span> 
     </span>
     <span class='ocr_line' id='line_1_7' title="bbox 246 675 1744 732; baseline 0.001 -14"><span class='ocrx_word' id='word_1_37' title='bbox 246 675 407 732; x_wconf 80' lang='lat' dir='ltr'>quibus</span> <span class='ocrx_word' id='word_1_38' title='bbox 445 676 621 718; x_wconf 82' lang='lat' dir='ltr'>colatur</span> <span class='ocrx_word' id='word_1_39' title='bbox 658 675 893 725; x_wconf 83' lang='lat' dir='ltr'>Dominus,</span> <span class='ocrx_word' id='word_1_40' title='bbox 927 677 1204 730; x_wconf 86' lang='lat' dir='ltr'>significatur</span> <span class='ocrx_word' id='word_1_41' title='bbox 1236 692 1315 731; x_wconf 91' lang='lat' dir='ltr'>per</span> <span class='ocrx_word' id='word_1_42' title='bbox 1346 679 1466 732; x_wconf 90' lang='lat' dir='ltr'>quod</span> <span class='ocrx_word' id='word_1_43' title='bbox 1502 681 1629 720; x_wconf 90' lang='lat' dir='ltr'>“non</span> <span class='ocrx_word' id='word_1_44' title='bbox 1662 678 1744 719; x_wconf 94' lang='lat' dir='ltr'>bo-</span> 
     </span>
    </p>
   </div>
   <div class='ocr_carea' id='block_1_6' title="bbox 96 733 1745 792">
    <p class='ocr_par' dir='ltr' id='par_1_6' title="bbox 84 733 1745 804">
     <span class='ocr_line' id='line_1_8' title="bbox 96 733 1745 792; baseline 0 -10"><span class='ocrx_word' id='word_1_45' title='bbox 96 733 153 761; x_wconf 55' lang='lat'>²3</span> <span class='ocrx_word' id='word_1_46' title='bbox 180 752 206 788; x_wconf 56' lang='grc' dir='ltr'><strong>ἢ</strong></span> <span class='ocrx_word' id='word_1_47' title='bbox 247 747 349 782; x_wconf 82' lang='lat' dir='ltr'>trus</span> <span class='ocrx_word' id='word_1_48' title='bbox 374 739 812 788; x_wconf 79' lang='lat' dir='ltr'>acl-comedendum,</span> <span class='ocrx_word' id='word_1_49' title='bbox 847 740 1121 792; x_wconf 87' lang='lat' dir='ltr'>primitivum</span> <span class='ocrx_word' id='word_1_50' title='bbox 1154 741 1382 782; x_wconf 85' lang='lat' dir='ltr'>desiderat</span> <span class='ocrx_word' id='word_1_51' title='bbox 1414 743 1564 782; x_wconf 90' lang='lat' dir='ltr'>anima</span> <span class='ocrx_word' id='word_1_52' title='bbox 1595 755 1695 782; x_wconf 88' lang='lat' dir='ltr'>mea</span> <span class='ocrx_word' id='word_1_53' title='bbox 1712 740 1745 791; x_wconf 92' lang='grc'>;”</span> 
     </span>
    </p>
   </div>
   <div class='ocr_carea' id='block_1_7' title="bbox 243 802 1746 858">
    <p class='ocr_par' dir='ltr' id='par_1_7' title="bbox 243 802 1746 858">
     <span class='ocr_line' id='line_1_9' title="bbox 243 802 1746 858; baseline 0 -14"><span class='ocrx_word' id='word_1_54' title='bbox 243 802 373 858; x_wconf 84' lang='lat' dir='ltr'>quod</span> <span class='ocrx_word' id='word_1_55' title='bbox 403 805 494 844; x_wconf 83' lang='lat' dir='ltr'>non</span> <span class='ocrx_word' id='word_1_56' title='bbox 525 802 717 855; x_wconf 88' lang='lat' dir='ltr'>amplius</span> <span class='ocrx_word' id='word_1_57' title='bbox 743 815 899 842; x_wconf 88' lang='lat' dir='ltr'>verum</span> <span class='ocrx_word' id='word_1_58' title='bbox 931 804 1177 855; x_wconf 83' lang='lat' dir='ltr'>spirituale,</span> <span class='ocrx_word' id='word_1_59' title='bbox 1213 818 1294 845; x_wconf 91' lang='lat' dir='ltr'>nec</span> <span class='ocrx_word' id='word_1_60' title='bbox 1329 805 1547 854; x_wconf 87' lang='lat' dir='ltr'>naturale,</span> <span class='ocrx_word' id='word_1_61' title='bbox 1576 803 1746 858; x_wconf 88' lang='lat' dir='ltr'>signifi·</span> 
     </span>
    </p>
   </div>
   <div class='ocr_carea' id='block_1_8' title="bbox 208 863 1746 920">
    <p class='ocr_par' dir='ltr' id='par_1_8' title="bbox 80 856 1746 925">
     <span class='ocr_line' id='line_1_10' title="bbox 208 863 1746 920; baseline 0.006 -20.232"><span class='ocrx_word' id='word_1_62' title='bbox 208 868 210 870; x_wconf 78' lang='grc'>’</span> <span class='ocrx_word' id='word_1_63' title='bbox 246 870 376 908; x_wconf 86' lang='lat' dir='ltr'>catur</span> <span class='ocrx_word' id='word_1_64' title='bbox 406 877 486 920; x_wconf 88' lang='lat' dir='ltr'>per</span> <span class='ocrx_word' id='word_1_65' title='bbox 512 865 685 907; x_wconf 88' lang='lat' dir='ltr'>“Periit</span> <span class='ocrx_word' id='word_1_66' title='bbox 722 863 919 914; x_wconf 77' lang='lat' dir='ltr'>sanc&#39;tus,</span> <span class='ocrx_word' id='word_1_67' title='bbox 946 873 992 907; x_wconf 91' lang='lat' dir='ltr'>et</span> <span class='ocrx_word' id='word_1_68' title='bbox 1025 865 1173 907; x_wconf 64' lang='lat' dir='ltr'>rectus</span> <span class='ocrx_word' id='word_1_69' title='bbox 1211 868 1327 908; x_wconf 90' lang='lat' dir='ltr'>inter</span> <span class='ocrx_word' id='word_1_70' title='bbox 1359 868 1565 908; x_wconf 86' lang='lat' dir='ltr'>homines</span> <span class='ocrx_word' id='word_1_71' title='bbox 1602 881 1692 908; x_wconf 89' lang='lat' dir='ltr'>non</span> <span class='ocrx_word' id='word_1_72' title='bbox 1713 866 1746 917; x_wconf 92' lang='lat'>;”</span> 
     </span>
    </p>
   </div>
   <div class='ocr_carea' id='block_1_9' title="bbox 245 927 1748 1047">
    <p class='ocr_par' dir='ltr' id='par_1_9' title="bbox 245 927 1748 1047">
     <span class='ocr_line' id='line_1_11' title="bbox 245 927 1748 984; baseline 0.001 -14"><span class='ocrx_word' id='word_1_73' title='bbox 245 928 367 984; x_wconf 80' lang='lat' dir='ltr'>quod</span> <span class='ocrx_word' id='word_1_74' title='bbox 398 942 504 970; x_wconf 89' lang='lat' dir='ltr'>vera</span> <span class='ocrx_word' id='word_1_75' title='bbox 543 935 590 969; x_wconf 88' lang='lat' dir='ltr'>et</span> <span class='ocrx_word' id='word_1_76' title='bbox 623 927 744 970; x_wconf 92' lang='lat' dir='ltr'>bona</span> <span class='ocrx_word' id='word_1_77' title='bbox 775 927 931 977; x_wconf 88' lang='lat' dir='ltr'>Verbi,</span> <span class='ocrx_word' id='word_1_78' title='bbox 966 936 1012 970; x_wconf 93' lang='lat' dir='ltr'>et</span> <span class='ocrx_word' id='word_1_79' title='bbox 1053 930 1158 970; x_wconf 93' lang='lat' dir='ltr'>inde</span> <span class='ocrx_word' id='word_1_80' title='bbox 1190 931 1422 980; x_wconf 88' lang='lat' dir='ltr'>ecclesiae,</span> <span class='ocrx_word' id='word_1_81' title='bbox 1457 931 1748 971; x_wconf 84' lang='lat' dir='ltr'>destruantur</span> 
     </span>
     <span class='ocr_line' id='line_1_12' title="bbox 245 990 1746 1047; baseline 0 -13"><span class='ocrx_word' id='word_1_82' title='bbox 245 1004 326 1047; x_wconf 82' lang='lat' dir='ltr'>per</span> <span class='ocrx_word' id='word_1_83' title='bbox 365 990 478 1033; x_wconf 86' lang='lat' dir='ltr'>falsa</span> <span class='ocrx_word' id='word_1_84' title='bbox 517 997 564 1033; x_wconf 91' lang='lat' dir='ltr'>et</span> <span class='ocrx_word' id='word_1_85' title='bbox 602 991 735 1041; x_wconf 88' lang='lat' dir='ltr'>mala,</span> <span class='ocrx_word' id='word_1_86' title='bbox 774 991 1051 1045; x_wconf 88' lang='lat' dir='ltr'>significatur</span> <span class='ocrx_word' id='word_1_87' title='bbox 1092 1006 1170 1046; x_wconf 89' lang='lat' dir='ltr'>per</span> <span class='ocrx_word' id='word_1_88' title='bbox 1204 992 1414 1034; x_wconf 87' lang='lat' dir='ltr'>“Omnes</span> <span class='ocrx_word' id='word_1_89' title='bbox 1455 994 1746 1047; x_wconf 84' lang='lat' dir='ltr'>sanguinibus</span> 
     </span>
    </p>
   </div>
   <div class='ocr_carea' id='block_1_10' title="bbox 242 1054 1038 1115">
    <p class='ocr_par' dir='ltr' id='par_1_10' title="bbox 74 1038 1038 1115">
     <span class='ocr_line' id='line_1_13' title="bbox 242 1054 1038 1115; baseline -0.001 -18.174"><span class='ocrx_word' id='word_1_90' title='bbox 242 1054 551 1098; x_wconf 43' lang='lat' dir='ltr'>insidiantur?</span> <span class='ocrx_word' id='word_1_91' title='bbox 610 1055 757 1115; x_wconf 52' lang='lat' dir='ltr'>Apud·</span> <span class='ocrx_word' id='word_1_92' title='bbox 775 1055 1038 1105; x_wconf 79' lang='lat' dir='ltr'>Hosclzeam,</span> 
     </span>
    </p>
   </div>
   <div class='ocr_carea' id='block_1_11' title="bbox 0 571 145 1684">
    <p class='ocr_par' dir='ltr' id='par_1_11' title="bbox 0 571 145 1684">
     <span class='ocr_line' id='line_1_14' title="bbox 0 571 145 1684; baseline 0 0"><span class='ocrx_word' id='word_1_93' title='bbox 0 571 145 1684; x_wconf 95' lang='lat' dir='ltr'> </span> 
     </span>
    </p>
   </div>
   <div class='ocr_carea' id='block_1_12' title="bbox 313 1145 1748 1231">
    <p class='ocr_par' dir='ltr' id='par_1_12' title="bbox 313 1145 1748 1231">
     <span class='ocr_line' id='line_1_15' title="bbox 313 1145 1748 1187; baseline -0.001 -8"><span class='ocrx_word' id='word_1_94' title='bbox 313 1145 439 1179; x_wconf 86' lang='lat' dir='ltr'>“Sicut</span> <span class='ocrx_word' id='word_1_95' title='bbox 453 1155 542 1178; x_wconf 87' lang='lat' dir='ltr'>uvas</span> <span class='ocrx_word' id='word_1_96' title='bbox 561 1146 596 1177; x_wconf 89' lang='lat' dir='ltr'>in</span> <span class='ocrx_word' id='word_1_97' title='bbox 618 1146 760 1178; x_wconf 87' lang='lat' dir='ltr'>deserto</span> <span class='ocrx_word' id='word_1_98' title='bbox 777 1146 899 1178; x_wconf 90' lang='lat' dir='ltr'>inveni</span> <span class='ocrx_word' id='word_1_99' title='bbox 915 1145 1096 1184; x_wconf 86' lang='lat' dir='ltr'>Israelem,</span> <span class='ocrx_word' id='word_1_100' title='bbox 1115 1147 1204 1178; x_wconf 89' lang='lat' dir='ltr'>sicut</span> <span class='ocrx_word' id='word_1_101' title='bbox 1221 1146 1438 1187; x_wconf 89' lang='lat' dir='ltr'>primitivum</span> <span class='ocrx_word' id='word_1_102' title='bbox 1457 1147 1492 1178; x_wconf 88' lang='lat' dir='ltr'>in</span> <span class='ocrx_word' id='word_1_103' title='bbox 1511 1146 1576 1178; x_wconf 85' lang='lat' dir='ltr'>ficu</span> <span class='ocrx_word' id='word_1_104' title='bbox 1593 1147 1628 1178; x_wconf 90' lang='lat' dir='ltr'>in</span> <span class='ocrx_word' id='word_1_105' title='bbox 1646 1147 1748 1178; x_wconf 81' lang='lat' dir='ltr'>initio</span> 
     </span>
     <span class='ocr_line' id='line_1_16' title="bbox 421 1189 1084 1231; baseline 0 -8"><span class='ocrx_word' id='word_1_106' title='bbox 421 1189 501 1231; x_wconf 81' lang='lat' dir='ltr'>eJ&#39;us</span> <span class='ocrx_word' id='word_1_107' title='bbox 516 1190 589 1222; x_wconf 85' lang='lat' dir='ltr'>vidi</span> <span class='ocrx_word' id='word_1_108' title='bbox 605 1195 727 1231; x_wconf 85' lang='lat' dir='ltr'>patres</span> <span class='ocrx_word' id='word_1_109' title='bbox 745 1195 886 1222; x_wconf 89' lang='lat' dir='ltr'>vestros</span> <span class='ocrx_word' id='word_1_110' title='bbox 899 1189 918 1202; x_wconf 87' lang='lat'>&#39;’</span> <span class='ocrx_word' id='word_1_111' title='bbox 935 1190 995 1230; x_wconf 83' lang='lat' dir='ltr'>(ix.</span> <span class='ocrx_word' id='word_1_112' title='bbox 1013 1192 1064 1231; x_wconf 93' lang='lat'>10)</span> <span class='ocrx_word' id='word_1_113' title='bbox 1078 1202 1084 1223; x_wconf 90' lang='lat'>:</span> 
     </span>
    </p>
   </div>
   <div class='ocr_carea' id='block_1_13' title="bbox 191 1276 1750 1778">
    <p class='ocr_par' dir='ltr' id='par_1_13' title="bbox 191 1276 1750 1778">
     <span class='ocr_line' id='line_1_17' title="bbox 247 1276 1749 1332; baseline -0.001 -12"><span class='ocrx_word' id='word_1_114' title='bbox 247 1276 362 1325; x_wconf 84' lang='lat' dir='ltr'>haec</span> <span class='ocrx_word' id='word_1_115' title='bbox 393 1277 450 1329; x_wconf 86' lang='lat' dir='ltr'>de</span> <span class='ocrx_word' id='word_1_116' title='bbox 482 1277 691 1320; x_wconf 84' lang='lat' dir='ltr'>Ecclesia</span> <span class='ocrx_word' id='word_1_117' title='bbox 722 1277 943 1332; x_wconf 89' lang='lat' dir='ltr'>Antiqua,</span> <span class='ocrx_word' id='word_1_118' title='bbox 978 1284 1024 1320; x_wconf 91' lang='lat' dir='ltr'>et</span> <span class='ocrx_word' id='word_1_119' title='bbox 1062 1279 1118 1320; x_wconf 89' lang='lat' dir='ltr'>de</span> <span class='ocrx_word' id='word_1_120' title='bbox 1151 1278 1242 1332; x_wconf 89' lang='lat' dir='ltr'>ejus</span> <span class='ocrx_word' id='word_1_121' title='bbox 1274 1279 1626 1330; x_wconf 88' lang='lat' dir='ltr'>instauratione;</span> <span class='ocrx_word' id='word_1_122' title='bbox 1673 1279 1749 1320; x_wconf 90' lang='lat' dir='ltr'>illa</span> 
     </span>
     <span class='ocr_line' id='line_1_18' title="bbox 248 1339 1748 1395; baseline 0 -13"><span class='ocrx_word' id='word_1_123' title='bbox 248 1339 442 1383; x_wconf 86' lang='lat' dir='ltr'>ecclesia</span> <span class='ocrx_word' id='word_1_124' title='bbox 466 1341 538 1383; x_wconf 87' lang='lat' dir='ltr'>hic</span> <span class='ocrx_word' id='word_1_125' title='bbox 565 1341 836 1395; x_wconf 89' lang='lat' dir='ltr'>intelligitur</span> <span class='ocrx_word' id='word_1_126' title='bbox 862 1355 941 1395; x_wconf 91' lang='lat' dir='ltr'>per</span> <span class='ocrx_word' id='word_1_127' title='bbox 966 1342 1262 1390; x_wconf 90' lang='lat' dir='ltr'>“Israelem‚&#39;’</span> <span class='ocrx_word' id='word_1_128' title='bbox 1285 1343 1450 1395; x_wconf 88' lang='lat' dir='ltr'>primus</span> <span class='ocrx_word' id='word_1_129' title='bbox 1477 1342 1569 1395; x_wconf 89' lang='lat' dir='ltr'>ejus</span> <span class='ocrx_word' id='word_1_130' title='bbox 1601 1349 1748 1383; x_wconf 88' lang='lat' dir='ltr'>status</span> 
     </span>
     <span class='ocr_line' id='line_1_19' title="bbox 248 1403 1747 1459; baseline 0 -13"><span class='ocrx_word' id='word_1_131' title='bbox 248 1403 520 1458; x_wconf 87' lang='lat' dir='ltr'>intelligitur</span> <span class='ocrx_word' id='word_1_132' title='bbox 539 1418 618 1459; x_wconf 90' lang='lat' dir='ltr'>per</span> <span class='ocrx_word' id='word_1_133' title='bbox 642 1405 724 1445; x_wconf 90' lang='lat' dir='ltr'>“in</span> <span class='ocrx_word' id='word_1_134' title='bbox 746 1405 929 1446; x_wconf 88' lang='lat' dir='ltr'>deserto</span> <span class='ocrx_word' id='word_1_135' title='bbox 942 1404 961 1420; x_wconf 87' lang='lat'>&#39;’</span> <span class='ocrx_word' id='word_1_136' title='bbox 983 1419 1034 1446; x_wconf 86' lang='lat' dir='ltr'>ac</span> <span class='ocrx_word' id='word_1_137' title='bbox 1057 1406 1139 1446; x_wconf 88' lang='lat' dir='ltr'>“in</span> <span class='ocrx_word' id='word_1_138' title='bbox 1167 1405 1332 1454; x_wconf 84' lang='lat' dir='ltr'>initio,’&#39;</span> <span class='ocrx_word' id='word_1_139' title='bbox 1349 1419 1400 1446; x_wconf 90' lang='lat' dir='ltr'>ac</span> <span class='ocrx_word' id='word_1_140' title='bbox 1427 1405 1594 1446; x_wconf 91' lang='lat' dir='ltr'>bonum</span> <span class='ocrx_word' id='word_1_141' title='bbox 1622 1406 1747 1458; x_wconf 88' lang='lat' dir='ltr'>spiri-</span> 
     </span>
     <span class='ocr_line' id='line_1_20' title="bbox 191 1466 1748 1522; baseline -0.001 -12"><span class='ocrx_word' id='word_1_142' title='bbox 191 1467 197 1478; x_wconf 49' lang='lat' dir='ltr'><em>s</em></span> <span class='ocrx_word' id='word_1_143' title='bbox 243 1466 370 1511; x_wconf 81' lang='lat' dir='ltr'>tuale</span> <span class='ocrx_word' id='word_1_144' title='bbox 392 1467 515 1522; x_wconf 93' lang='lat' dir='ltr'>quod</span> <span class='ocrx_word' id='word_1_145' title='bbox 535 1467 655 1521; x_wconf 89' lang='lat' dir='ltr'>apud</span> <span class='ocrx_word' id='word_1_146' title='bbox 672 1467 774 1508; x_wconf 89' lang='lat' dir='ltr'>illos</span> <span class='ocrx_word' id='word_1_147' title='bbox 794 1481 874 1521; x_wconf 90' lang='lat' dir='ltr'>per</span> <span class='ocrx_word' id='word_1_148' title='bbox 893 1472 1043 1509; x_wconf 90' lang='lat' dir='ltr'>“uvas</span> <span class='ocrx_word' id='word_1_149' title='bbox 1065 1468 1098 1519; x_wconf 88' lang='lat'>;‘’</span> <span class='ocrx_word' id='word_1_150' title='bbox 1125 1483 1175 1509; x_wconf 90' lang='lat' dir='ltr'>ac</span> <span class='ocrx_word' id='word_1_151' title='bbox 1194 1469 1362 1510; x_wconf 90' lang='lat' dir='ltr'>bonum</span> <span class='ocrx_word' id='word_1_152' title='bbox 1387 1469 1490 1509; x_wconf 92' lang='lat' dir='ltr'>inde</span> <span class='ocrx_word' id='word_1_153' title='bbox 1514 1469 1748 1510; x_wconf 89' lang='lat' dir='ltr'>oriundum</span> 
     </span>
     <span class='ocr_line' id='line_1_21' title="bbox 247 1531 1747 1586; baseline -0.001 -12"><span class='ocrx_word' id='word_1_154' title='bbox 247 1531 293 1574; x_wconf 87' lang='lat' dir='ltr'>in</span> <span class='ocrx_word' id='word_1_155' title='bbox 319 1531 512 1574; x_wconf 83' lang='lat' dir='ltr'>naturali</span> <span class='ocrx_word' id='word_1_156' title='bbox 538 1531 720 1573; x_wconf 90' lang='lat' dir='ltr'>homine</span> <span class='ocrx_word' id='word_1_157' title='bbox 747 1545 827 1586; x_wconf 90' lang='lat' dir='ltr'>per</span> <span class='ocrx_word' id='word_1_158' title='bbox 851 1533 1165 1585; x_wconf 90' lang='lat' dir='ltr'>“primitivum</span> <span class='ocrx_word' id='word_1_159' title='bbox 1193 1533 1235 1572; x_wconf 89' lang='lat' dir='ltr'>in</span> <span class='ocrx_word' id='word_1_160' title='bbox 1263 1531 1385 1573; x_wconf 88' lang='lat' dir='ltr'>ficu.&#39;&#39;</span> <span class='ocrx_word' id='word_1_161' title='bbox 1446 1531 1581 1585; x_wconf 78' lang='lat' dir='ltr'>Quod</span> <span class='ocrx_word' id='word_1_162' title='bbox 1603 1533 1747 1573; x_wconf 89' lang='lat' dir='ltr'>homi-</span> 
     </span>
     <span class='ocr_line' id='line_1_22' title="bbox 243 1595 1750 1651; baseline -0.001 -13"><span class='ocrx_word' id='word_1_163' title='bbox 243 1609 333 1646; x_wconf 69' lang='lat' dir='ltr'>nes</span> <span class='ocrx_word' id='word_1_164' title='bbox 349 1595 582 1651; x_wconf 81' lang='lat' dir='ltr'>Antiquae</span> <span class='ocrx_word' id='word_1_165' title='bbox 601 1595 836 1638; x_wconf 86' lang='lat' dir='ltr'>Ecclesiae</span> <span class='ocrx_word' id='word_1_166' title='bbox 853 1596 913 1637; x_wconf 87' lang='lat' dir='ltr'>ibi</span> <span class='ocrx_word' id='word_1_167' title='bbox 931 1610 1010 1649; x_wconf 89' lang='lat' dir='ltr'>per</span> <span class='ocrx_word' id='word_1_168' title='bbox 1030 1596 1283 1636; x_wconf 88' lang='lat' dir='ltr'>“Israelem</span> <span class='ocrx_word' id='word_1_169' title='bbox 1306 1597 1348 1636; x_wconf 91' lang='lat' dir='ltr'>in</span> <span class='ocrx_word' id='word_1_170' title='bbox 1371 1596 1584 1637; x_wconf 86' lang='lat' dir='ltr'>deserto’&#39;</span> <span class='ocrx_word' id='word_1_171' title='bbox 1601 1609 1652 1637; x_wconf 92' lang='lat' dir='ltr'>ac</span> <span class='ocrx_word' id='word_1_172' title='bbox 1671 1610 1750 1650; x_wconf 90' lang='lat' dir='ltr'>per</span> 
     </span>
     <span class='ocr_line' id='line_1_23' title="bbox 254 1659 1748 1714; baseline 0.001 -13"><span class='ocrx_word' id='word_1_173' title='bbox 254 1662 446 1714; x_wconf 83' lang='lat' dir='ltr'>“patres</span> <span class='ocrx_word' id='word_1_174' title='bbox 471 1660 516 1701; x_wconf 88' lang='lat' dir='ltr'>in</span> <span class='ocrx_word' id='word_1_175' title='bbox 542 1659 701 1701; x_wconf 82' lang='lat' dir='ltr'>initio’&#39;</span> <span class='ocrx_word' id='word_1_176' title='bbox 717 1659 1047 1714; x_wconf 88' lang='lat' dir='ltr'>intelligantur,</span> <span class='ocrx_word' id='word_1_177' title='bbox 1073 1667 1118 1701; x_wconf 90' lang='lat' dir='ltr'>et</span> <span class='ocrx_word' id='word_1_178' title='bbox 1147 1674 1236 1701; x_wconf 92' lang='lat' dir='ltr'>non</span> <span class='ocrx_word' id='word_1_179' title='bbox 1264 1659 1339 1700; x_wconf 89' lang='lat' dir='ltr'>filii</span> <span class='ocrx_word' id='word_1_180' title='bbox 1363 1660 1536 1712; x_wconf 90' lang='lat' dir='ltr'>Jacobi,</span> <span class='ocrx_word' id='word_1_181' title='bbox 1565 1668 1748 1702; x_wconf 88' lang='lat' dir='ltr'>constat</span> 
     </span>
     <span class='ocr_line' id='line_1_24' title="bbox 244 1722 761 1778; baseline -0.002 -13"><span class='ocrx_word' id='word_1_182' title='bbox 244 1722 373 1778; x_wconf 58' lang='lat' dir='ltr'>apud*</span> <span class='ocrx_word' id='word_1_183' title='bbox 394 1722 564 1773; x_wconf 84' lang='lat' dir='ltr'>Mosen,</span> <span class='ocrx_word' id='word_1_184' title='bbox 752 1722 761 1725; x_wconf 52' lang='grc'><strong>“</strong></span> 
     </span>
    </p>
   </div>
   <div class='ocr_carea' id='block_1_14' title="bbox 313 1810 1748 1898">
    <p class='ocr_par' dir='ltr' id='par_1_14' title="bbox 313 1810 1748 1898">
     <span class='ocr_line' id='line_1_25' title="bbox 313 1810 1748 1854; baseline -0.001 -8"><span class='ocrx_word' id='word_1_185' title='bbox 313 1811 398 1846; x_wconf 86' lang='lat' dir='ltr'>“De</span> <span class='ocrx_word' id='word_1_186' title='bbox 420 1813 493 1846; x_wconf 85' lang='lat' dir='ltr'>vite</span> <span class='ocrx_word' id='word_1_187' title='bbox 513 1813 691 1846; x_wconf 89' lang='lat' dir='ltr'>Sodomae</span> <span class='ocrx_word' id='word_1_188' title='bbox 712 1814 794 1846; x_wconf 90' lang='lat' dir='ltr'>vitis</span> <span class='ocrx_word' id='word_1_189' title='bbox 818 1823 953 1851; x_wconf 82' lang='lat' dir='ltr'>eorum,</span> <span class='ocrx_word' id='word_1_190' title='bbox 971 1819 1006 1845; x_wconf 91' lang='lat' dir='ltr'>et</span> <span class='ocrx_word' id='word_1_191' title='bbox 1030 1814 1072 1845; x_wconf 92' lang='lat' dir='ltr'>de</span> <span class='ocrx_word' id='word_1_192' title='bbox 1093 1813 1187 1854; x_wconf 83' lang='lat' dir='ltr'>agris</span> <span class='ocrx_word' id='word_1_193' title='bbox 1209 1813 1451 1850; x_wconf 82' lang='lat' dir='ltr'>Gomorrhae;</span> <span class='ocrx_word' id='word_1_194' title='bbox 1476 1823 1566 1845; x_wconf 90' lang='lat' dir='ltr'>uvae</span> <span class='ocrx_word' id='word_1_195' title='bbox 1591 1810 1748 1845; x_wconf 66' lang='lat' dir='ltr'>meorum</span> 
     </span>
     <span class='ocr_line' id='line_1_26' title="bbox 421 1857 1529 1898; baseline 0 -9"><span class='ocrx_word' id='word_1_196' title='bbox 421 1865 514 1889; x_wconf 85' lang='lat' dir='ltr'>uvae</span> <span class='ocrx_word' id='word_1_197' title='bbox 531 1857 634 1896; x_wconf 80' lang='lat' dir='ltr'>fellis,</span> <span class='ocrx_word' id='word_1_198' title='bbox 651 1857 745 1890; x_wconf 86' lang='lat' dir='ltr'>botri</span> <span class='ocrx_word' id='word_1_199' title='bbox 762 1858 1040 1890; x_wconf 87' lang='lat' dir='ltr'>amaritudinum</span> <span class='ocrx_word' id='word_1_200' title='bbox 1059 1858 1128 1889; x_wconf 89' lang='lat' dir='ltr'>illis</span> <span class='ocrx_word' id='word_1_201' title='bbox 1141 1857 1158 1869; x_wconf 84' lang='lat'>&#39;¹</span> <span class='ocrx_word' id='word_1_202' title='bbox 1175 1857 1311 1898; x_wconf 85' lang='lat' dir='ltr'>(Deutr.</span> <span class='ocrx_word' id='word_1_203' title='bbox 1329 1857 1436 1890; x_wconf 86' lang='lat' dir='ltr'>xxxii.</span> <span class='ocrx_word' id='word_1_204' title='bbox 1457 1857 1529 1897; x_wconf 88' lang='lat'>32):</span> 
     </span>
    </p>
   </div>
   <div class='ocr_carea' id='block_1_15' title="bbox 246 1944 1747 2000">
    <p class='ocr_par' dir='ltr' id='par_1_15' title="bbox 246 1944 1747 2000">
     <span class='ocr_line' id='line_1_27' title="bbox 246 1944 1747 2000; baseline -0.001 -12"><span class='ocrx_word' id='word_1_205' title='bbox 246 1944 322 1989; x_wconf 81' lang='lat' dir='ltr'>hic</span> <span class='ocrx_word' id='word_1_206' title='bbox 361 1944 440 1987; x_wconf 86' lang='lat' dir='ltr'>filii</span> <span class='ocrx_word' id='word_1_207' title='bbox 467 1944 639 2000; x_wconf 91' lang='lat' dir='ltr'>Jacobi,</span> <span class='ocrx_word' id='word_1_208' title='bbox 673 1945 829 2000; x_wconf 90' lang='lat' dir='ltr'>quales</span> <span class='ocrx_word' id='word_1_209' title='bbox 869 1946 1046 1987; x_wconf 91' lang='lat' dir='ltr'>fuerunt</span> <span class='ocrx_word' id='word_1_210' title='bbox 1089 1947 1132 1986; x_wconf 91' lang='lat' dir='ltr'>in</span> <span class='ocrx_word' id='word_1_211' title='bbox 1175 1946 1371 1994; x_wconf 88' lang='lat' dir='ltr'>deserto,</span> <span class='ocrx_word' id='word_1_212' title='bbox 1407 1946 1747 1996; x_wconf 88' lang='lat' dir='ltr'>describuntur;</span> 
     </span>
    </p>
   </div>
   <div class='ocr_carea' id='block_1_16' title="bbox 151 1995 1749 2065">
    <p class='ocr_par' dir='ltr' id='par_1_16' title="bbox 151 1995 1749 2065">
     <span class='ocr_line' id='line_1_28' title="bbox 151 1995 1749 2065; baseline -0.001 -13"><span class='ocrx_word' id='word_1_213' title='bbox 151 1995 153 1997; x_wconf 93' lang='lat'>.</span> <span class='ocrx_word' id='word_1_214' title='bbox 188 2023 194 2027; x_wconf 85' lang='lat'><em>·</em></span> <span class='ocrx_word' id='word_1_215' title='bbox 243 2009 372 2065; x_wconf 13' lang='lat' dir='ltr'>equod</span> <span class='ocrx_word' id='word_1_216' title='bbox 397 2009 516 2063; x_wconf 88' lang='lat' dir='ltr'>apud</span> <span class='ocrx_word' id='word_1_217' title='bbox 543 2008 645 2050; x_wconf 88' lang='lat' dir='ltr'>illos</span> <span class='ocrx_word' id='word_1_218' title='bbox 670 2009 828 2063; x_wconf 89' lang='lat' dir='ltr'>religio</span> <span class='ocrx_word' id='word_1_219' title='bbox 853 2010 1080 2050; x_wconf 91' lang='lat' dir='ltr'>infernalis</span> <span class='ocrx_word' id='word_1_220' title='bbox 1107 2010 1251 2059; x_wconf 90' lang='lat' dir='ltr'>fuerit,</span> <span class='ocrx_word' id='word_1_221' title='bbox 1276 2011 1378 2063; x_wconf 89' lang='lat' dir='ltr'>quia</span> <span class='ocrx_word' id='word_1_222' title='bbox 1404 2010 1611 2062; x_wconf 88' lang='lat' dir='ltr'>gentium</span> <span class='ocrx_word' id='word_1_223' title='bbox 1640 2010 1749 2050; x_wconf 90' lang='lat' dir='ltr'>deos</span> 
     </span>
    </p>
   </div>
   <div class='ocr_carea' id='block_1_17' title="bbox 246 2070 1749 2318">
    <p class='ocr_par' dir='ltr' id='par_1_17' title="bbox 246 2070 1749 2318">
     <span class='ocr_line' id='line_1_29' title="bbox 247 2070 1748 2126; baseline -0.002 -11"><span class='ocrx_word' id='word_1_224' title='bbox 247 2079 298 2122; x_wconf 51' lang='lat' dir='ltr'>¹et:</span> <span class='ocrx_word' id='word_1_225' title='bbox 329 2070 452 2115; x_wconf 86' lang='lat' dir='ltr'>idola</span> <span class='ocrx_word' id='word_1_226' title='bbox 483 2072 733 2123; x_wconf 85' lang='lat' dir='ltr'>coluerunt,</span> <span class='ocrx_word' id='word_1_227' title='bbox 767 2072 1044 2126; x_wconf 82' lang='lat' dir='ltr'>significatur</span> <span class='ocrx_word' id='word_1_228' title='bbox 1076 2086 1154 2126; x_wconf 87' lang='lat' dir='ltr'>per</span> <span class='ocrx_word' id='word_1_229' title='bbox 1185 2073 1304 2126; x_wconf 92' lang='lat' dir='ltr'>quod</span> <span class='ocrx_word' id='word_1_230' title='bbox 1340 2073 1480 2113; x_wconf 89' lang='lat' dir='ltr'>“vitis</span> <span class='ocrx_word' id='word_1_231' title='bbox 1523 2071 1748 2113; x_wconf 83' lang='lat' dir='ltr'>Sodomae</span> 
     </span>
     <span class='ocr_line' id='line_1_30' title="bbox 246 2131 1749 2190; baseline -0.001 -12"><span class='ocrx_word' id='word_1_232' title='bbox 246 2131 377 2179; x_wconf 75' lang='lat' dir='ltr'>suerit</span> <span class='ocrx_word' id='word_1_233' title='bbox 397 2136 502 2179; x_wconf 89' lang='lat' dir='ltr'>vitis</span> <span class='ocrx_word' id='word_1_234' title='bbox 525 2149 694 2185; x_wconf 88' lang='lat' dir='ltr'>eorum,</span> <span class='ocrx_word' id='word_1_235' title='bbox 711 2143 757 2178; x_wconf 93' lang='lat' dir='ltr'>et</span> <span class='ocrx_word' id='word_1_236' title='bbox 783 2137 839 2178; x_wconf 89' lang='lat' dir='ltr'>de</span> <span class='ocrx_word' id='word_1_237' title='bbox 866 2138 989 2190; x_wconf 88' lang='lat' dir='ltr'>agris</span> <span class='ocrx_word' id='word_1_238' title='bbox 1017 2137 1296 2178; x_wconf 88' lang='lat' dir='ltr'>Gomorrhae</span> <span class='ocrx_word' id='word_1_239' title='bbox 1314 2135 1348 2187; x_wconf 88' lang='lat'>;”</span> <span class='ocrx_word' id='word_1_240' title='bbox 1373 2136 1494 2190; x_wconf 92' lang='lat' dir='ltr'>quod</span> <span class='ocrx_word' id='word_1_241' title='bbox 1521 2150 1601 2189; x_wconf 89' lang='lat' dir='ltr'>pro</span> <span class='ocrx_word' id='word_1_242' title='bbox 1619 2135 1749 2176; x_wconf 87' lang='lat' dir='ltr'>bonis</span> 
     </span>
     <span class='ocr_line' id='line_1_31' title="bbox 249 2199 1748 2253; baseline -0.002 -11"><span class='ocrx_word' id='word_1_243' title='bbox 249 2199 483 2243; x_wconf 85' lang='lat' dir='ltr'>charitatis</span> <span class='ocrx_word' id='word_1_244' title='bbox 515 2199 606 2240; x_wconf 84' lang='lat' dir='ltr'>illis</span> <span class='ocrx_word' id='word_1_245' title='bbox 643 2200 808 2241; x_wconf 80' lang='lat' dir='ltr'>fuerint</span> <span class='ocrx_word' id='word_1_246' title='bbox 840 2201 957 2249; x_wconf 89' lang='lat' dir='ltr'>odia,</span> <span class='ocrx_word' id='word_1_247' title='bbox 985 2214 1037 2241; x_wconf 89' lang='lat' dir='ltr'>ac</span> <span class='ocrx_word' id='word_1_248' title='bbox 1071 2214 1150 2253; x_wconf 88' lang='lat' dir='ltr'>pro</span> <span class='ocrx_word' id='word_1_249' title='bbox 1178 2200 1293 2240; x_wconf 87' lang='lat' dir='ltr'>veris</span> <span class='ocrx_word' id='word_1_250' title='bbox 1325 2199 1437 2240; x_wconf 87' lang='lat' dir='ltr'>falsa</span> <span class='ocrx_word' id='word_1_251' title='bbox 1467 2199 1570 2240; x_wconf 88' lang='lat' dir='ltr'>inde</span> <span class='ocrx_word' id='word_1_252' title='bbox 1603 2212 1748 2239; x_wconf 89' lang='lat' dir='ltr'>erum·</span> 
     </span>
     <span class='ocr_line' id='line_1_32' title="bbox 249 2262 1749 2318; baseline -0.001 -14"><span class='ocrx_word' id='word_1_253' title='bbox 249 2264 419 2317; x_wconf 88' lang='lat' dir='ltr'>pentia,</span> <span class='ocrx_word' id='word_1_254' title='bbox 437 2262 716 2317; x_wconf 72' lang='lat' dir='ltr'>significatur</span> <span class='ocrx_word' id='word_1_255' title='bbox 737 2277 816 2316; x_wconf 92' lang='lat' dir='ltr'>per</span> <span class='ocrx_word' id='word_1_256' title='bbox 841 2264 962 2318; x_wconf 92' lang='lat' dir='ltr'>quod</span> <span class='ocrx_word' id='word_1_257' title='bbox 985 2268 1135 2304; x_wconf 89' lang='lat' dir='ltr'>“uvae</span> <span class='ocrx_word' id='word_1_258' title='bbox 1163 2276 1317 2304; x_wconf 88' lang='lat' dir='ltr'>eorum</span> <span class='ocrx_word' id='word_1_259' title='bbox 1344 2277 1456 2304; x_wconf 89' lang='lat' dir='ltr'>uvae</span> <span class='ocrx_word' id='word_1_260' title='bbox 1483 2263 1611 2312; x_wconf 86' lang='lat' dir='ltr'>fellis,</span> <span class='ocrx_word' id='word_1_261' title='bbox 1631 2262 1749 2303; x_wconf 88' lang='lat' dir='ltr'>botri</span> 
     </span>
    </p>
   </div>
   <div class='ocr_carea' id='block_1_18' title="bbox 60 2315 1145 2381">
    <p class='ocr_par' dir='ltr' id='par_1_18' title="bbox 60 2315 1145 2381">
     <span class='ocr_line' id='line_1_33' title="bbox 60 2315 1145 2381; baseline -0.003 -11"><span class='ocrx_word' id='word_1_262' title='bbox 60 2315 94 2332; x_wconf 92' lang='grc'><strong>’</strong></span> <span class='ocrx_word' id='word_1_263' title='bbox 126 2324 166 2361; x_wconf 55' lang='lat'>&gt;⁶</span> <span class='ocrx_word' id='word_1_264' title='bbox 220 2326 597 2376; x_wconf 27' lang='lat' dir='ltr'>*amaritudinum</span> <span class='ocrx_word' id='word_1_265' title='bbox 623 2326 748 2367; x_wconf 61' lang='lat' dir='ltr'>inisx’</span> <span class='ocrx_word' id='word_1_266' title='bbox 807 2325 947 2381; x_wconf 87' lang='lat' dir='ltr'>Apud</span> <span class='ocrx_word' id='word_1_267' title='bbox 973 2327 1145 2375; x_wconf 73' lang='lat' dir='ltr'>Mosen,</span> 
     </span>
    </p>
   </div>
   <div class='ocr_carea' id='block_1_19' title="bbox 0 2540 119 3220">
    <p class='ocr_par' dir='ltr' id='par_1_19' title="bbox 0 2540 119 3220">
     <span class='ocr_line' id='line_1_34' title="bbox 0 2540 119 3220; baseline 0 238"><span class='ocrx_word' id='word_1_268' title='bbox 0 2540 119 3220; x_wconf 95' lang='lat' dir='ltr'> </span> 
     </span>
    </p>
   </div>
   <div class='ocr_carea' id='block_1_20' title="bbox 285 2414 1749 2543">
    <p class='ocr_par' dir='ltr' id='par_1_20' title="bbox 285 2414 1749 2543">
     <span class='ocr_line' id='line_1_35' title="bbox 285 2414 1749 2464; baseline -0.001 -17"><span class='ocrx_word' id='word_1_269' title='bbox 285 2443 288 2447; x_wconf 76' lang='grc'><strong><em>.</em></strong></span> <span class='ocrx_word' id='word_1_270' title='bbox 315 2415 542 2464; x_wconf 67' lang='lat' dir='ltr'>“Alligatad</span> <span class='ocrx_word' id='word_1_271' title='bbox 557 2415 667 2448; x_wconf 74' lang='lat' dir='ltr'>vitem</span> <span class='ocrx_word' id='word_1_272' title='bbox 680 2416 834 2448; x_wconf 68' lang='lat' dir='ltr'>asellum</span> <span class='ocrx_word' id='word_1_273' title='bbox 855 2426 970 2454; x_wconf 90' lang='lat' dir='ltr'>suum,</span> <span class='ocrx_word' id='word_1_274' title='bbox 986 2422 1021 2447; x_wconf 84' lang='lat' dir='ltr'>et</span> <span class='ocrx_word' id='word_1_275' title='bbox 1042 2416 1086 2447; x_wconf 90' lang='lat' dir='ltr'>ad</span> <span class='ocrx_word' id='word_1_276' title='bbox 1104 2417 1212 2447; x_wconf 88' lang='lat' dir='ltr'>vitem</span> <span class='ocrx_word' id='word_1_277' title='bbox 1234 2421 1475 2456; x_wconf 89' lang='lat' dir='ltr'>praestantem</span> <span class='ocrx_word' id='word_1_278' title='bbox 1495 2414 1604 2446; x_wconf 87' lang='lat' dir='ltr'>filium</span> <span class='ocrx_word' id='word_1_279' title='bbox 1626 2415 1749 2446; x_wconf 85' lang='lat' dir='ltr'>asinae</span> 
     </span>
     <span class='ocr_line' id='line_1_36' title="bbox 423 2459 1748 2499; baseline -0.002 -8"><span class='ocrx_word' id='word_1_280' title='bbox 423 2469 522 2498; x_wconf 67' lang='lat' dir='ltr'>stne,</span> <span class='ocrx_word' id='word_1_281' title='bbox 546 2459 642 2491; x_wconf 78' lang='lat' dir='ltr'>lavat</span> <span class='ocrx_word' id='word_1_282' title='bbox 667 2460 702 2491; x_wconf 91' lang='lat' dir='ltr'>in</span> <span class='ocrx_word' id='word_1_283' title='bbox 728 2460 814 2491; x_wconf 88' lang='lat' dir='ltr'>vino</span> <span class='ocrx_word' id='word_1_284' title='bbox 837 2461 1093 2492; x_wconf 83' lang='lat' dir='ltr'>vestimentum</span> <span class='ocrx_word' id='word_1_285' title='bbox 1126 2469 1241 2497; x_wconf 85' lang='lat' dir='ltr'>suum,</span> <span class='ocrx_word' id='word_1_286' title='bbox 1266 2465 1300 2491; x_wconf 90' lang='lat' dir='ltr'>et</span> <span class='ocrx_word' id='word_1_287' title='bbox 1333 2459 1368 2490; x_wconf 90' lang='lat' dir='ltr'>in</span> <span class='ocrx_word' id='word_1_288' title='bbox 1397 2459 1571 2499; x_wconf 85' lang='lat' dir='ltr'>sanguine</span> <span class='ocrx_word' id='word_1_289' title='bbox 1599 2468 1748 2490; x_wconf 86' lang='lat' dir='ltr'>uvarum</span> 
     </span>
     <span class='ocr_line' id='line_1_37' title="bbox 425 2503 1048 2543; baseline -0.002 -8"><span class='ocrx_word' id='word_1_290' title='bbox 425 2503 590 2535; x_wconf 79' lang='lat' dir='ltr'>velamen</span> <span class='ocrx_word' id='word_1_291' title='bbox 608 2503 740 2535; x_wconf 86' lang='lat' dir='ltr'>suum”</span> <span class='ocrx_word' id='word_1_292' title='bbox 757 2504 853 2543; x_wconf 86' lang='lat' dir='ltr'>(Gen.</span> <span class='ocrx_word' id='word_1_293' title='bbox 870 2504 954 2535; x_wconf 83' lang='lat' dir='ltr'>xlix.</span> <span class='ocrx_word' id='word_1_294' title='bbox 976 2503 1048 2543; x_wconf 89' lang='lat'>11):</span> 
     </span>
    </p>
   </div>
   <div class='ocr_carea' id='block_1_21' title="bbox 249 2588 1749 2832">
    <p class='ocr_par' dir='ltr' id='par_1_21' title="bbox 249 2588 1749 2832">
     <span class='ocr_line' id='line_1_38' title="bbox 249 2588 1748 2643; baseline -0.003 -10"><span class='ocrx_word' id='word_1_295' title='bbox 249 2589 361 2633; x_wconf 88' lang='lat' dir='ltr'>haec</span> <span class='ocrx_word' id='word_1_296' title='bbox 393 2589 438 2631; x_wconf 88' lang='lat' dir='ltr'>in</span> <span class='ocrx_word' id='word_1_297' title='bbox 469 2589 628 2631; x_wconf 86' lang='lat' dir='ltr'>ultimo</span> <span class='ocrx_word' id='word_1_298' title='bbox 660 2604 869 2632; x_wconf 89' lang='lat' dir='ltr'>sermone</span> <span class='ocrx_word' id='word_1_299' title='bbox 903 2590 1082 2631; x_wconf 90' lang='lat' dir='ltr'>Israelis</span> <span class='ocrx_word' id='word_1_300' title='bbox 1114 2591 1254 2643; x_wconf 88' lang='lat' dir='ltr'>patris</span> <span class='ocrx_word' id='word_1_301' title='bbox 1287 2589 1343 2630; x_wconf 92' lang='lat' dir='ltr'>ad</span> <span class='ocrx_word' id='word_1_302' title='bbox 1375 2588 1489 2630; x_wconf 84' lang='lat' dir='ltr'>filios</span> <span class='ocrx_word' id='word_1_303' title='bbox 1515 2603 1644 2639; x_wconf 82' lang='lat' dir='ltr'>suos3</span> <span class='ocrx_word' id='word_1_304' title='bbox 1677 2589 1748 2630; x_wconf 89' lang='lat' dir='ltr'>hic</span> 
     </span>
     <span class='ocr_line' id='line_1_39' title="bbox 249 2651 1748 2707; baseline -0.002 -12"><span class='ocrx_word' id='word_1_305' title='bbox 249 2653 308 2695; x_wconf 90' lang='lat' dir='ltr'>ad</span> <span class='ocrx_word' id='word_1_306' title='bbox 323 2653 562 2707; x_wconf 90' lang='lat' dir='ltr'>Jehudam,</span> <span class='ocrx_word' id='word_1_307' title='bbox 579 2666 658 2706; x_wconf 90' lang='lat' dir='ltr'>per</span> <span class='ocrx_word' id='word_1_308' title='bbox 683 2667 816 2707; x_wconf 90' lang='lat' dir='ltr'>quem</span> <span class='ocrx_word' id='word_1_309' title='bbox 842 2655 885 2694; x_wconf 91' lang='lat' dir='ltr'>in</span> <span class='ocrx_word' id='word_1_310' title='bbox 912 2667 1045 2694; x_wconf 90' lang='lat' dir='ltr'>sensu</span> <span class='ocrx_word' id='word_1_311' title='bbox 1069 2666 1278 2706; x_wconf 89' lang='lat' dir='ltr'>supremo</span> <span class='ocrx_word' id='word_1_312' title='bbox 1301 2652 1568 2704; x_wconf 88' lang='lat' dir='ltr'>intelligitur</span> <span class='ocrx_word' id='word_1_313' title='bbox 1591 2651 1748 2692; x_wconf 91' lang='lat' dir='ltr'>Domi-</span> 
     </span>
     <span class='ocr_line' id='line_1_40' title="bbox 251 2714 1749 2771; baseline -0.001 -13"><span class='ocrx_word' id='word_1_314' title='bbox 251 2729 335 2758; x_wconf 90' lang='lat' dir='ltr'>nus</span> <span class='ocrx_word' id='word_1_315' title='bbox 360 2716 509 2771; x_wconf 85' lang='lat' dir='ltr'>quoad</span> <span class='ocrx_word' id='word_1_316' title='bbox 535 2716 775 2758; x_wconf 89' lang='lat' dir='ltr'>ecclesiam</span> <span class='ocrx_word' id='word_1_317' title='bbox 802 2717 1045 2757; x_wconf 91' lang='lat' dir='ltr'>caelestem</span> <span class='ocrx_word' id='word_1_318' title='bbox 1080 2723 1126 2756; x_wconf 91' lang='lat' dir='ltr'>et</span> <span class='ocrx_word' id='word_1_319' title='bbox 1158 2715 1307 2768; x_wconf 89' lang='lat' dir='ltr'>quoad</span> <span class='ocrx_word' id='word_1_320' title='bbox 1335 2714 1564 2765; x_wconf 87' lang='lat' dir='ltr'>Verbum;</span> <span class='ocrx_word' id='word_1_321' title='bbox 1597 2721 1643 2756; x_wconf 90' lang='lat' dir='ltr'>et</span> <span class='ocrx_word' id='word_1_322' title='bbox 1669 2729 1749 2768; x_wconf 89' lang='lat' dir='ltr'>per</span> 
     </span>
     <span class='ocr_line' id='line_1_41' title="bbox 255 2777 1748 2832; baseline -0.003 -11"><span class='ocrx_word' id='word_1_323' title='bbox 255 2782 282 2800; x_wconf 85' lang='lat'>‘⁴</span> <span class='ocrx_word' id='word_1_324' title='bbox 297 2779 565 2832; x_wconf 86' lang='lat' dir='ltr'>sanguinem</span> <span class='ocrx_word' id='word_1_325' title='bbox 592 2793 778 2821; x_wconf 89' lang='lat' dir='ltr'>uvarum</span> <span class='ocrx_word' id='word_1_326' title='bbox 792 2779 811 2795; x_wconf 89' lang='lat'><strong>”</strong></span> <span class='ocrx_word' id='word_1_327' title='bbox 837 2778 1115 2832; x_wconf 88' lang='lat' dir='ltr'>significatur</span> <span class='ocrx_word' id='word_1_328' title='bbox 1141 2778 1353 2819; x_wconf 88' lang='lat' dir='ltr'>Divinum</span> <span class='ocrx_word' id='word_1_329' title='bbox 1380 2777 1549 2818; x_wconf 87' lang='lat' dir='ltr'>Verum</span> <span class='ocrx_word' id='word_1_330' title='bbox 1576 2791 1634 2818; x_wconf 88' lang='lat' dir='ltr'>ex</span> <span class='ocrx_word' id='word_1_331' title='bbox 1668 2777 1748 2818; x_wconf 90' lang='lat' dir='ltr'>Di-</span> 
     </span>
    </p>
   </div>
   <div class='ocr_carea' id='block_1_22' title="bbox 251 2839 1749 3006">
    <p class='ocr_par' dir='ltr' id='par_1_22' title="bbox 251 2839 1749 3006">
     <span class='ocr_line' id='line_1_42' title="bbox 251 2839 1747 2896; baseline -0.001 -12"><span class='ocrx_word' id='word_1_332' title='bbox 251 2843 357 2884; x_wconf 85' lang='lat' dir='ltr'>vino</span> <span class='ocrx_word' id='word_1_333' title='bbox 384 2841 513 2884; x_wconf 89' lang='lat' dir='ltr'>Bono</span> <span class='ocrx_word' id='word_1_334' title='bbox 539 2843 698 2896; x_wconf 90' lang='lat' dir='ltr'>Ipsius,</span> <span class='ocrx_word' id='word_1_335' title='bbox 723 2850 769 2884; x_wconf 92' lang='lat' dir='ltr'>et</span> <span class='ocrx_word' id='word_1_336' title='bbox 796 2844 839 2883; x_wconf 92' lang='lat' dir='ltr'>in</span> <span class='ocrx_word' id='word_1_337' title='bbox 866 2856 998 2883; x_wconf 89' lang='lat' dir='ltr'>sensu</span> <span class='ocrx_word' id='word_1_338' title='bbox 1025 2839 1277 2894; x_wconf 69' lang='lat' dir='ltr'>respec&#39;tivo</span> <span class='ocrx_word' id='word_1_339' title='bbox 1303 2841 1470 2881; x_wconf 87' lang='lat' dir='ltr'>bonum</span> <span class='ocrx_word' id='word_1_340' title='bbox 1502 2841 1747 2882; x_wconf 86' lang='lat' dir='ltr'>charitatis.</span> 
     </span>
     <span class='ocr_line' id='line_1_43' title="bbox 253 2906 1748 2946; baseline -0.001 -8"><span class='ocrx_word' id='word_1_341' title='bbox 253 2907 334 2944; x_wconf 85' lang='lat' dir='ltr'>(Sed</span> <span class='ocrx_word' id='word_1_342' title='bbox 354 2907 435 2938; x_wconf 84' lang='lat' dir='ltr'>haec</span> <span class='ocrx_word' id='word_1_343' title='bbox 457 2912 489 2938; x_wconf 84' lang='lat' dir='ltr'>et</span> <span class='ocrx_word' id='word_1_344' title='bbox 510 2908 642 2946; x_wconf 81' lang='lat' dir='ltr'>reliqua,</span> <span class='ocrx_word' id='word_1_345' title='bbox 665 2908 698 2937; x_wconf 85' lang='lat' dir='ltr'>in</span> <span class='ocrx_word' id='word_1_346' title='bbox 726 2908 865 2937; x_wconf 86' lang='lat' dir='ltr'>Arcanis</span> <span class='ocrx_word' id='word_1_347' title='bbox 887 2907 1081 2941; x_wconf 79' lang='lat' dir='ltr'>Caelestibus,</span> <span class='ocrx_word' id='word_1_348' title='bbox 1106 2915 1136 2936; x_wconf 91' lang='lat' dir='ltr'>n.</span> <span class='ocrx_word' id='word_1_349' title='bbox 1159 2907 1352 2944; x_wconf 81' lang='lat'>6375—6379,</span> <span class='ocrx_word' id='word_1_350' title='bbox 1375 2906 1532 2943; x_wconf 85' lang='lat' dir='ltr'>explicata</span> <span class='ocrx_word' id='word_1_351' title='bbox 1554 2906 1748 2945; x_wconf 84' lang='lat' dir='ltr'>videantur.)</span> 
     </span>
     <span class='ocr_line' id='line_1_44' title="bbox 253 2950 1749 3006; baseline -0.002 -12"><span class='ocrx_word' id='word_1_352' title='bbox 253 2951 337 2994; x_wconf 83' lang='lat' dir='ltr'>Per</span> <span class='ocrx_word' id='word_1_353' title='bbox 357 2953 662 3006; x_wconf 87' lang='lat' dir='ltr'>“sanguinem</span> <span class='ocrx_word' id='word_1_354' title='bbox 690 2951 914 3000; x_wconf 90' lang='lat' dir='ltr'>uvarum,’‘</span> <span class='ocrx_word' id='word_1_355' title='bbox 936 2964 1089 2992; x_wconf 88' lang='lat' dir='ltr'>verum</span> <span class='ocrx_word' id='word_1_356' title='bbox 1122 2965 1182 2991; x_wconf 91' lang='lat' dir='ltr'>ex</span> <span class='ocrx_word' id='word_1_357' title='bbox 1209 2951 1329 2991; x_wconf 93' lang='lat' dir='ltr'>bono</span> <span class='ocrx_word' id='word_1_358' title='bbox 1355 2950 1585 3003; x_wconf 90' lang='lat' dir='ltr'>spirituali,</span> <span class='ocrx_word' id='word_1_359' title='bbox 1605 2951 1749 2991; x_wconf 88' lang='lat' dir='ltr'>simile</span> 
     </span>
    </p>
   </div>
   <div class='ocr_carea' id='block_1_23' title="bbox 255 3013 1748 3071">
    <p class='ocr_par' dir='ltr' id='par_1_23' title="bbox 255 3013 1748 3071">
     <span class='ocr_line' id='line_1_45' title="bbox 255 3013 1748 3071; baseline -0.001 -14"><span class='ocrx_word' id='word_1_360' title='bbox 255 3015 376 3070; x_wconf 91' lang='lat' dir='ltr'>quod</span> <span class='ocrx_word' id='word_1_361' title='bbox 417 3029 496 3071; x_wconf 87' lang='lat' dir='ltr'>per</span> <span class='ocrx_word' id='word_1_362' title='bbox 538 3016 770 3066; x_wconf 89' lang='lat' dir='ltr'>“vinum,”</span> <span class='ocrx_word' id='word_1_363' title='bbox 811 3014 1086 3069; x_wconf 87' lang='lat' dir='ltr'>significatur</span> <span class='ocrx_word' id='word_1_364' title='bbox 1126 3015 1263 3055; x_wconf 90' lang='lat' dir='ltr'>etiarn</span> <span class='ocrx_word' id='word_1_365' title='bbox 1303 3013 1456 3056; x_wconf 85' lang='lat' dir='ltr'>Deutr.</span> <span class='ocrx_word' id='word_1_366' title='bbox 1497 3015 1643 3055; x_wconf 88' lang='lat' dir='ltr'>xxxii.</span> <span class='ocrx_word' id='word_1_367' title='bbox 1686 3025 1748 3066; x_wconf 90' lang='lat'>14.</span> 
     </span>
    </p>
   </div>
  </div>
 </body>
</html>
