2008 3458
354 368 464 419 2460
765 377 1092 410 APOCALYPSIS
1125 379 1422 412 EXPLICATA.

350 502 428 540 per
451 488 569 541 quod
595 491 751 529 “terra
774 490 981 530 demessa
1007 490 1103 538 sit,’'
1127 491 1403 543 significatur
1424 493 1542 546 quod
1571 507 1660 535 non
1683 493 1832 536 eccle-

350 552 426 597 sia,
456 565 532 591 seu
559 551 677 604 quod
704 551 779 591 illa
806 553 1046 593 devastata
1069 554 1139 599 sit,
1169 568 1227 593 ex
1254 567 1388 595 causa
1414 556 1516 608 quia
1543 569 1632 597 non
1658 557 1827 598 bonum

349 619 393 652 et
421 613 522 653 inde
549 626 701 653 verum
728 614 932 666 amplius,
963 615 1081 667 quod
1109 615 1385 667 significatur
1411 631 1489 669 per
1518 617 1828 661 “frumentum

349 675 542 714 messis.’'
598 676 772 716 Dicitur
794 676 863 716 hic
888 677 1007 730 quod
1032 681 1094 717 “a
1117 678 1305 719 sedente
1329 693 1460 732 super
1483 680 1599 721 nube
1621 681 1830 723 demessa

348 738 404 777 sit
428 737 587 785 terra,’'
619 738 704 778 sed
720 739 987 791 intelligitur
1009 741 1127 792 quod
1152 741 1208 780 ab
1235 741 1442 791 homine;
1477 749 1524 783 ut
1552 743 1706 784 multis
1731 744 1830 786 aliis

346 799 550 848 in'locis‚
584 801 703 853 quod
741 802 960 842 tribuatur
995 802 1193 843 Domino
1229 804 1503 853 devastatio,
1538 819 1639 846 cum
1672 813 1828 848 tamen

346 863 422 903 illa
448 862 496 903 fit
528 863 584 903 ab
611 863 818 913 homine;
855 864 992 905 homo
1019 866 1137 905 enim
1165 880 1225 906 ex
1253 868 1394 919 prima
1421 881 1499 908 sua
1525 869 1640 918 idea,
1669 883 1828 910 secun·

347 926 451 965 dum
479 939 611 978 quam
639 926 839 966 Verbum
867 933 936 967 est
963 928 1006 967 in
1033 941 1166 968 sensu
1194 929 1388 977 litterae,
1418 944 1506 970 non
1533 931 1657 972 videt
1683 932 1827 974 aliter.

347 986 480 1039 Quod
506 989 731 1041 separatio
763 989 983 1030 bonorum
1015 997 1060 1031 et
1095 991 1328 1040 malorum,
1358 993 1462 1032 dum
1490 994 1690 1035 instabat
1722 994 1828 1036 ulti-

346 1063 465 1090 mum
488 1050 714 1103 judicium,
742 1052 806 1092 ita
836 1050 953 1092 faeta
979 1053 1051 1101 sit,
1081 1061 1291 1094 constare
1322 1062 1476 1107 potest
1509 1069 1567 1096 ex
1599 1055 1686 1096 illis
1713 1070 1827 1110 quae

345 1127 478 1165 supra
514 1114 568 1154 de
606 1114 690 1154 hac
729 1129 774 1154 re
807 1113 926 1155 diota
957 1122 1091 1166 sunt;
1135 1130 1312 1169 nempe,
1346 1119 1465 1171 quod
1498 1119 1603 1159 dum
1635 1119 1739 1160 boni
1771 1119 1829 1160 ab

344 1175 431 1215 illis
458 1178 653 1229 separati
680 1183 798 1226 sunt,
827 1177 891 1217 illi
923 1179 996 1231 qui
1027 1179 1212 1219 interius
1240 1179 1345 1220 rnali
1373 1180 1562 1229 fuerunt,
1590 1181 1669 1222 sed
1695 1187 1827 1223 exte-

344 1239 431 1278 rius
459 1245 702 1291 potuerunt
729 1240 945 1280 moralem
968 1242 1108 1281 vitam
1136 1242 1251 1282 sicut
1276 1241 1581 1283 Christianam
1607 1256 1756 1296 agere,
1779 1250 1827 1286 et

344 1302 425 1341 sibi
466 1302 569 1342 ideo
606 1309 821 1356 tanquam
859 1303 1010 1344 caelos
1047 1305 1090 1344 in
1133 1305 1301 1345 mundo
1339 1307 1573 1358 spirituum
1609 1306 1824 1357 fecerunt,

343 1371 450 1405 tunc
477 1371 611 1418 rupto
637 1365 815 1406 vinculo
841 1379 941 1406 cum
974 1366 1103 1406 bonis
1131 1368 1335 1408 venerint
1364 1369 1407 1407 in
1440 1382 1518 1408 sua
1551 1368 1683 1417 mala,
1712 1383 1826 1423 quae

343 1428 527 1467 interius
550 1428 783 1468 recondita
806 1428 1048 1479 fovebant;
1083 1430 1185 1470 inde
1213 1436 1309 1470 erat
1334 1431 1453 1483 quod
1480 1430 1686 1480 ecclesia,
1711 1445 1826 1485 quae

345 1489 489 1530 solum
526 1491 569 1530 in
608 1492 809 1530 externis
841 1491 1098 1539 constabat,
1133 1493 1250 1544 apud
1287 1492 1389 1533 illos
1427 1494 1667 1534 devastata
1703 1492 1823 1536 fflsit:

343 1566 445 1592 nam
477 1553 596 1606 quod
634 1553 849 1594 moralem
882 1555 1039 1594 vitam>
1062 1555 1176 1595 sicut
1210 1554 1514 1596 Christianam
1546 1557 1590 1597 in
1623 1558 1826 1598 externis

343 1616 572 1667 potuerint
605 1629 753 1668 agere,
787 1616 867 1656 fuit
906 1617 1034 1657 unice
1073 1631 1131 1657 ex
1165 1616 1480 1669 conjun6³tione
1512 1618 1691 1660 illorum
1724 1633 1826 1674 clun

340 1678 483 1725 bonis,
508 1685 554 1719 et
582 1693 640 1718 ex
664 1679 921 1719 occlusione
943 1680 1204 1720 interiorum
1228 1695 1341 1734 quae
1364 1681 1613 1722 voluntatis
1635 1683 1820 1723 interea.

343 1739 431 1781 Sed
461 1741 516 1781 de
549 1741 633 1782 hac
660 1756 707 1782 re
733 1742 972 1782 videantur
998 1756 1110 1795 quae
1137 1743 1180 1782 in
1208 1743 1424 1796 opusculo
1449 1743 1516 1783 De
1547 1744 1708 1785 Ultimo
1732 1745 1822 1794 Ju-

341 1803 450 1843 dz'cz'o
474 1803 593 1844 dieta
616 1811 733 1852 sunt,
759 1811 855 1845 tum
878 1819 991 1858 quae
1019 1819 1150 1858 supra
1173 1805 1392 1858 aliquibus
1419 1807 1462 1846 in
1489 1806 1613 1855 locis,
1638 1813 1684 1848 et
1707 1821 1822 1861 quae

341 1866 451 1906 infra
482 1867 525 1906 in
558 1866 827 1920 Appendice
859 1868 902 1907 in
935 1868 1083 1920 specie
1116 1868 1346 1919 dicentur3
1385 1882 1488 1909 nam
1520 1869 1632 1910 haec
1664 1869 1748 1910 nisi
1778 1870 1822 1910 in

341 1942 419 1969 sua
459 1930 572 1970 serie
613 1931 825 1982 exposita
865 1930 1041 1979 fuerint,
1086 1944 1175 1971 non
1217 1937 1407 1984 possunt
1452 1932 1496 1971 in
1538 1929 1820 1973 intellefitum

340 1991 514 2040 cadere,
544 1993 626 2031 nisi
653 1992 854 2033 obscure.

945 2180 1080 2204 VERSUS
1105 2180 1220 2213 17—19.

417 2256 546 2299 913·
583 2260 643 2286 “ft
656 2261 732 2287 alius
747 2262 866 2292 anqelus
881 2261 972 2286 oxion
991 2267 1007 2286 e
1025 2262 1130 2291 templo
1146 2261 1220 2292 quod
1234 2261 1262 2287 ln
1281 2262 1368 2292 caelo,
1386 2261 1495 2287 habens
1514 2262 1544 2287 et
1562 2261 1611 2288 Ille
1623 2260 1732 2294 falcem
1750 2268 1822 2288 aw-

337 2301 406 2327 tam.
444 2300 479 2326 ft
496 2301 573 2326 allus
591 2302 710 2332 anyelus
728 2301 819 2326 exluit
839 2307 875 2326 ex
893 2300 990 2330 altari,
1012 2300 1120 2325 habens
1139 2302 1313 2331 potestatem
1331 2308 1420 2332 super
1437 2301 1538 2333 Ignem,
1559 2302 1590 2327 et
1607 2301 1744 2327 clamavit
1761 2302 1823 2328 cla-

337 2345 415 2364 more
431 2345 532 2370 maqno
547 2338 664 2364 habenti
676 2338 784 2370 falcem
800 2340 922 2368 acutam,
939 2338 1046 2368 atcens,
1063 2338 1144 2364 Mitte
1163 2340 1242 2363 tuam
1255 2338 1364 2370 falcem
1379 2340 1503 2369 acutam,
1520 2339 1550 2364 et
1566 2338 1708 2365 vindemio:
1723 2339 1822 2366 botros

338 2376 436 2401 vineae
454 2378 560 2406 terrae,
581 2376 647 2408 qula
667 2377 867 2402 maturuerunt
885 2382 957 2401 uvae
976 2377 1048 2407 eJ'us.
1087 2376 1121 2401 ft
1141 2376 1222 2401 misit
1242 2377 1361 2407 anqelus
1377 2375 1486 2408 falcem
1507 2383 1590 2402 suam
1608 2376 1638 2402 1‘n
1655 2378 1774 2408 terram,
1791 2378 1823 2403 et

337 2414 520 2440 vindemiavit
535 2414 644 2440 vineam
660 2416 766 2444 terrae,
784 2415 814 2439 et
828 2414 952 2446 conjecit
966 2414 995 2439 Ιη
1011 2415 1138 2439 torcular
1153 2414 1215 2439 irae
1231 2414 1281 2440 Dei
1296 2414 1461 2446 magnumst

360 2499 409 2532 17.
443 2491 505 2525 “ft
517 2491 606 2525 alius
622 2487 766 2534 angelus
783 2491 888 2525 exirit
899 2501 917 2524 e
930 2493 1053 2534 templo
1066 2491 1156 2535 quod
1169 2491 1201 2525 Ιη
1219 2493 1323 2529 caelo,
1337 2491 1466 2526 habens
1482 2495 1518 2526 ei
1531 2492 1589 2526 ΙΙΙο
1605 2493 1727 2527 falcem
1742 2503 1822 2528 acu·

511 2537 607 2573 iam,''
631 2535 791 2576 significat
818 2537 1116 2578 manifi’stationem
1144 2547 1165 2567 a
1192 2537 1340 2567 Domino
1366 2538 1406 2567 de
1431 2538 1656 2569 devastatione
1677 2539 1823 2570 ecclesiae

509 2581 622 2622 quoad
633 2581 806 2611 Divinum
830 2581 960 2618 Verum,
973 2581 1070 2622 quale
1085 2585 1130 2611 est
1143 2581 1180 2611 z'n
1197 2581 1292 2617 caelo,
1295 2585 1371 2622 post
1384 2582 1642 2622 explorationem
1658 2582 1709 2625 [n.
1723 2582 1819 2626 914].

359 2649 409 2683 18.
445 2649 507 2683 “Et
526 2649 616 2683 allus
638 2650 782 2693 angelus
807 2649 911 2683 exirit
933 2659 974 2683 ex
990 2649 1120 2687 altaris
1136 2649 1296 2691 signifieat
1320 2651 1620 2692 manifistationem
1636 2662 1658 2682 a
1673 2651 1822 2683 Domino

508 2695 548 2725 de
569 2694 790 2725 devastatione
812 2695 958 2725 ecclesiae
980 2695 1092 2744 quoad
1110 2694 1230 2726 bonum
1254 2695 1379 2725 amoris
1401 2699 1431 2725 et
1453 2695 1628 2726 charitatis
1646 2695 1695 2738 [n.
1715 2694 1818 2738 915];

510 2737 659 2771 “habens
672 2740 879 2780 potestatem
895 2747 1002 2780 super·
1017 2737 1146 2780 [queml
1147 2737 1329 2779 'significat
1345 2739 1393 2769 ita
1409 2739 1521 2780 quoad
1539 2749 1684 2770 amorem
1707 2739 1820 2771 caeles-

508 2787 570 2813 tem
590 2787 621 2812 et
635 2783 842 2822 spiritualem
866 2782 915 2824 [n.
935 2781 1039 2824 916];
1073 2784 1130 2815 “et
1146 2783 1307 2815 clamarit
1323 2784 1472 2815 clamore
1491 2783 1631 2825 mayn&
1632 2782 1819 2823 'significat

508 2827 802 2857 annunlzatumem
807 2831 883 2867 post
893 2826 1148 2867 exploralzonem
1163 2837 1219 2857 seu
1231 2827 1453 2857 visi'tarzonem
1473 2826 1642 2876 [11.917],
1669 2826 1817 2863 “dic-*enm

508 2868 602 2902 Mitte
618 2872 711 2902 tuam
730 2871 850 2902 falcem
866 2872 1012 2906 acutam,
1032 2872 1067 2902 et
1084 2869 1247 2902 vindemia
1267 2869 1381 2902 botros
1402 2872 1527 2907 terrae
1544 2869 1623 2913 quia
1639 2872 1816 2903 maturue-

509 2916 591 2947 runt
606 2923 693 2947 uvae
709 2913 803 2956 esusss
804 2913 986 2954 'significat
1001 2915 1091 2955 quod
1103 2915 1243 2945 collec‘lzo
1258 2919 1289 2944 et
1308 2915 1471 2965 separatio
1493 2914 1652 2945 bonorum
1675 2925 1696 2945 a
1720 2914 1819 2946 malis

496 2958 572 3000 fiet,
588 2959 668 2999 quia
685 2969 752 2989 non
769 2959 912 2999 amplzus
926 2962 1007 2989 sunt
1020 2969 1099 2988 vera
1110 2958 1208 3000 fidet,
1224 2969 1264 2989 ex
1280 2969 1378 2989 causa
1395 2969 1475 2999 quta
1494 2968 1562 2989 non
1578 2958 1700 2989 bonum
1717 2958 1817 2999 spiri·

507 3003 608 3040 tuale,
624 3004 713 3044 quod
724 3006 770 3033 est
783 3002 931 3033 charitas
949 3002 998 3045 [n.
1017 3000 1115 3044 918].
