<?xml version="1.0" encoding="UTF-8"?>
<!DOCTYPE html PUBLIC "-//W3C//DTD XHTML 1.0 Transitional//EN"
    "http://www.w3.org/TR/xhtml1/DTD/xhtml1-transitional.dtd">
<html xmlns="http://www.w3.org/1999/xhtml" xml:lang="en" lang="en">
 <head>
  <title>
</title>
<meta http-equiv="Content-Type" content="text/html;charset=utf-8" />
  <meta name='ocr-system' content='tesseract 3.04.00' />
  <meta name='ocr-capabilities' content='ocr_page ocr_carea ocr_par ocr_line ocrx_word'/>
</head>
<body>
  <div class='ocr_page' id='page_1' title='image "apocalypsisexpli04sweduoft_0168.png"; bbox 0 0 2054 3464; ppageno 0'>
   <div class='ocr_carea' id='block_1_1' title="bbox 413 369 1478 413">
    <p class='ocr_par' dir='ltr' id='par_1_1' title="bbox 413 369 1478 413">
     <span class='ocr_line' id='line_1_1' title="bbox 413 369 1478 413; baseline 0.003 -13"><span class='ocrx_word' id='word_1_1' title='bbox 413 370 523 413; x_wconf 91' lang='lat'>2070</span> <span class='ocrx_word' id='word_1_2' title='bbox 823 369 1151 403; x_wconf 75' lang='lat' dir='ltr'>APOCALYPSIS</span> <span class='ocrx_word' id='word_1_3' title='bbox 1182 371 1478 403; x_wconf 87' lang='lat' dir='ltr'>EXPLICATA.</span> 
     </span>
    </p>
   </div>
   <div class='ocr_carea' id='block_1_2' title="bbox 410 481 1893 805">
    <p class='ocr_par' dir='ltr' id='par_1_2' title="bbox 410 481 1893 787">
     <span class='ocr_line' id='line_1_2' title="bbox 412 481 1890 535; baseline 0.003 -13"><span class='ocrx_word' id='word_1_4' title='bbox 412 488 565 534; x_wconf 88' lang='lat' dir='ltr'><strong>potest</strong></span> <span class='ocrx_word' id='word_1_5' title='bbox 606 496 664 522; x_wconf 85' lang='lat' dir='ltr'><strong>ex</strong></span> <span class='ocrx_word' id='word_1_6' title='bbox 706 481 904 534; x_wconf 90' lang='lat' dir='ltr'><strong>pluribus</strong></span> <span class='ocrx_word' id='word_1_7' title='bbox 936 497 1048 535; x_wconf 89' lang='lat' dir='ltr'><strong>quae</strong></span> <span class='ocrx_word' id='word_1_8' title='bbox 1080 483 1135 524; x_wconf 90' lang='lat' dir='ltr'><strong>de</strong></span> <span class='ocrx_word' id='word_1_9' title='bbox 1171 483 1424 525; x_wconf 88' lang='lat' dir='ltr'><strong>hominibus</strong></span> <span class='ocrx_word' id='word_1_10' title='bbox 1455 484 1569 525; x_wconf 89' lang='lat' dir='ltr'><strong>illius</strong></span> <span class='ocrx_word' id='word_1_11' title='bbox 1601 485 1817 527; x_wconf 83' lang='lat' dir='ltr'><strong>ecclesiae</strong></span> <span class='ocrx_word' id='word_1_12' title='bbox 1847 485 1890 528; x_wconf 87' lang='lat' dir='ltr'><strong>in</strong></span> 
     </span>
     <span class='ocr_line' id='line_1_3' title="bbox 410 543 1892 602; baseline 0.004 -19"><span class='ocrx_word' id='word_1_13' title='bbox 410 544 606 584; x_wconf 82' lang='lat' dir='ltr'><strong>Arcanz&#39;s</strong></span> <span class='ocrx_word' id='word_1_14' title='bbox 642 543 916 585; x_wconf 70' lang='lat' dir='ltr'><strong>caelestibus</strong></span> <span class='ocrx_word' id='word_1_15' title='bbox 948 545 1090 585; x_wconf 87' lang='lat' dir='ltr'><strong>relata</strong></span> <span class='ocrx_word' id='word_1_16' title='bbox 1120 552 1236 587; x_wconf 91' lang='lat' dir='ltr'><strong>sunt.</strong></span> <span class='ocrx_word' id='word_1_17' title='bbox 1297 546 1363 587; x_wconf 92' lang='lat' dir='ltr'><strong>At</strong></span> <span class='ocrx_word' id='word_1_18' title='bbox 1400 548 1630 588; x_wconf 89' lang='lat' dir='ltr'><strong>sciendum</strong></span> <span class='ocrx_word' id='word_1_19' title='bbox 1667 555 1736 588; x_wconf 89' lang='lat' dir='ltr'><strong>est</strong></span> <span class='ocrx_word' id='word_1_20' title='bbox 1772 548 1892 602; x_wconf 91' lang='lat' dir='ltr'><strong>quod</strong></span> 
     </span>
     <span class='ocr_line' id='line_1_4' title="bbox 411 606 1893 679; baseline 0.005 -35"><span class='ocrx_word' id='word_1_21' title='bbox 411 619 628 659; x_wconf 83' lang='lat' dir='ltr'>nusquam</span> <span class='ocrx_word' id='word_1_22' title='bbox 669 606 755 646; x_wconf 90' lang='lat' dir='ltr'><strong>illis</strong></span> <span class='ocrx_word' id='word_1_23' title='bbox 794 607 985 647; x_wconf 88' lang='lat' dir='ltr'><strong>vetitum</strong></span> <span class='ocrx_word' id='word_1_24' title='bbox 1026 607 1154 648; x_wconf 88' lang='lat' dir='ltr'><strong>fuerit</strong></span> <span class='ocrx_word' id='word_1_25' title='bbox 1192 621 1448 679; x_wconf 87' lang='lat' dir='ltr'><strong>comparare</strong></span> <span class='ocrx_word' id='word_1_26' title='bbox 1490 610 1571 649; x_wconf 85' lang='lat' dir='ltr'>sibi</span> <span class='ocrx_word' id='word_1_27' title='bbox 1612 610 1893 662; x_wconf 84' lang='lat' dir='ltr'><strong>cognitiones</strong></span> 
     </span>
     <span class='ocr_line' id='line_1_5' title="bbox 410 668 1892 723; baseline 0.004 -16"><span class='ocrx_word' id='word_1_28' title='bbox 410 668 515 708; x_wconf 91' lang='lat' dir='ltr'><strong>boni</strong></span> <span class='ocrx_word' id='word_1_29' title='bbox 548 674 593 708; x_wconf 91' lang='lat' dir='ltr'><strong>et</strong></span> <span class='ocrx_word' id='word_1_30' title='bbox 627 668 731 708; x_wconf 89' lang='lat' dir='ltr'><strong>mali</strong></span> <span class='ocrx_word' id='word_1_31' title='bbox 763 682 786 708; x_wconf 89' lang='lat' dir='ltr'><strong>e</strong></span> <span class='ocrx_word' id='word_1_32' title='bbox 824 668 964 717; x_wconf 84' lang='lat' dir='ltr'><strong>caelo,</strong></span> <span class='ocrx_word' id='word_1_33' title='bbox 999 682 1076 721; x_wconf 91' lang='lat' dir='ltr'><strong>per</strong></span> <span class='ocrx_word' id='word_1_34' title='bbox 1106 669 1205 710; x_wconf 87' lang='lat' dir='ltr'><strong>illas</strong></span> <span class='ocrx_word' id='word_1_35' title='bbox 1237 671 1354 710; x_wconf 91' lang='lat' dir='ltr'><strong>enim</strong></span> <span class='ocrx_word' id='word_1_36' title='bbox 1387 671 1699 723; x_wconf 84' lang='lat' dir='ltr'><strong>perficiebatur</strong></span> <span class='ocrx_word' id='word_1_37' title='bbox 1729 671 1892 713; x_wconf 89' lang='lat' dir='ltr'><strong>intelli-</strong></span> 
     </span>
     <span class='ocr_line' id='line_1_6' title="bbox 410 731 1892 805; baseline 0.003 -35.003"><span class='ocrx_word' id='word_1_38' title='bbox 410 731 565 782; x_wconf 87' lang='lat' dir='ltr'><strong>gentia</strong></span> <span class='ocrx_word' id='word_1_39' title='bbox 601 737 646 770; x_wconf 87' lang='lat' dir='ltr'><strong>et</strong></span> <span class='ocrx_word' id='word_1_40' title='bbox 684 732 903 783; x_wconf 85' lang='lat' dir='ltr'><strong>sapientia</strong></span> <span class='ocrx_word' id='word_1_41' title='bbox 939 731 1140 772; x_wconf 91' lang='lat' dir='ltr'><strong>illorum:</strong></span> <span class='ocrx_word' id='word_1_42' title='bbox 1181 746 1262 773; x_wconf 91' lang='lat' dir='ltr'><strong>nec</strong></span> <span class='ocrx_word' id='word_1_43' title='bbox 1294 734 1484 774; x_wconf 86' lang='lat' dir='ltr'><strong>vetitum</strong></span> <span class='ocrx_word' id='word_1_44' title='bbox 1517 734 1596 774; x_wconf 89' lang='lat' dir='ltr'><strong>fuit</strong></span> <span class='ocrx_word' id='word_1_45' title='bbox 1633 747 1892 805; x_wconf 85' lang='lat' dir='ltr'><strong>comparare</strong></span> 
     </span>
    </p>
   </div>
   <div class='ocr_carea' id='block_1_3' title="bbox 409 786 1940 845">
    <p class='ocr_par' dir='ltr' id='par_1_3' title="bbox 409 786 1940 845">
     <span class='ocr_line' id='line_1_7' title="bbox 409 786 1940 845; baseline 0.003 -13"><span class='ocrx_word' id='word_1_46' title='bbox 409 793 490 833; x_wconf 90' lang='lat' dir='ltr'><strong>sibi</strong></span> <span class='ocrx_word' id='word_1_47' title='bbox 516 794 799 845; x_wconf 83' lang='lat' dir='ltr'>cognitiones</span> <span class='ocrx_word' id='word_1_48' title='bbox 825 793 930 833; x_wconf 88' lang='lat' dir='ltr'><strong>bon&#39;i</strong></span> <span class='ocrx_word' id='word_1_49' title='bbox 956 800 1002 834; x_wconf 89' lang='lat' dir='ltr'><strong>et</strong></span> <span class='ocrx_word' id='word_1_50' title='bbox 1034 794 1138 834; x_wconf 86' lang='lat' dir='ltr'><strong>mali</strong></span> <span class='ocrx_word' id='word_1_51' title='bbox 1169 809 1192 835; x_wconf 94' lang='lat' dir='ltr'><strong>e</strong></span> <span class='ocrx_word' id='word_1_52' title='bbox 1225 795 1405 843; x_wconf 89' lang='lat' dir='ltr'><strong>mundo,</strong></span> <span class='ocrx_word' id='word_1_53' title='bbox 1434 796 1535 836; x_wconf 87' lang='lat' dir='ltr'><strong>inde</strong></span> <span class='ocrx_word' id='word_1_54' title='bbox 1562 797 1679 836; x_wconf 89' lang='lat' dir='ltr'><strong>enim</strong></span> <span class='ocrx_word' id='word_1_55' title='bbox 1706 786 1893 838; x_wconf 83' lang='lat' dir='ltr'><strong>scientia</strong></span> <span class='ocrx_word' id='word_1_56' title='bbox 1937 822 1940 823; x_wconf 31' lang='grc' dir='ltr'><em>ν</em></span> 
     </span>
    </p>
   </div>
   <div class='ocr_carea' id='block_1_4' title="bbox 347 855 1891 3031">
    <p class='ocr_par' dir='ltr' id='par_1_4' title="bbox 347 855 1891 3031">
     <span class='ocr_line' id='line_1_8' title="bbox 409 855 1891 910; baseline 0.003 -16"><span class='ocrx_word' id='word_1_57' title='bbox 409 855 599 895; x_wconf 85' lang='lat' dir='ltr'><strong>naturali</strong></span> <span class='ocrx_word' id='word_1_58' title='bbox 631 868 784 895; x_wconf 89' lang='lat' dir='ltr'><strong>eorum</strong></span> <span class='ocrx_word' id='word_1_59' title='bbox 816 855 1010 906; x_wconf 90' lang='lat' dir='ltr'><strong>homini;</strong></span> <span class='ocrx_word' id='word_1_60' title='bbox 1050 857 1129 896; x_wconf 85' lang='lat' dir='ltr'><strong>sed</strong></span> <span class='ocrx_word' id='word_1_61' title='bbox 1161 858 1352 897; x_wconf 88' lang='lat' dir='ltr'><strong>vetitum</strong></span> <span class='ocrx_word' id='word_1_62' title='bbox 1385 858 1463 898; x_wconf 88' lang='lat' dir='ltr'><strong>fuit</strong></span> <span class='ocrx_word' id='word_1_63' title='bbox 1496 858 1576 898; x_wconf 89' lang='lat' dir='ltr'><strong>has</strong></span> <span class='ocrx_word' id='word_1_64' title='bbox 1608 858 1891 910; x_wconf 86' lang='lat' dir='ltr'><strong>cognitiones</strong></span> 
     </span>
     <span class='ocr_line' id='line_1_9' title="bbox 408 918 1887 971; baseline 0.003 -15"><span class='ocrx_word' id='word_1_65' title='bbox 408 918 568 957; x_wconf 88' lang='lat' dir='ltr'><strong>intueri</strong></span> <span class='ocrx_word' id='word_1_66' title='bbox 600 918 670 957; x_wconf 88' lang='lat' dir='ltr'><strong>via</strong></span> <span class='ocrx_word' id='word_1_67' title='bbox 706 918 967 969; x_wconf 90' lang='lat' dir='ltr'><strong>posteriore,</strong></span> <span class='ocrx_word' id='word_1_68' title='bbox 1002 919 1104 971; x_wconf 88' lang='lat' dir='ltr'><strong>quia</strong></span> <span class='ocrx_word' id='word_1_69' title='bbox 1135 919 1291 959; x_wconf 88' lang='lat' dir='ltr'><strong>datum</strong></span> <span class='ocrx_word' id='word_1_70' title='bbox 1323 926 1392 959; x_wconf 90' lang='lat' dir='ltr'><strong>est</strong></span> <span class='ocrx_word' id='word_1_71' title='bbox 1425 919 1510 959; x_wconf 88' lang='lat' dir='ltr'><strong>illis</strong></span> <span class='ocrx_word' id='word_1_72' title='bbox 1542 920 1692 960; x_wconf 86' lang='lat' dir='ltr'><strong>videre</strong></span> <span class='ocrx_word' id='word_1_73' title='bbox 1725 921 1887 969; x_wconf 86' lang='lat' dir='ltr'><strong>omnia,</strong></span> 
     </span>
     <span class='ocr_line' id='line_1_10' title="bbox 409 981 1889 1036; baseline 0.003 -17"><span class='ocrx_word' id='word_1_74' title='bbox 409 994 521 1033; x_wconf 89' lang='lat' dir='ltr'><strong>quae</strong></span> <span class='ocrx_word' id='word_1_75' title='bbox 554 981 597 1020; x_wconf 90' lang='lat' dir='ltr'><strong>in</strong></span> <span class='ocrx_word' id='word_1_76' title='bbox 625 981 792 1021; x_wconf 90' lang='lat' dir='ltr'><strong>mundo</strong></span> <span class='ocrx_word' id='word_1_77' title='bbox 819 994 968 1021; x_wconf 88' lang='lat' dir='ltr'><strong>coram</strong></span> <span class='ocrx_word' id='word_1_78' title='bbox 1001 981 1140 1021; x_wconf 87' lang='lat' dir='ltr'><strong>oculis</strong></span> <span class='ocrx_word' id='word_1_79' title='bbox 1172 995 1325 1022; x_wconf 87' lang='lat' dir='ltr'><strong>eorum</strong></span> <span class='ocrx_word' id='word_1_80' title='bbox 1357 989 1672 1034; x_wconf 89' lang='lat' dir='ltr'><strong>apparuerunt,</strong></span> <span class='ocrx_word' id='word_1_81' title='bbox 1700 983 1772 1023; x_wconf 89' lang='lat' dir='ltr'><strong>via</strong></span> <span class='ocrx_word' id='word_1_82' title='bbox 1802 984 1889 1036; x_wconf 90' lang='lat' dir='ltr'><strong>pri-</strong></span> 
     </span>
     <span class='ocr_line' id='line_1_11' title="bbox 408 1043 1890 1102; baseline 0.003 -21"><span class='ocrx_word' id='word_1_83' title='bbox 408 1056 512 1092; x_wconf 85' lang='lat' dir='ltr'><strong>ore;</strong></span> <span class='ocrx_word' id='word_1_84' title='bbox 550 1043 621 1082; x_wconf 89' lang='lat' dir='ltr'><strong>via</strong></span> <span class='ocrx_word' id='word_1_85' title='bbox 652 1043 796 1094; x_wconf 89' lang='lat' dir='ltr'><strong>priore</strong></span> <span class='ocrx_word' id='word_1_86' title='bbox 827 1043 987 1083; x_wconf 88' lang='lat' dir='ltr'><strong>intueri</strong></span> <span class='ocrx_word' id='word_1_87' title='bbox 1020 1044 1247 1092; x_wconf 88' lang='lat' dir='ltr'><strong>mundum,</strong></span> <span class='ocrx_word' id='word_1_88' title='bbox 1277 1058 1327 1085; x_wconf 90' lang='lat' dir='ltr'><strong>ac</strong></span> <span class='ocrx_word' id='word_1_89' title='bbox 1359 1045 1435 1084; x_wconf 90' lang='lat' dir='ltr'><strong>illa</strong></span> <span class='ocrx_word' id='word_1_90' title='bbox 1466 1059 1578 1097; x_wconf 87' lang='lat' dir='ltr'><strong>quae</strong></span> <span class='ocrx_word' id='word_1_91' title='bbox 1609 1045 1681 1093; x_wconf 89' lang='lat' dir='ltr'><strong>ibi,</strong></span> <span class='ocrx_word' id='word_1_92' title='bbox 1709 1051 1755 1086; x_wconf 90' lang='lat' dir='ltr'><strong>et</strong></span> <span class='ocrx_word' id='word_1_93' title='bbox 1785 1045 1890 1102; x_wconf 85' lang='lat' dir='ltr'><strong>inde</strong></span> 
     </span>
     <span class='ocr_line' id='line_1_12' title="bbox 407 1105 1888 1156; baseline 0.004 -12"><span class='ocrx_word' id='word_1_94' title='bbox 407 1106 690 1156; x_wconf 82' lang='lat' dir='ltr'><strong>cognitiones</strong></span> <span class='ocrx_word' id='word_1_95' title='bbox 722 1105 910 1154; x_wconf 87' lang='lat' dir='ltr'><strong>haurire,</strong></span> <span class='ocrx_word' id='word_1_96' title='bbox 944 1112 1014 1146; x_wconf 88' lang='lat' dir='ltr'><strong>est</strong></span> <span class='ocrx_word' id='word_1_97' title='bbox 1045 1107 1206 1147; x_wconf 89' lang='lat' dir='ltr'><strong>intueri</strong></span> <span class='ocrx_word' id='word_1_98' title='bbox 1237 1107 1336 1147; x_wconf 87' lang='lat' dir='ltr'><strong>illas</strong></span> <span class='ocrx_word' id='word_1_99' title='bbox 1369 1121 1426 1147; x_wconf 81' lang='lat' dir='ltr'><strong>ex</strong></span> <span class='ocrx_word' id='word_1_100' title='bbox 1459 1107 1557 1148; x_wconf 86' lang='lat' dir='ltr'><strong>luce</strong></span> <span class='ocrx_word' id='word_1_101' title='bbox 1590 1107 1716 1155; x_wconf 84' lang='lat' dir='ltr'><strong>caeli,</strong></span> <span class='ocrx_word' id='word_1_102' title='bbox 1749 1114 1796 1150; x_wconf 90' lang='lat' dir='ltr'><strong>et</strong></span> <span class='ocrx_word' id='word_1_103' title='bbox 1826 1109 1888 1150; x_wconf 91' lang='lat' dir='ltr'><strong>sic</strong></span> 
     </span>
     <span class='ocr_line' id='line_1_13' title="bbox 347 1167 1889 1222; baseline 0.004 -16"><span class='ocrx_word' id='word_1_104' title='bbox 347 1169 352 1175; x_wconf 85' lang='lat'>&#39;</span> <span class='ocrx_word' id='word_1_105' title='bbox 408 1179 682 1219; x_wconf 86' lang='lat' dir='ltr'><strong>cognoscere</strong></span> <span class='ocrx_word' id='word_1_106' title='bbox 715 1167 846 1220; x_wconf 90' lang='lat' dir='ltr'><strong>quale</strong></span> <span class='ocrx_word' id='word_1_107' title='bbox 878 1181 1056 1218; x_wconf 85' lang='lat' dir='ltr'><strong>eorum;</strong></span> <span class='ocrx_word' id='word_1_108' title='bbox 1098 1182 1233 1222; x_wconf 89' lang='lat' dir='ltr'><strong>quare</strong></span> <span class='ocrx_word' id='word_1_109' title='bbox 1265 1170 1401 1209; x_wconf 87' lang='lat' dir='ltr'><strong>etiam</strong></span> <span class='ocrx_word' id='word_1_110' title='bbox 1438 1182 1516 1222; x_wconf 83' lang='lat' dir='ltr'><strong>per</strong></span> <span class='ocrx_word' id='word_1_111' title='bbox 1551 1171 1834 1222; x_wconf 87' lang='lat' dir='ltr'><strong>cognitiones</strong></span> <span class='ocrx_word' id='word_1_112' title='bbox 1863 1185 1889 1213; x_wconf 89' lang='lat' dir='ltr'><strong>e</strong></span> 
     </span>
     <span class='ocr_line' id='line_1_14' title="bbox 407 1229 1888 1285; baseline 0.004 -17"><span class='ocrx_word' id='word_1_113' title='bbox 407 1229 575 1269; x_wconf 90' lang='lat' dir='ltr'><strong>mundo</strong></span> <span class='ocrx_word' id='word_1_114' title='bbox 607 1236 850 1281; x_wconf 89' lang='lat' dir='ltr'><strong>potuerunt</strong></span> <span class='ocrx_word' id='word_1_115' title='bbox 882 1230 1143 1271; x_wconf 85' lang='lat' dir='ltr'><strong>confirmare</strong></span> <span class='ocrx_word' id='word_1_116' title='bbox 1182 1231 1407 1280; x_wconf 89' lang='lat' dir='ltr'><strong>caelestia,</strong></span> <span class='ocrx_word' id='word_1_117' title='bbox 1442 1238 1487 1272; x_wconf 86' lang='lat' dir='ltr'><strong>et</strong></span> <span class='ocrx_word' id='word_1_118' title='bbox 1522 1233 1583 1272; x_wconf 91' lang='lat' dir='ltr'><strong>sic</strong></span> <span class='ocrx_word' id='word_1_119' title='bbox 1621 1233 1888 1285; x_wconf 87' lang='lat' dir='ltr'><strong>sapientiam</strong></span> 
     </span>
     <span class='ocr_line' id='line_1_15' title="bbox 406 1292 1888 1348; baseline 0.003 -17.003"><span class='ocrx_word' id='word_1_120' title='bbox 406 1305 530 1331; x_wconf 88' lang='lat' dir='ltr'><strong>suam</strong></span> <span class='ocrx_word' id='word_1_121' title='bbox 558 1292 871 1342; x_wconf 87' lang='lat' dir='ltr'><strong>corroborare;</strong></span> <span class='ocrx_word' id='word_1_122' title='bbox 905 1299 952 1333; x_wconf 87' lang='lat' dir='ltr'><strong>at</strong></span> <span class='ocrx_word' id='word_1_123' title='bbox 978 1293 1063 1333; x_wconf 90' lang='lat' dir='ltr'><strong>illis</strong></span> <span class='ocrx_word' id='word_1_124' title='bbox 1088 1295 1277 1334; x_wconf 88' lang='lat' dir='ltr'><strong>vetitum</strong></span> <span class='ocrx_word' id='word_1_125' title='bbox 1305 1294 1384 1335; x_wconf 88' lang='lat' dir='ltr'><strong>fuit</strong></span> <span class='ocrx_word' id='word_1_126' title='bbox 1416 1295 1577 1335; x_wconf 88' lang='lat' dir='ltr'><strong>intueri</strong></span> <span class='ocrx_word' id='word_1_127' title='bbox 1603 1296 1888 1348; x_wconf 87' lang='lat' dir='ltr'><strong>cognitiones</strong></span> 
     </span>
     <span class='ocr_line' id='line_1_16' title="bbox 405 1344 1886 1426; baseline 0.004 -33"><span class='ocrx_word' id='word_1_128' title='bbox 405 1367 428 1393; x_wconf 90' lang='lat' dir='ltr'><strong>e</strong></span> <span class='ocrx_word' id='word_1_129' title='bbox 456 1344 622 1394; x_wconf 90' lang='lat' dir='ltr'><strong>mundo</strong></span> <span class='ocrx_word' id='word_1_130' title='bbox 648 1356 718 1394; x_wconf 85' lang='lat' dir='ltr'><strong>via</strong></span> <span class='ocrx_word' id='word_1_131' title='bbox 743 1356 1004 1426; x_wconf 81' lang='lat' dir='ltr'><strong>posteriore,</strong></span> <span class='ocrx_word' id='word_1_132' title='bbox 1033 1357 1152 1409; x_wconf 91' lang='lat' dir='ltr'><strong>quod</strong></span> <span class='ocrx_word' id='word_1_133' title='bbox 1179 1356 1228 1397; x_wconf 92' lang='lat' dir='ltr'><strong>fit</strong></span> <span class='ocrx_word' id='word_1_134' title='bbox 1255 1357 1434 1410; x_wconf 90' lang='lat' dir='ltr'><strong>quando</strong></span> <span class='ocrx_word' id='word_1_135' title='bbox 1460 1371 1518 1397; x_wconf 85' lang='lat' dir='ltr'><strong>ex</strong></span> <span class='ocrx_word' id='word_1_136' title='bbox 1545 1357 1631 1398; x_wconf 88' lang='lat' dir='ltr'><strong>illis</strong></span> <span class='ocrx_word' id='word_1_137' title='bbox 1657 1357 1886 1399; x_wconf 90' lang='lat' dir='ltr'><strong>concludi-</strong></span> 
     </span>
     <span class='ocr_line' id='line_1_17' title="bbox 406 1416 1887 1472; baseline 0.004 -16"><span class='ocrx_word' id='word_1_138' title='bbox 406 1423 477 1456; x_wconf 85' lang='lat' dir='ltr'><strong>tur</strong></span> <span class='ocrx_word' id='word_1_139' title='bbox 502 1416 557 1457; x_wconf 90' lang='lat' dir='ltr'><strong>de</strong></span> <span class='ocrx_word' id='word_1_140' title='bbox 585 1417 865 1466; x_wconf 86' lang='lat' dir='ltr'><strong>caelestibus,</strong></span> <span class='ocrx_word' id='word_1_141' title='bbox 895 1418 955 1458; x_wconf 90' lang='lat' dir='ltr'><strong>sic</strong></span> <span class='ocrx_word' id='word_1_142' title='bbox 982 1418 1158 1459; x_wconf 88' lang='lat' dir='ltr'><strong>inverso</strong></span> <span class='ocrx_word' id='word_1_143' title='bbox 1184 1419 1351 1467; x_wconf 89' lang='lat' dir='ltr'><strong>ordine,</strong></span> <span class='ocrx_word' id='word_1_144' title='bbox 1381 1420 1453 1472; x_wconf 90' lang='lat' dir='ltr'><strong>qui</strong></span> <span class='ocrx_word' id='word_1_145' title='bbox 1479 1420 1590 1460; x_wconf 90' lang='lat' dir='ltr'><strong>ordo</strong></span> <span class='ocrx_word' id='word_1_146' title='bbox 1615 1420 1672 1460; x_wconf 87' lang='lat' dir='ltr'><strong>ab</strong></span> <span class='ocrx_word' id='word_1_147' title='bbox 1702 1421 1887 1462; x_wconf 89' lang='lat' dir='ltr'><strong>eruditis</strong></span> 
     </span>
     <span class='ocr_line' id='line_1_18' title="bbox 404 1479 1886 1538; baseline 0.004 -20"><span class='ocrx_word' id='word_1_148' title='bbox 404 1485 592 1519; x_wconf 89' lang='lat' dir='ltr'><strong>vocatur</strong></span> <span class='ocrx_word' id='word_1_149' title='bbox 623 1479 734 1519; x_wconf 90' lang='lat' dir='ltr'><strong>ordo</strong></span> <span class='ocrx_word' id='word_1_150' title='bbox 764 1479 956 1520; x_wconf 84' lang='lat' dir='ltr'><strong>influxus</strong></span> <span class='ocrx_word' id='word_1_151' title='bbox 993 1480 1165 1533; x_wconf 86' lang='lat' dir='ltr'><strong>physici</strong></span> <span class='ocrx_word' id='word_1_152' title='bbox 1203 1495 1279 1521; x_wconf 88' lang='lat' dir='ltr'><strong>seu</strong></span> <span class='ocrx_word' id='word_1_153' title='bbox 1317 1481 1510 1522; x_wconf 84' lang='lat' dir='ltr'><strong>influxus</strong></span> <span class='ocrx_word' id='word_1_154' title='bbox 1547 1482 1775 1533; x_wconf 88' lang='lat' dir='ltr'><strong>naturalis,</strong></span> <span class='ocrx_word' id='word_1_155' title='bbox 1813 1483 1886 1538; x_wconf 92' lang='lat' dir='ltr'><strong>qui</strong></span> 
     </span>
     <span class='ocr_line' id='line_1_19' title="bbox 405 1541 1886 1587; baseline 0.005 -7"><span class='ocrx_word' id='word_1_156' title='bbox 405 1541 661 1581; x_wconf 87' lang='lat' dir='ltr'><strong>nullatenus</strong></span> <span class='ocrx_word' id='word_1_157' title='bbox 693 1542 824 1582; x_wconf 91' lang='lat' dir='ltr'><strong>datur</strong></span> <span class='ocrx_word' id='word_1_158' title='bbox 860 1543 902 1582; x_wconf 91' lang='lat' dir='ltr'><strong>in</strong></span> <span class='ocrx_word' id='word_1_159' title='bbox 941 1542 1166 1583; x_wconf 84' lang='lat' dir='ltr'><strong>caelestia.</strong></span> <span class='ocrx_word' id='word_1_160' title='bbox 1227 1543 1364 1584; x_wconf 85' lang='lat' dir='ltr'><strong>Tales</strong></span> <span class='ocrx_word' id='word_1_161' title='bbox 1402 1543 1505 1586; x_wconf 70' lang='lat' dir='ltr'><strong>faffl</strong></span> <span class='ocrx_word' id='word_1_162' title='bbox 1542 1551 1646 1585; x_wconf 86' lang='lat' dir='ltr'><strong>sunt</strong></span> <span class='ocrx_word' id='word_1_163' title='bbox 1682 1545 1886 1587; x_wconf 87' lang='lat' dir='ltr'><strong>homines</strong></span> 
     </span>
     <span class='ocr_line' id='line_1_20' title="bbox 405 1603 1884 1659; baseline 0.004 -17"><span class='ocrx_word' id='word_1_164' title='bbox 405 1603 759 1656; x_wconf 87' lang='lat' dir='ltr'><strong>Antiquissimae</strong></span> <span class='ocrx_word' id='word_1_165' title='bbox 791 1603 1038 1653; x_wconf 83' lang='lat' dir='ltr'><strong>Ecclesiae,</strong></span> <span class='ocrx_word' id='word_1_166' title='bbox 1073 1605 1252 1658; x_wconf 89' lang='lat' dir='ltr'><strong>quando</strong></span> <span class='ocrx_word' id='word_1_167' title='bbox 1290 1613 1535 1659; x_wconf 88' lang='lat' dir='ltr'><strong>coeperunt</strong></span> <span class='ocrx_word' id='word_1_168' title='bbox 1571 1620 1720 1648; x_wconf 88' lang='lat' dir='ltr'><strong>amare</strong></span> <span class='ocrx_word' id='word_1_169' title='bbox 1755 1621 1884 1648; x_wconf 89' lang='lat' dir='ltr'><strong>mun-</strong></span> 
     </span>
     <span class='ocr_line' id='line_1_21' title="bbox 403 1666 1884 1722; baseline 0.005 -18"><span class='ocrx_word' id='word_1_170' title='bbox 403 1666 520 1705; x_wconf 86' lang='lat' dir='ltr'><strong>dana</strong></span> <span class='ocrx_word' id='word_1_171' title='bbox 557 1679 661 1717; x_wconf 90' lang='lat' dir='ltr'><strong>prae</strong></span> <span class='ocrx_word' id='word_1_172' title='bbox 700 1666 982 1715; x_wconf 81' lang='lat' dir='ltr'><strong>caelestibus,</strong></span> <span class='ocrx_word' id='word_1_173' title='bbox 1017 1674 1062 1708; x_wconf 90' lang='lat' dir='ltr'><strong>et</strong></span> <span class='ocrx_word' id='word_1_174' title='bbox 1100 1681 1146 1708; x_wconf 89' lang='lat' dir='ltr'><strong>se</strong></span> <span class='ocrx_word' id='word_1_175' title='bbox 1184 1682 1241 1708; x_wconf 87' lang='lat' dir='ltr'><strong>ex</strong></span> <span class='ocrx_word' id='word_1_176' title='bbox 1280 1670 1499 1722; x_wconf 81' lang='lat' dir='ltr'><strong>sapientia</strong></span> <span class='ocrx_word' id='word_1_177' title='bbox 1536 1683 1615 1710; x_wconf 90' lang='lat' dir='ltr'><strong>sua</strong></span> <span class='ocrx_word' id='word_1_178' title='bbox 1650 1669 1802 1717; x_wconf 84' lang='lat' dir='ltr'><strong>efferre</strong></span> <span class='ocrx_word' id='word_1_179' title='bbox 1838 1677 1884 1712; x_wconf 91' lang='lat' dir='ltr'><strong>et</strong></span> 
     </span>
     <span class='ocr_line' id='line_1_22' title="bbox 403 1729 1882 1781; baseline 0.003 -13"><span class='ocrx_word' id='word_1_180' title='bbox 403 1729 608 1781; x_wconf 86' lang='lat' dir='ltr'><strong>gloriari;</strong></span> <span class='ocrx_word' id='word_1_181' title='bbox 642 1729 744 1768; x_wconf 90' lang='lat' dir='ltr'><strong>inde</strong></span> <span class='ocrx_word' id='word_1_182' title='bbox 776 1729 943 1781; x_wconf 88' lang='lat' dir='ltr'><strong>posteri</strong></span> <span class='ocrx_word' id='word_1_183' title='bbox 975 1743 1128 1770; x_wconf 89' lang='lat' dir='ltr'><strong>eorum</strong></span> <span class='ocrx_word' id='word_1_184' title='bbox 1155 1731 1383 1771; x_wconf 86' lang='lat' dir='ltr'><strong>sensuales</strong></span> <span class='ocrx_word' id='word_1_185' title='bbox 1414 1730 1517 1772; x_wconf 60' lang='lat' dir='ltr'><strong>facti</strong></span> <span class='ocrx_word' id='word_1_186' title='bbox 1549 1737 1667 1780; x_wconf 87' lang='lat' dir='ltr'><strong>sunt,</strong></span> <span class='ocrx_word' id='word_1_187' title='bbox 1696 1738 1742 1773; x_wconf 90' lang='lat' dir='ltr'><strong>et</strong></span> <span class='ocrx_word' id='word_1_188' title='bbox 1774 1738 1882 1779; x_wconf 85' lang='lat' dir='ltr'><strong>tune</strong></span> 
     </span>
     <span class='ocr_line' id='line_1_23' title="bbox 403 1790 1884 1846; baseline 0.005 -17"><span class='ocrx_word' id='word_1_189' title='bbox 403 1790 606 1830; x_wconf 85' lang='lat' dir='ltr'><strong>sensuale</strong></span> <span class='ocrx_word' id='word_1_190' title='bbox 630 1804 796 1839; x_wconf 89' lang='lat' dir='ltr'><strong>eorum,</strong></span> <span class='ocrx_word' id='word_1_191' title='bbox 823 1792 942 1844; x_wconf 90' lang='lat' dir='ltr'><strong>quod</strong></span> <span class='ocrx_word' id='word_1_192' title='bbox 966 1792 1231 1845; x_wconf 90' lang='lat' dir='ltr'><strong>intelligitur</strong></span> <span class='ocrx_word' id='word_1_193' title='bbox 1253 1807 1331 1845; x_wconf 91' lang='lat' dir='ltr'><strong>per</strong></span> <span class='ocrx_word' id='word_1_194' title='bbox 1349 1798 1372 1813; x_wconf 91' lang='lat'><em>“</em></span> <span class='ocrx_word' id='word_1_195' title='bbox 1389 1794 1684 1846; x_wconf 86' lang='lat' dir='ltr'><strong>serpentem,’&#39;</strong></span> <span class='ocrx_word' id='word_1_196' title='bbox 1699 1795 1884 1837; x_wconf 87' lang='lat' dir='ltr'><strong>seduxit</strong></span> 
     </span>
     <span class='ocr_line' id='line_1_24' title="bbox 404 1853 1884 1910; baseline 0.005 -18"><span class='ocrx_word' id='word_1_197' title='bbox 404 1853 531 1903; x_wconf 83' lang='lat' dir='ltr'><strong>illos3</strong></span> <span class='ocrx_word' id='word_1_198' title='bbox 571 1859 616 1893; x_wconf 89' lang='lat' dir='ltr'><strong>et</strong></span> <span class='ocrx_word' id='word_1_199' title='bbox 639 1853 846 1893; x_wconf 88' lang='lat' dir='ltr'><strong>sensuale</strong></span> <span class='ocrx_word' id='word_1_200' title='bbox 873 1867 962 1894; x_wconf 90' lang='lat' dir='ltr'><strong>non</strong></span> <span class='ocrx_word' id='word_1_201' title='bbox 995 1854 1082 1894; x_wconf 87' lang='lat' dir='ltr'><strong>alia</strong></span> <span class='ocrx_word' id='word_1_202' title='bbox 1113 1856 1197 1903; x_wconf 88' lang='lat' dir='ltr'><strong>via,</strong></span> <span class='ocrx_word' id='word_1_203' title='bbox 1226 1869 1358 1908; x_wconf 90' lang='lat' dir='ltr'><strong>quam</strong></span> <span class='ocrx_word' id='word_1_204' title='bbox 1386 1857 1646 1909; x_wconf 89' lang='lat' dir='ltr'><strong>posteriore,</strong></span> <span class='ocrx_word' id='word_1_205' title='bbox 1675 1858 1884 1910; x_wconf 91' lang='lat' dir='ltr'><strong>progredi</strong></span> 
     </span>
     <span class='ocr_line' id='line_1_25' title="bbox 402 1915 1881 1971; baseline 0.004 -16"><span class='ocrx_word' id='word_1_206' title='bbox 402 1915 510 1956; x_wconf 89' lang='lat' dir='ltr'><strong>vult.</strong></span> <span class='ocrx_word' id='word_1_207' title='bbox 574 1915 674 1955; x_wconf 90' lang='lat' dir='ltr'><strong>Hoc</strong></span> <span class='ocrx_word' id='word_1_208' title='bbox 702 1916 851 1969; x_wconf 86' lang='lat' dir='ltr'><strong>itaque</strong></span> <span class='ocrx_word' id='word_1_209' title='bbox 878 1923 947 1957; x_wconf 89' lang='lat' dir='ltr'><strong>est</strong></span> <span class='ocrx_word' id='word_1_210' title='bbox 974 1917 1093 1969; x_wconf 90' lang='lat' dir='ltr'><strong>quod</strong></span> <span class='ocrx_word' id='word_1_211' title='bbox 1119 1917 1395 1970; x_wconf 87' lang='lat' dir='ltr'><strong>significatur</strong></span> <span class='ocrx_word' id='word_1_212' title='bbox 1422 1933 1499 1971; x_wconf 92' lang='lat' dir='ltr'><strong>per</strong></span> <span class='ocrx_word' id='word_1_213' title='bbox 1527 1919 1769 1960; x_wconf 87' lang='lat' dir='ltr'><strong>“arborem</strong></span> <span class='ocrx_word' id='word_1_214' title='bbox 1795 1921 1881 1961; x_wconf 67' lang='lat' dir='ltr'><strong>sci-</strong></span> 
     </span>
     <span class='ocr_line' id='line_1_26' title="bbox 402 1978 1880 2034; baseline 0.004 -17"><span class='ocrx_word' id='word_1_215' title='bbox 402 1979 550 2018; x_wconf 88' lang='lat' dir='ltr'><strong>entiae</strong></span> <span class='ocrx_word' id='word_1_216' title='bbox 577 1978 682 2018; x_wconf 92' lang='lat' dir='ltr'><strong>boni</strong></span> <span class='ocrx_word' id='word_1_217' title='bbox 708 1984 753 2018; x_wconf 91' lang='lat' dir='ltr'><strong>et</strong></span> <span class='ocrx_word' id='word_1_218' title='bbox 781 1978 924 2026; x_wconf 89' lang='lat' dir='ltr'><strong>mali,&#39;’</strong></span> <span class='ocrx_word' id='word_1_219' title='bbox 951 1993 974 2019; x_wconf 87' lang='lat' dir='ltr'><strong>e</strong></span> <span class='ocrx_word' id='word_1_220' title='bbox 1000 1993 1086 2032; x_wconf 85' lang='lat' dir='ltr'><strong>qua</strong></span> <span class='ocrx_word' id='word_1_221' title='bbox 1113 1981 1349 2021; x_wconf 89' lang='lat' dir='ltr'><strong>comedere</strong></span> <span class='ocrx_word' id='word_1_222' title='bbox 1375 1981 1461 2021; x_wconf 89' lang='lat' dir='ltr'><strong>illis</strong></span> <span class='ocrx_word' id='word_1_223' title='bbox 1487 1982 1760 2034; x_wconf 89' lang='lat' dir='ltr'><strong>prohibitum</strong></span> <span class='ocrx_word' id='word_1_224' title='bbox 1785 1983 1880 2024; x_wconf 87' lang='lat' dir='ltr'><strong>suit.</strong></span> 
     </span>
     <span class='ocr_line' id='line_1_27' title="bbox 402 2039 1880 2095; baseline 0.005 -17"><span class='ocrx_word' id='word_1_225' title='bbox 402 2039 535 2092; x_wconf 73' lang='lat' dir='ltr'><strong>Quod</strong></span> <span class='ocrx_word' id='word_1_226' title='bbox 562 2040 734 2080; x_wconf 83' lang='lat' dir='ltr'><strong>licuerit</strong></span> <span class='ocrx_word' id='word_1_227' title='bbox 760 2040 846 2080; x_wconf 90' lang='lat' dir='ltr'><strong>illis</strong></span> <span class='ocrx_word' id='word_1_228' title='bbox 872 2054 1132 2093; x_wconf 87' lang='lat' dir='ltr'><strong>comparare</strong></span> <span class='ocrx_word' id='word_1_229' title='bbox 1159 2042 1241 2082; x_wconf 88' lang='lat' dir='ltr'><strong>sibi</strong></span> <span class='ocrx_word' id='word_1_230' title='bbox 1267 2044 1552 2095; x_wconf 88' lang='lat' dir='ltr'><strong>cognitiones</strong></span> <span class='ocrx_word' id='word_1_231' title='bbox 1578 2058 1602 2084; x_wconf 87' lang='lat' dir='ltr'><strong>e</strong></span> <span class='ocrx_word' id='word_1_232' title='bbox 1629 2045 1810 2094; x_wconf 88' lang='lat' dir='ltr'><strong>mundo,</strong></span> <span class='ocrx_word' id='word_1_233' title='bbox 1833 2051 1880 2086; x_wconf 89' lang='lat' dir='ltr'><strong>et</strong></span> 
     </span>
     <span class='ocr_line' id='line_1_28' title="bbox 400 2102 1880 2161; baseline 0.004 -20"><span class='ocrx_word' id='word_1_234' title='bbox 400 2102 500 2142; x_wconf 86' lang='lat' dir='ltr'><strong>illas</strong></span> <span class='ocrx_word' id='word_1_235' title='bbox 537 2103 608 2142; x_wconf 84' lang='lat' dir='ltr'><strong>via</strong></span> <span class='ocrx_word' id='word_1_236' title='bbox 649 2103 793 2154; x_wconf 90' lang='lat' dir='ltr'><strong>priore</strong></span> <span class='ocrx_word' id='word_1_237' title='bbox 833 2103 1008 2150; x_wconf 85' lang='lat' dir='ltr'><strong>intueri,</strong></span> <span class='ocrx_word' id='word_1_238' title='bbox 1051 2103 1329 2156; x_wconf 87' lang='lat' dir='ltr'><strong>significatur</strong></span> <span class='ocrx_word' id='word_1_239' title='bbox 1369 2119 1446 2157; x_wconf 90' lang='lat' dir='ltr'><strong>per</strong></span> <span class='ocrx_word' id='word_1_240' title='bbox 1485 2106 1605 2158; x_wconf 89' lang='lat' dir='ltr'><strong>quod</strong></span> <span class='ocrx_word' id='word_1_241' title='bbox 1639 2106 1880 2161; x_wconf 89' lang='lat' dir='ltr'><strong>“Jehovah</strong></span> 
     </span>
     <span class='ocr_line' id='line_1_29' title="bbox 402 2164 1879 2217; baseline 0.005 -14"><span class='ocrx_word' id='word_1_242' title='bbox 402 2164 524 2204; x_wconf 89' lang='lat' dir='ltr'><strong>Deus</strong></span> <span class='ocrx_word' id='word_1_243' title='bbox 551 2166 883 2217; x_wconf 85' lang='lat' dir='ltr'><strong>progerminare</strong></span> <span class='ocrx_word' id='word_1_244' title='bbox 906 2165 1060 2206; x_wconf 88' lang='lat' dir='ltr'><strong>fecerit</strong></span> <span class='ocrx_word' id='word_1_245' title='bbox 1086 2180 1144 2206; x_wconf 88' lang='lat' dir='ltr'><strong>ex</strong></span> <span class='ocrx_word' id='word_1_246' title='bbox 1172 2166 1309 2207; x_wconf 88' lang='lat' dir='ltr'><strong>humo</strong></span> <span class='ocrx_word' id='word_1_247' title='bbox 1332 2181 1511 2208; x_wconf 89' lang='lat' dir='ltr'><strong>omnem</strong></span> <span class='ocrx_word' id='word_1_248' title='bbox 1535 2169 1740 2210; x_wconf 87' lang='lat' dir='ltr'><strong>arborem</strong></span> <span class='ocrx_word' id='word_1_249' title='bbox 1763 2170 1879 2210; x_wconf 89' lang='lat' dir='ltr'><strong>desi-</strong></span> 
     </span>
     <span class='ocr_line' id='line_1_30' title="bbox 401 2222 1881 2283; baseline 0.005 -17"><span class='ocrx_word' id='word_1_250' title='bbox 401 2222 644 2266; x_wconf 89' lang='lat' dir='ltr'><strong>derabilem</strong></span> <span class='ocrx_word' id='word_1_251' title='bbox 681 2225 877 2279; x_wconf 61' lang='lat' dir='ltr'><strong>aspeftu,</strong></span> <span class='ocrx_word' id='word_1_252' title='bbox 914 2234 959 2267; x_wconf 91' lang='lat' dir='ltr'><strong>et</strong></span> <span class='ocrx_word' id='word_1_253' title='bbox 994 2228 1161 2268; x_wconf 89' lang='lat' dir='ltr'><strong>bonum</strong></span> <span class='ocrx_word' id='word_1_254' title='bbox 1202 2229 1258 2268; x_wconf 87' lang='lat' dir='ltr'><strong>ad</strong></span> <span class='ocrx_word' id='word_1_255' title='bbox 1299 2243 1422 2269; x_wconf 90' lang='lat' dir='ltr'><strong>esum</strong></span> <span class='ocrx_word' id='word_1_256' title='bbox 1442 2230 1474 2278; x_wconf 90' lang='lat'><strong>;&#39;’</strong></span> <span class='ocrx_word' id='word_1_257' title='bbox 1516 2243 1594 2283; x_wconf 89' lang='lat' dir='ltr'><strong>per</strong></span> <span class='ocrx_word' id='word_1_258' title='bbox 1632 2232 1881 2283; x_wconf 53' lang='lat' dir='ltr'><strong>“arbores&#39;f</strong></span> 
     </span>
     <span class='ocr_line' id='line_1_31' title="bbox 401 2288 1878 2346; baseline 0.005 -18"><span class='ocrx_word' id='word_1_259' title='bbox 401 2290 517 2329; x_wconf 90' lang='lat' dir='ltr'><strong>enim</strong></span> <span class='ocrx_word' id='word_1_260' title='bbox 541 2288 848 2340; x_wconf 88' lang='lat' dir='ltr'><strong>significantur</strong></span> <span class='ocrx_word' id='word_1_261' title='bbox 871 2291 1156 2342; x_wconf 88' lang='lat' dir='ltr'><strong>cognitiones</strong></span> <span class='ocrx_word' id='word_1_262' title='bbox 1179 2296 1225 2330; x_wconf 90' lang='lat' dir='ltr'><strong>et</strong></span> <span class='ocrx_word' id='word_1_263' title='bbox 1248 2293 1588 2343; x_wconf 88' lang='lat' dir='ltr'><strong>perceptiones;</strong></span> <span class='ocrx_word' id='word_1_264' title='bbox 1623 2307 1700 2346; x_wconf 89' lang='lat' dir='ltr'><strong>per</strong></span> <span class='ocrx_word' id='word_1_265' title='bbox 1723 2294 1878 2335; x_wconf 89' lang='lat' dir='ltr'><strong>“desi-</strong></span> 
     </span>
     <span class='ocr_line' id='line_1_32' title="bbox 400 2350 1877 2406; baseline 0.005 -16"><span class='ocrx_word' id='word_1_266' title='bbox 400 2350 597 2391; x_wconf 87' lang='lat' dir='ltr'><strong>derabile</strong></span> <span class='ocrx_word' id='word_1_267' title='bbox 634 2350 848 2404; x_wconf 63' lang='lat' dir='ltr'><strong>aspectu”</strong></span> <span class='ocrx_word' id='word_1_268' title='bbox 881 2352 1157 2404; x_wconf 88' lang='lat' dir='ltr'><strong>significatur</strong></span> <span class='ocrx_word' id='word_1_269' title='bbox 1188 2354 1305 2406; x_wconf 89' lang='lat' dir='ltr'><strong>quod</strong></span> <span class='ocrx_word' id='word_1_270' title='bbox 1343 2354 1569 2395; x_wconf 86' lang='lat' dir='ltr'><strong>desiderat</strong></span> <span class='ocrx_word' id='word_1_271' title='bbox 1605 2355 1877 2403; x_wconf 57' lang='lat' dir='ltr'><strong>intellectus,</strong></span> 
     </span>
     <span class='ocr_line' id='line_1_33' title="bbox 400 2413 1878 2474; baseline 0.004 -21"><span class='ocrx_word' id='word_1_272' title='bbox 400 2421 446 2454; x_wconf 91' lang='lat' dir='ltr'><strong>et</strong></span> <span class='ocrx_word' id='word_1_273' title='bbox 478 2427 555 2466; x_wconf 91' lang='lat' dir='ltr'><strong>per</strong></span> <span class='ocrx_word' id='word_1_274' title='bbox 584 2413 789 2453; x_wconf 90' lang='lat' dir='ltr'><strong>“bonum</strong></span> <span class='ocrx_word' id='word_1_275' title='bbox 821 2414 878 2453; x_wconf 87' lang='lat' dir='ltr'><strong>ad</strong></span> <span class='ocrx_word' id='word_1_276' title='bbox 910 2414 1088 2454; x_wconf 85' lang='lat' dir='ltr'><strong>cibum&#39;&#39;</strong></span> <span class='ocrx_word' id='word_1_277' title='bbox 1121 2415 1396 2467; x_wconf 85' lang='lat' dir='ltr'><strong>significatur</strong></span> <span class='ocrx_word' id='word_1_278' title='bbox 1428 2417 1546 2469; x_wconf 89' lang='lat' dir='ltr'><strong>quod</strong></span> <span class='ocrx_word' id='word_1_279' title='bbox 1579 2418 1790 2459; x_wconf 90' lang='lat' dir='ltr'><strong>conducit</strong></span> <span class='ocrx_word' id='word_1_280' title='bbox 1821 2419 1878 2474; x_wconf 88' lang='lat' dir='ltr'><strong>ad</strong></span> 
     </span>
     <span class='ocr_line' id='line_1_34' title="bbox 400 2477 1878 2529; baseline 0.003 -13"><span class='ocrx_word' id='word_1_281' title='bbox 400 2477 691 2516; x_wconf 88' lang='lat' dir='ltr'><strong>nutritionem</strong></span> <span class='ocrx_word' id='word_1_282' title='bbox 710 2477 899 2517; x_wconf 89' lang='lat' dir='ltr'><strong>mentis:</strong></span> <span class='ocrx_word' id='word_1_283' title='bbox 934 2478 1219 2529; x_wconf 88' lang='lat' dir='ltr'><strong>cognitiones</strong></span> <span class='ocrx_word' id='word_1_284' title='bbox 1238 2478 1343 2518; x_wconf 93' lang='lat' dir='ltr'><strong>boni</strong></span> <span class='ocrx_word' id='word_1_285' title='bbox 1360 2485 1405 2519; x_wconf 88' lang='lat' dir='ltr'><strong>et</strong></span> <span class='ocrx_word' id='word_1_286' title='bbox 1425 2479 1530 2519; x_wconf 87' lang='lat' dir='ltr'><strong>mali</strong></span> <span class='ocrx_word' id='word_1_287' title='bbox 1551 2493 1576 2519; x_wconf 86' lang='lat' dir='ltr'><strong>a</strong></span> <span class='ocrx_word' id='word_1_288' title='bbox 1600 2480 1796 2521; x_wconf 91' lang='lat' dir='ltr'><strong>Domino</strong></span> <span class='ocrx_word' id='word_1_289' title='bbox 1818 2495 1878 2522; x_wconf 86' lang='lat' dir='ltr'><strong>ex</strong></span> 
     </span>
     <span class='ocr_line' id='line_1_35' title="bbox 399 2539 1878 2591; baseline 0.005 -14"><span class='ocrx_word' id='word_1_290' title='bbox 399 2539 556 2591; x_wconf 90' lang='lat' dir='ltr'><strong>quibus</strong></span> <span class='ocrx_word' id='word_1_291' title='bbox 593 2539 828 2590; x_wconf 88' lang='lat' dir='ltr'><strong>sapientia,</strong></span> <span class='ocrx_word' id='word_1_292' title='bbox 868 2545 914 2579; x_wconf 88' lang='lat' dir='ltr'><strong>et</strong></span> <span class='ocrx_word' id='word_1_293' title='bbox 952 2540 1236 2591; x_wconf 88' lang='lat' dir='ltr'><strong>cognitiones</strong></span> <span class='ocrx_word' id='word_1_294' title='bbox 1273 2541 1378 2580; x_wconf 92' lang='lat' dir='ltr'><strong>boni</strong></span> <span class='ocrx_word' id='word_1_295' title='bbox 1420 2548 1465 2581; x_wconf 90' lang='lat' dir='ltr'><strong>et</strong></span> <span class='ocrx_word' id='word_1_296' title='bbox 1503 2541 1607 2582; x_wconf 87' lang='lat' dir='ltr'><strong>mali</strong></span> <span class='ocrx_word' id='word_1_297' title='bbox 1649 2556 1672 2583; x_wconf 91' lang='lat' dir='ltr'><strong>e</strong></span> <span class='ocrx_word' id='word_1_298' title='bbox 1709 2545 1878 2585; x_wconf 81' lang='lat' dir='ltr'><strong>mundo</strong></span> 
     </span>
     <span class='ocr_line' id='line_1_36' title="bbox 399 2601 1876 2656; baseline 0.004 -15"><span class='ocrx_word' id='word_1_299' title='bbox 399 2615 457 2641; x_wconf 82' lang='lat' dir='ltr'><strong>ex</strong></span> <span class='ocrx_word' id='word_1_300' title='bbox 483 2601 641 2654; x_wconf 86' lang='lat' dir='ltr'><strong>quibus</strong></span> <span class='ocrx_word' id='word_1_301' title='bbox 667 2601 868 2649; x_wconf 86' lang='lat' dir='ltr'><strong>scientia,</strong></span> <span class='ocrx_word' id='word_1_302' title='bbox 897 2603 1354 2654; x_wconf 86' lang='lat' dir='ltr'><strong>repraesentabantur</strong></span> <span class='ocrx_word' id='word_1_303' title='bbox 1386 2617 1463 2656; x_wconf 89' lang='lat' dir='ltr'><strong>per</strong></span> <span class='ocrx_word' id='word_1_304' title='bbox 1492 2605 1734 2645; x_wconf 89' lang='lat' dir='ltr'><strong>“arborem</strong></span> <span class='ocrx_word' id='word_1_305' title='bbox 1761 2607 1876 2647; x_wconf 87' lang='lat' dir='ltr'><strong>vita-</strong></span> 
     </span>
     <span class='ocr_line' id='line_1_37' title="bbox 398 2663 1877 2716; baseline 0.004 -13"><span class='ocrx_word' id='word_1_306' title='bbox 398 2677 493 2704; x_wconf 90' lang='lat' dir='ltr'><strong>rum</strong></span> <span class='ocrx_word' id='word_1_307' title='bbox 507 2663 525 2678; x_wconf 93' lang='lat'>”</span> <span class='ocrx_word' id='word_1_308' title='bbox 558 2670 603 2703; x_wconf 93' lang='lat' dir='ltr'><strong>et</strong></span> <span class='ocrx_word' id='word_1_309' title='bbox 636 2677 713 2716; x_wconf 89' lang='lat' dir='ltr'><strong>per</strong></span> <span class='ocrx_word' id='word_1_310' title='bbox 746 2664 989 2704; x_wconf 83' lang='lat' dir='ltr'><strong>“arborem</strong></span> <span class='ocrx_word' id='word_1_311' title='bbox 1022 2666 1238 2705; x_wconf 85' lang='lat' dir='ltr'><strong>scientiae</strong></span> <span class='ocrx_word' id='word_1_312' title='bbox 1270 2666 1374 2705; x_wconf 92' lang='lat' dir='ltr'><strong>boni</strong></span> <span class='ocrx_word' id='word_1_313' title='bbox 1406 2673 1451 2706; x_wconf 90' lang='lat' dir='ltr'><strong>et</strong></span> <span class='ocrx_word' id='word_1_314' title='bbox 1485 2667 1589 2706; x_wconf 89' lang='lat' dir='ltr'><strong>mali</strong></span> <span class='ocrx_word' id='word_1_315' title='bbox 1602 2667 1621 2682; x_wconf 92' lang='lat'><strong>&#39;&#39;</strong></span> <span class='ocrx_word' id='word_1_316' title='bbox 1651 2668 1695 2707; x_wconf 90' lang='lat' dir='ltr'><strong>in</strong></span> <span class='ocrx_word' id='word_1_317' title='bbox 1727 2669 1877 2710; x_wconf 91' lang='lat' dir='ltr'><strong>medio</strong></span> 
     </span>
     <span class='ocr_line' id='line_1_38' title="bbox 398 2725 1875 2781; baseline 0.004 -16"><span class='ocrx_word' id='word_1_318' title='bbox 398 2726 542 2766; x_wconf 87' lang='lat' dir='ltr'><strong>horti:</strong></span> <span class='ocrx_word' id='word_1_319' title='bbox 576 2726 695 2779; x_wconf 88' lang='lat' dir='ltr'><strong>quod</strong></span> <span class='ocrx_word' id='word_1_320' title='bbox 719 2725 890 2767; x_wconf 88' lang='lat' dir='ltr'><strong>licuerit</strong></span> <span class='ocrx_word' id='word_1_321' title='bbox 914 2727 1000 2767; x_wconf 91' lang='lat' dir='ltr'><strong>illis</strong></span> <span class='ocrx_word' id='word_1_322' title='bbox 1024 2727 1308 2780; x_wconf 88' lang='lat' dir='ltr'><strong>adpropriare</strong></span> <span class='ocrx_word' id='word_1_323' title='bbox 1332 2729 1413 2768; x_wconf 91' lang='lat' dir='ltr'><strong>sibi</strong></span> <span class='ocrx_word' id='word_1_324' title='bbox 1435 2730 1719 2781; x_wconf 87' lang='lat' dir='ltr'><strong>cognitiones</strong></span> <span class='ocrx_word' id='word_1_325' title='bbox 1737 2731 1875 2772; x_wconf 92' lang='lat' dir='ltr'><strong>unde-</strong></span> 
     </span>
     <span class='ocr_line' id='line_1_39' title="bbox 397 2790 1876 2843; baseline 0.003 -14"><span class='ocrx_word' id='word_1_326' title='bbox 397 2803 584 2842; x_wconf 88' lang='lat' dir='ltr'><strong>quaque,</strong></span> <span class='ocrx_word' id='word_1_327' title='bbox 614 2795 708 2829; x_wconf 84' lang='lat' dir='ltr'><strong>tam</strong></span> <span class='ocrx_word' id='word_1_328' title='bbox 735 2803 793 2829; x_wconf 83' lang='lat' dir='ltr'><strong>ex</strong></span> <span class='ocrx_word' id='word_1_329' title='bbox 821 2790 948 2830; x_wconf 90' lang='lat' dir='ltr'><strong>caelo</strong></span> <span class='ocrx_word' id='word_1_330' title='bbox 975 2803 1107 2843; x_wconf 88' lang='lat' dir='ltr'><strong>quarn</strong></span> <span class='ocrx_word' id='word_1_331' title='bbox 1134 2804 1191 2830; x_wconf 84' lang='lat' dir='ltr'><strong>ex</strong></span> <span class='ocrx_word' id='word_1_332' title='bbox 1219 2792 1399 2837; x_wconf 84' lang='lat' dir='ltr'><strong>mundo,</strong></span> <span class='ocrx_word' id='word_1_333' title='bbox 1425 2793 1560 2832; x_wconf 91' lang='lat' dir='ltr'><strong>modo</strong></span> <span class='ocrx_word' id='word_1_334' title='bbox 1586 2806 1676 2832; x_wconf 91' lang='lat' dir='ltr'><strong>non</strong></span> <span class='ocrx_word' id='word_1_335' title='bbox 1699 2793 1876 2834; x_wconf 88' lang='lat' dir='ltr'><strong>inverso</strong></span> 
     </span>
     <span class='ocr_line' id='line_1_40' title="bbox 397 2852 1872 2905; baseline 0.003 -14"><span class='ocrx_word' id='word_1_336' title='bbox 397 2852 551 2892; x_wconf 90' lang='lat' dir='ltr'><strong>ordine</strong></span> <span class='ocrx_word' id='word_1_337' title='bbox 583 2853 894 2905; x_wconf 89' lang='lat' dir='ltr'><strong>procederent,</strong></span> <span class='ocrx_word' id='word_1_338' title='bbox 928 2853 1239 2893; x_wconf 87' lang='lat' dir='ltr'><strong>ratiocinando</strong></span> <span class='ocrx_word' id='word_1_339' title='bbox 1276 2867 1334 2893; x_wconf 86' lang='lat' dir='ltr'><strong>ex</strong></span> <span class='ocrx_word' id='word_1_340' title='bbox 1374 2854 1459 2893; x_wconf 89' lang='lat' dir='ltr'><strong>illis</strong></span> <span class='ocrx_word' id='word_1_341' title='bbox 1496 2855 1552 2895; x_wconf 93' lang='lat' dir='ltr'><strong>de</strong></span> <span class='ocrx_word' id='word_1_342' title='bbox 1589 2855 1872 2903; x_wconf 86' lang='lat' dir='ltr'><strong>caelestibus,</strong></span> 
     </span>
     <span class='ocr_line' id='line_1_41' title="bbox 397 2915 1875 2970; baseline 0.003 -16"><span class='ocrx_word' id='word_1_343' title='bbox 397 2921 442 2955; x_wconf 92' lang='lat' dir='ltr'><strong>et</strong></span> <span class='ocrx_word' id='word_1_344' title='bbox 469 2928 559 2955; x_wconf 91' lang='lat' dir='ltr'><strong>non</strong></span> <span class='ocrx_word' id='word_1_345' title='bbox 585 2915 915 2967; x_wconf 79' lang='lat' dir='ltr'><strong>cogitandoex</strong></span> <span class='ocrx_word' id='word_1_346' title='bbox 942 2915 1213 2955; x_wconf 87' lang='lat' dir='ltr'><strong>caelestibus</strong></span> <span class='ocrx_word' id='word_1_347' title='bbox 1239 2916 1294 2956; x_wconf 91' lang='lat' dir='ltr'><strong>de</strong></span> <span class='ocrx_word' id='word_1_348' title='bbox 1322 2917 1572 2965; x_wconf 89' lang='lat' dir='ltr'><strong>mundanis,</strong></span> <span class='ocrx_word' id='word_1_349' title='bbox 1598 2917 1875 2970; x_wconf 88' lang='lat' dir='ltr'><strong>significatur</strong></span> 
     </span>
     <span class='ocr_line' id='line_1_42' title="bbox 397 2977 1872 3031; baseline 0.003 -14"><span class='ocrx_word' id='word_1_350' title='bbox 397 2991 475 3030; x_wconf 90' lang='lat' dir='ltr'><strong>per</strong></span> <span class='ocrx_word' id='word_1_351' title='bbox 506 2978 625 3031; x_wconf 87' lang='lat' dir='ltr'><strong>quod</strong></span> <span class='ocrx_word' id='word_1_352' title='bbox 655 2978 971 3030; x_wconf 83' lang='lat' dir='ltr'><strong>“praeceperit</strong></span> <span class='ocrx_word' id='word_1_353' title='bbox 1000 2977 1204 3030; x_wconf 87' lang='lat' dir='ltr'><strong>Jehovah</strong></span> <span class='ocrx_word' id='word_1_354' title='bbox 1238 2978 1358 3018; x_wconf 87' lang='lat' dir='ltr'><strong>Deus</strong></span> <span class='ocrx_word' id='word_1_355' title='bbox 1392 2986 1438 3019; x_wconf 90' lang='lat' dir='ltr'><strong>ut</strong></span> <span class='ocrx_word' id='word_1_356' title='bbox 1471 2993 1529 3020; x_wconf 84' lang='lat' dir='ltr'><strong>ex</strong></span> <span class='ocrx_word' id='word_1_357' title='bbox 1562 2981 1683 3020; x_wconf 91' lang='lat' dir='ltr'><strong>omni</strong></span> <span class='ocrx_word' id='word_1_358' title='bbox 1714 2980 1872 3021; x_wconf 89' lang='lat' dir='ltr'><strong>arbore</strong></span> 
     </span>
    </p>
   </div>
   <div class='ocr_carea' id='block_1_5' title="bbox 1796 0 2054 586">
    <p class='ocr_par' dir='ltr' id='par_1_5' title="bbox 1796 0 2054 586">
     <span class='ocr_line' id='line_1_43' title="bbox 1796 0 2054 586; baseline 0 -132"><span class='ocrx_word' id='word_1_359' title='bbox 1796 0 2054 586; x_wconf 95' lang='lat' dir='ltr'><strong>    </strong></span> 
     </span>
    </p>
   </div>
   <div class='ocr_carea' id='block_1_6' title="bbox 2011 2942 2054 3464">
    <p class='ocr_par' dir='ltr' id='par_1_6' title="bbox 2011 2942 2054 3464">
     <span class='ocr_line' id='line_1_44' title="bbox 2011 2942 2054 3464; baseline 0 0"><span class='ocrx_word' id='word_1_360' title='bbox 2011 2942 2054 3464; x_wconf 95' lang='lat' dir='ltr'><strong> </strong></span> 
     </span>
    </p>
   </div>
  </div>
 </body>
</html>
