2054 3464
354 331 465 383 2046
765 339 1095 373 APOCALYPSIS
1126 340 1423 373 EXPLICATA.

353 461 436 503 est,
477 460 523 495 et
565 454 847 508 conjungunt
890 454 1062 495 caelum
1103 454 1297 496 homini:
1345 455 1502 496 horum
1544 467 1752 495 numerus
1791 454 1835 496 in

351 518 521 558 mundo
562 519 794 570 spirituum
839 531 956 558 nunc
998 518 1139 558 indies
1180 518 1367 568 crescit;
1415 532 1550 571 quare
1591 517 1836 558 secundum

355 580 683 620 incrementum
703 579 880 620 illorum
902 581 1061 620 crescit
1080 579 1268 621 ecclesia
1289 580 1378 630 illa,
1398 595 1508 634 quae
1525 580 1656 620 Nova
1675 579 1837 620 Hiero-

354 642 531 694 solyma
567 649 768 689 vocatur,
808 643 850 682 in
888 644 1030 683 terris.
1092 643 1202 683 Illae
1239 657 1414 696 quoque
1452 656 1610 683 causae
1645 642 1836 690 suerunt,

352 705 472 758 quod
497 705 700 745 Ecclesia
726 705 994 754 Christiana,
1015 711 1253 758 postquam
1272 705 1490 746 Dominus
1512 704 1687 758 reliquit
1709 717 1838 744 mun-

353 767 471 815 dum,
497 768 539 807 in
571 767 684 807 orbe
717 767 954 819 Europaeo
985 774 1078 808 tam
1111 767 1233 808 lente
1265 769 1467 816 creverit,
1492 774 1538 808 et
1569 767 1626 808 ad
1658 766 1838 820 plenum

352 843 478 870 suum
502 843 591 870 non
615 831 700 870 nisi
723 843 858 883 quam
881 836 983 883 post
1009 830 1234 871 saeculum
1259 831 1444 871 venerit.

976 993 1112 1016 VERSUS
1133 992 1161 1024 7,
1183 985 1213 1017 8.

431 1062 557 1107 733.
595 1067 657 1093 “ft
669 1067 783 1099 factum
803 1068 849 1093 est
865 1067 966 1093 bellum
983 1067 1011 1093 t'n
1030 1068 1119 1097 caelo,
1137 1066 1258 1093 mohac!
1273 1068 1303 1092 et
1320 1066 1416 1098 anqeli
1430 1066 1494 1098 ejus
1510 1066 1677 1098 puqnarunt
1691 1072 1752 1091 cum
1771 1065 1842 1092 dm-

353 1114 430 1138 cone,
447 1109 477 1133 et
492 1108 578 1133 draeo
593 1107 731 1156 ραςηαυίε
746 1108 775 1133 et
792 1107 888 1139 anqeli
903 1107 975 1139 ejus.
1015 1107 1049 1133 ft
1064 1114 1118 1133 non
1133 1107 1368 1139 praevaluerunt.
1384 1107 1415 1132 et
1432 1113 1486 1132 non
1502 1107 1580 1132 loeus
1596 1105 1728 1132 inventus
1743 1112 1840 1132 eorum

353 1145 478 1177 amplius
493 1145 522 1171 Ῐη
538 1145 639 1171 eaelo!

399 1217 429 1250 7.
463 1210 526 1244 “ft
541 1211 668 1243 factum
686 1213 742 1244 est
759 1210 881 1244 bellum
904 1210 938 1244 in
955 1211 1077 1248 caelo?
1093 1210 1198 1252 S1gn1s
1202 1214 1254 1242 eat
1262 1215 1416 1252 pugnam
1423 1210 1515 1252 falsi
1527 1214 1641 1242 contra
1657 1220 1788 1248 verum,
1803 1220 1844 1242 ac

530 1255 606 1286 verz·
620 1260 734 1286 contra
741 1256 874 1297 falsum
895 1255 944 1298 [n.
963 1263 979 1294 7
985 1255 1068 1297 34]
1098 1254 1264 1288 “Michael
1283 1257 1328 1310 et,
1339 1254 1455 1297 anyeli
1468 1254 1543 1297 esus
1555 1255 1754 1305 pugnatun?
1766 1263 1843 1287 cum

531 1298 688 1336 dracone,
704 1301 740 1331 et
754 1299 857 1332 draco
867 1308 982 1350 pugna
988 1299 1035 1332 vit
1049 1301 1083 1332 ei
1097 1298 1213 1342 anqeli
1226 1297 1500 1341 ejus,'s1gn1ficat
1504 1304 1660 1340 pugnam
1673 1298 1762 1330 inter
1773 1299 1845 1330 illos

530 1344 591 1384 qui
604 1348 670 1384 pro
693 1344 765 1374 vita
789 1344 913 1374 amoris
927 1348 958 1374 et
973 1343 1146 1374 charitatis
1160 1348 1250 1379 sunt,
1267 1354 1306 1374 ac
1321 1348 1386 1384 pro
1401 1342 1532 1374 Divino
1547 1342 1693 1374 Domini
1706 1342 1744 1374 in
1767 1342 1843 1374 Hu-

533 1398 633 1418 mano
657 1388 776 1428 Ipsius,
802 1392 917 1418 contra
941 1388 1013 1418 illos
1034 1388 1136 1429 quip
1108 1392 1174 1428 pro
1185 1387 1260 1429 fide
1281 1388 1349 1418 sola
1371 1397 1427 1417 seu
1449 1391 1600 1428 separata
1622 1391 1711 1424 sunt,
1734 1391 1767 1418 et
1785 1385 1848 1429 qm'

537 1436 654 1462 contra
669 1431 844 1463 Divinum
861 1431 1008 1463 Domini
1020 1432 1058 1463 in
1074 1431 1237 1462 Humano
1253 1431 1361 1473 Ipsius
1375 1435 1456 1462 sunt
1473 1430 1523 1473 [n.
1542 1429 1638 1473 735].

403 1493 435 1526 8.
468 1493 531 1528 “ft
550 1503 615 1526 non
629 1495 907 1537 praevaluerunt,
927 1496 963 1527 et
982 1503 1048 1527 non
1072 1494 1173 1528 locus
1183 1493 1342 1528 inventus
1357 1494 1504 1538 amplius
1526 1504 1641 1528 eor-um
1665 1493 1698 1527 Ῐη
1722 1493 1845 1532 οαοΙο,”

537 1538 696 1579 significat
711 1540 800 1580 quod
811 1539 1053 1575 succubuerint,
1067 1543 1097 1569 et
1110 1540 1200 1580 quod
1208 1539 1332 1570 nullibi
1347 1540 1384 1570 in
1401 1540 1497 1570 caelis
1505 1539 1642 1580 posthac
1652 1539 1750 1570 detur
1759 1538 1847 1569 locus

533 1584 782 1624 correspondens
796 1583 900 1613 statui
914 1583 1005 1613 vitae
1023 1593 1146 1620 eorum,
1163 1583 1225 1624 qui
1245 1588 1291 1614 est
1310 1584 1410 1615 solius
1425 1583 1638 1625 cogitationis,
1654 1593 1694 1614 ac
1716 1581 1847 1614 nullius

533 1627 716 1669 affectionis
731 1627 810 1658 boni
822 1631 853 1658 et
867 1627 943 1657 veri
961 1626 1012 1670 [n.
1031 1626 1105 1667 736,
1123 1633 1140 1666 7
1144 1626 1219 1669 37].

439 1714 648 1768 734[a].
680 1725 784 1763 [Vers.
802 1726 844 1763 7.]
877 1715 954 1754 “Et
981 1715 1137 1755 factum
1161 1720 1228 1756 est
1254 1716 1399 1756 bellum
1429 1716 1469 1756 in
1494 1715 1844 1768 caelest—Quod

364 1776 585 1829 significet
603 1783 801 1829 pugnam
815 1777 941 1828 falsi
957 1783 1107 1817 contra
1125 1791 1288 1826 verum,
1309 1791 1359 1817 ac
1379 1778 1476 1818 veri
1492 1784 1642 1818 contra
1651 1777 1842 1829 falsum,

361 1846 540 1881 constat
563 1854 622 1880 ex
646 1839 973 1891 significatione
1000 1838 1244 1892 [“[¹]belli,’'
1262 1840 1379 1893 quod
1404 1841 1460 1880 sit
1483 1840 1650 1881 bellum
1668 1840 1845 1892 spiritu-

361 1902 445 1951 ale,
479 1902 598 1955 quod
636 1896 724 1955 e'st]
763 1902 861 1942 salsi
904 1909 1062 1942 contra
1092 1916 1244 1942 verum
1284 1916 1334 1943 ac
1367 1903 1458 1943 veri
1495 1909 1654 1943 contra
1688 1902 1846 1943 falsum

362 1974 416 2011 (de
436 1983 500 2010 qua
519 1973 700 2010 sequitur):
734 1976 812 2015 per
837 1962 999 2002 falsum
1031 1963 1103 2003 hic
1135 1963 1410 2015 intelligitur
1434 1963 1597 2003 falsum
1622 1977 1681 2003 ex
1707 1963 1844 2012 malo,

361 2030 406 2064 et
429 2037 506 2076 per
524 2037 676 2064 verum
695 2023 961 2075 intelligitur
978 2037 1132 2064 verum
1150 2038 1209 2064 ex
1229 2024 1349 2064 bono
1367 2039 1375 2075 3
1410 2038 1512 2064 nam
1533 2024 1658 2077 plura
1679 2037 1847 2077 genera

361 2086 571 2127 falsorum
608 2087 783 2134 dantur,
819 2093 865 2126 at
902 2086 977 2126 illa
1014 2086 1124 2126 salsa
1161 2100 1273 2139 quae
1311 2101 1369 2126 ex
1408 2087 1526 2127 malo
1562 2093 1665 2127 sunt
1702 2086 1846 2127 solum

361 2155 566 2202 pugnant
598 2155 755 2188 contra
786 2162 891 2188 vera
921 2162 979 2188 ex
1020 2148 1153 2197 bono,
1188 2163 1246 2189 ex
1285 2162 1419 2189 causa
1449 2150 1550 2202 quia
1580 2149 1747 2190 malum
1777 2157 1847 2190 est

362 2217 519 2252 contra
559 2211 739 2259 bonum,
775 2217 820 2251 et
852 2224 987 2251 omne
1019 2224 1172 2251 verum
1204 2217 1273 2252 est
1314 2212 1432 2252 boni.
1507 2211 1676 2252 Omnes
1707 2211 1768 2252 illi
1803 2213 1847 2253 in

361 2273 472 2314 falso
499 2274 603 2314 mali
629 2282 732 2313 sunt
760 2275 832 2327 qui
865 2273 974 2313 nihil
1007 2274 1321 2326 cogitaverunt
1349 2274 1403 2314 de
1436 2274 1562 2314 63610
1593 2280 1639 2315 et
1665 2274 1722 2315 de
1753 2274 1847 2315 Do-

362 2337 483 2377 mino
509 2337 551 2376 in
579 2338 671 2377 vita
697 2351 788 2384 sua,
820 2336 899 2377 sed
932 2337 1068 2377 modo
1100 2337 1155 2377 de
1187 2350 1235 2377 se
1267 2343 1312 2377 et
1339 2337 1394 2377 de
1421 2337 1613 2377 mundo:
1647 2337 1848 2390 cogitare

363 2399 418 2439 de
445 2399 570 2439 63610
596 2407 641 2439 et
668 2400 724 2439 de
751 2399 947 2439 Domino
973 2400 1015 2439 in
1043 2400 1148 2448 vita,
1178 2405 1247 2440 est
1275 2400 1475 2452 cogitare
1502 2399 1622 2453 quod
1653 2400 1716 2440 ita
1740 2399 1847 2440 saci·-

363 2461 528 2501 endum
556 2462 611 2501 sit
639 2463 740 2514 quia
766 2461 967 2501 Verbum
994 2462 1130 2502 docet
1157 2468 1202 2502 et
1224 2461 1378 2514 jubet;
1411 2462 1455 2502 hi
1481 2463 1582 2514 quia
1607 2462 1762 2503 vivunt
1788 2475 1847 2502 ex

364 2524 531 2572 Verbo,
560 2524 715 2564 vivunt
748 2538 805 2563 ex
842 2524 1042 2564 Domino
1074 2530 1120 2564 et
1145 2524 1296 2564 caelo:
1331 2530 1377 2564 at
1400 2525 1599 2576 cogitare
1625 2524 1762 2564 modo
1792 2524 1848 2565 de

364 2600 411 2628 se
437 2592 483 2627 et
509 2587 564 2626 de
591 2586 772 2634 mundo,
798 2593 866 2626 est
898 2587 1098 2639 cogitare
1121 2587 1240 2639 quod
1267 2587 1329 2627 ita
1355 2586 1604 2626 faciendum
1631 2586 1688 2627 sit
1714 2599 1847 2639 prop-

364 2656 433 2691 ter
464 2649 589 2701 leges
621 2650 760 2700 regni,
795 2656 840 2689 et
884 2655 1066 2702 propter
1096 2649 1274 2697 samam,
1307 2649 1500 2689 honores
1539 2655 1585 2689 et
1626 2648 1772 2699 1ucra;
1804 2649 1849 2690 hi

365 2726 454 2752 non
486 2713 642 2752 vivunt
675 2712 873 2751 Domino
905 2718 950 2752 et
983 2711 1122 2760 63610,
1151 2712 1229 2751 sed
1261 2711 1342 2751 sibi
1373 2718 1419 2751 et
1448 2711 1641 2761 mund0;
1674 2711 1718 2751 hi
1744 2718 1848 2752 sunt

365 2773 439 2826 qui
465 2774 611 2826 quoad
639 2774 777 2813 vitam
811 2774 853 2813 in
882 2774 1000 2813 malo
1026 2780 1145 2822 sunt,
1174 2780 1219 2814 et
1251 2788 1309 2814 ex
1342 2774 1461 2814 malo
1492 2774 1534 2814 in
1566 2773 1686 2814 salsis
1717 2780 1846 2824 sunt;

368 2836 442 2889 qui
467 2836 510 2875 in
541 2835 660 2875 falsis
683 2849 741 2875 ex
774 2836 849 2875 illa
875 2837 1044 2888 origine
1071 2842 1188 2885 sunt,
1216 2836 1278 2876 illi
1310 2842 1513 2888 pugnant
1545 2842 1703 2876 contra
1727 2849 1846 2876 vera.

369 2897 458 2938 Sed
504 2911 654 2950 pugna
693 2897 868 2948 illorum
910 2911 998 2937 non
1039 2905 1108 2939 est
1148 2905 1306 2938 contra
1346 2897 1561 2946 Verbum,
1604 2898 1688 2938 hoc
1729 2899 1846 2938 enim

367 2959 571 3002 sanetum
597 2967 642 3001 et
667 2960 875 3000 Divinum
902 2967 1079 3010 vocant,
1108 2961 1186 3002 sed
1219 2967 1287 3002 est
1320 2974 1470 3013 pugna
1501 2973 1654 3001 eorum
1685 2966 1844 3002 contra
