2098 3476
448 361 551 404 1972
870 362 1200 396 APOCALYPSIS
1232 364 1530 398 EXPLICATA.

507 476 526 489 “
538 474 754 507 Mercatores
772 482 884 507 terrae
902 477 1035 508 flebunt
1052 483 1087 508 et
1104 477 1274 517 plangent
1291 478 1424 519 super”
1443 479 1627 520 Babylone
1645 489 1784 519 magna,
1802 479 1923 521 “quod

616 529 749 550 merces
767 520 843 559 ejus
865 530 970 551 nemo
990 527 1084 551 emat
1103 522 1265 561 amplius,
1286 532 1419 554 merces
1438 523 1514 554 auri
1531 529 1566 554 et
1584 523 1721 564 argenti
1741 529 1776 554 et
1795 523 1937 564 lapidis⁴

615 563 769 602 pretiosi,
784 570 818 594 et
831 564 1042 603 margaritae
1056 570 1090 595 et
1106 565 1213 604 byssi,
1227 571 1262 596 et
1275 575 1448 605 purpurae
1463 573 1497 597 et
1514 567 1614 597 serici
1627 572 1662 597 et
1678 566 1813 598 coccini
1825 577 1832 598 :
1842 590 1850 599 .
1863 590 1871 599 .
1886 590 1895 599 .
1907 591 1917 598 .

615 613 649 637 et
674 613 946 638 mercatores...
963 608 1104 645 .dicent‚
1125 608 1209 646 Vae,
1234 618 1298 640 vae
1322 610 1406 640 urbs
1430 619 1570 649 magna,
1596 619 1685 650 quae
1709 609 1832 641 induta
1855 609 1923 642 suit

614 650 723 689 bysso
741 657 775 680 et
793 660 946 690 purpura
963 658 996 681 et
1014 652 1167 689 coccino,
1186 652 1347 683 inaurata
1362 662 1458 691 auro,
1473 653 1587 693 lapide
1605 653 1762 693 pretioso
1779 658 1814 684 et
1830 662 1924 685 mar-

613 693 764 732 garitis¹’
782 694 889 731 (xviii.
910 702 958 731 11,
981 692 1132 739 1²›f[15=]
1154 695 1216 734 16).

442 778 557 833 Quia
573 794 650 833 per
664 780 873 833 “lapides
889 781 1150 834 pretiosos,''
1163 796 1326 836 perque
1343 786 1619 836 “purpuram
1634 789 1679 824 et
1695 781 1920 835 byssum‚’'

441 842 750 895 significantur
769 844 1054 896 cognitiones
1072 845 1163 884 veri
1181 850 1227 885 et
1250 845 1355 885 boni
1373 859 1432 885 ex
1451 845 1619 894 Verbo,
1640 846 1742 886 ideo
1760 845 1922 887 dicitur

441 905 496 945 de
523 905 705 946 homine
738 907 889 954 divite,

506 995 608 1036 Quod
627 996 769 1026 indutus
790 1002 884 1027 esset
901 1006 1054 1036 purpura
1071 1002 1105 1027 et
1124 997 1243 1037 bysso,
1260 997 1304 1028 ad
1325 996 1423 1037 cujus
1441 997 1653 1028 vestibulum
1672 995 1851 1038 projeetus
1868 1002 1923 1030 est

614 1039 767 1070 Lazarus
785 1039 879 1078 (Luc.
897 1040 965 1071 xvi.
986 1048 1034 1079 19,
1054 1041 1125 1079 20):

441 1140 519 1179 per
548 1126 805 1167 “divitem”
831 1126 1100 1179 intelligitur
1125 1141 1238 1180 gens
1267 1127 1480 1180 Judaica;
1514 1142 1627 1181 quae
1654 1128 1756 1182 quia
1780 1127 1921 1169 habe-

439 1189 517 1229 bat
540 1189 755 1238 Verbum,
785 1190 827 1230 in
860 1204 947 1242 quo
980 1190 1143 1230 Divina
1165 1204 1271 1230 vera
1302 1197 1420 1239 sunt,
1449 1191 1611 1231 dicitur
1637 1191 1693 1232 de
1719 1205 1773 1231 eo
1799 1191 1920 1245 quod

442 1254 670 1304 “purpura
698 1258 743 1291 et
770 1252 906 1308 bysso
932 1252 1114 1292 indutus
1137 1258 1258 1293 esset
1276 1252 1310 1292 :‘'
1332 1259 1377 1293 et
1401 1267 1479 1306 per
1503 1253 1760 1294 “Lazarum
1772 1252 1791 1269 ”
1813 1266 1921 1306 pau-

439 1327 591 1367 perem
615 1314 928 1366 intelliguntur
949 1321 1126 1366 gentes,
1147 1329 1260 1368 quae
1283 1329 1373 1355 non
1397 1315 1612 1364 Verbum,
1637 1322 1683 1356 et
1706 1316 1808 1356 inde
1831 1328 1922 1356 non

439 1391 545 1416 vera
578 1377 833 1417 habebant:
868 1378 972 1417 inde
1005 1384 1132 1430 patet
1160 1378 1279 1430 quod
1312 1378 1452 1426 diviti,
1481 1380 1667 1419 tametsi
1693 1378 1851 1426 malus,
1875 1384 1922 1418 et

440 1445 601 1491 postea
633 1438 856 1492 projectus
888 1440 930 1479 in
963 1433 1196 1487 infernum,
1225 1440 1388 1480 fuerint
1418 1444 1606 1480 “vestes
1639 1455 1698 1481 ex
1730 1454 1923 1494 purpura

442 1507 487 1541 et
514 1501 687 1553 bysso.”
748 1502 878 1542 Talia
904 1503 1042 1542 etiam
1069 1503 1277 1542 dicuntur
1302 1503 1358 1542 de
1388 1506 1532 1555 “rege
1559 1502 1922 1555 septentrionis,”

440 1564 513 1616 qui
539 1563 707 1604 bellum
735 1565 876 1617 gessit
903 1571 1063 1604 contra
1089 1578 1243 1617 regem
1271 1565 1482 1613 meridiei,
1507 1565 1624 1618 apud
1650 1565 1892 1614 Danielem,

505 1652 580 1684 Rex
598 1654 850 1693 septentrionis
866 1655 883 1667 ‘¹
894 1659 1029 1684 tantum
1045 1654 1159 1691 deum,
1175 1654 1391 1685 munitiones
1406 1663 1512 1693 super
1525 1653 1679 1685 statione
1693 1662 1758 1685 sua
1770 1654 1924 1685 honora-

611 1697 670 1734 bit,
685 1697 789 1727 deum
807 1707 909 1737 quem
928 1707 1000 1727 non
1019 1703 1195 1728 noverunt
1212 1703 1330 1737 patres
1344 1697 1434 1737 ejus,
1448 1698 1638 1728 honorabit
1651 1707 1747 1736 auro,
1761 1705 1921 1737 argento,

611 1747 645 1771 et
657 1741 772 1780 lapide
783 1741 939 1780 pretioso
953 1747 986 1771 et
999 1741 1290 1771 desiderabilibus
1306 1750 1312 1778 ;
1333 1741 1437 1772 faciet
1451 1741 1673 1772 munimenta
1684 1741 1920 1772 munitionum

611 1793 689 1814 curn
714 1784 780 1814 deo
805 1784 943 1821 alieno;
968 1784 1026 1824 qui
1050 1783 1236 1823 agnoverit
1259 1794 1391 1824 magno
1410 1784 1579 1815 afficietur
1602 1785 1738 1815 honore
1749 1783 1767 1796 '¹
1787 1784 1846 1824 (xi.
1870 1785 1922 1823 38,

613 1827 667 1866 39)
682 1838 688 1858 ι

438 1915 586 1967 agitur
617 1915 659 1954 in
692 1929 745 1955 eo
779 1915 926 1967 capite
953 1915 1008 1955 de
1040 1914 1165 1955 bello
1191 1915 1310 1967 regis
1337 1915 1658 1967 septentrionis
1685 1928 1786 1956 cum
1814 1928 1921 1968 rege

438 1977 666 2027 meridiei;
705 1984 750 2025 et
788 1991 865 2030 per
899 1981 1092 2030 “regem
1125 1978 1450 2030 septentrionis
1463 1976 1481 1991 ''
1511 1977 1827 2029 intelliguntur
1858 1976 1922 2017 illi

438 2040 511 2092 qui
542 2040 585 2079 in
618 2041 806 2080 scientia
837 2054 895 2080 ex
928 2040 1083 2080 Verbo
1113 2046 1229 2088 sunt,
1258 2046 1304 2080 et
1337 2046 1491 2080 tamen
1525 2053 1614 2079 non
1647 2040 1691 2079 in
1722 2040 1829 2088 vita,
1857 2040 1922 2080 ita

438 2116 613 2155 quoque
636 2104 708 2155 qui
735 2103 777 2142 in
801 2102 898 2143 sola
919 2102 1004 2142 fide
1028 2103 1090 2142 ita
1114 2100 1246 2149 dusta,
1272 2108 1317 2142 et
1341 2115 1478 2154 usque
1502 2115 1591 2142 non
1615 2102 1658 2141 in
1681 2101 1918 2149 charitate,

437 2165 554 2205 hanc
595 2164 836 2216 rejiciendo
877 2165 991 2205 sicut
1038 2164 1094 2203 ad
1141 2163 1334 2204 salutem
1376 2177 1466 2204 non
1513 2164 1796 2204 conducens:
1841 2177 1920 2217 per

440 2231 464 2247 “
477 2241 632 2279 regern
646 2227 663 2241 ’'
682 2234 833 2267 autem
855 2231 879 2247 “
893 2227 1091 2267 meridiei
1104 2226 1121 2240 ”
1136 2226 1452 2279 intelliguntur
1466 2227 1539 2279 qui
1557 2227 1599 2266 in
1615 2226 1921 2280 intelligentia

438 2304 496 2330 ex
524 2290 679 2330 Verbo
706 2296 823 2338 sunt,
853 2290 954 2343 quia
986 2290 1028 2329 in
1056 2289 1305 2339 charitate;
1338 2289 1383 2328 hi
1410 2295 1514 2329 sunt
1544 2293 1662 2329 “rex
1690 2290 1888 2330 meridiei
1901 2289 1919 2304 ''

438 2367 516 2393 seu
545 2354 701 2405 “regis
734 2352 972 2400 meridiei,”
1003 2353 1105 2405 quia
1134 2351 1409 2392 “meridies'‘
1441 2351 1663 2404 significat
1695 2351 1841 2392 lucem
1873 2358 1920 2393 et

438 2416 515 2456 lux
543 2416 908 2468 intelligentiam,
937 2422 982 2456 et
1011 2415 1089 2455 lux
1116 2414 1447 2467 intelligentiae
1474 2421 1543 2455 est
1570 2429 1629 2455 ex
1651 2414 1807 2456 Verbo
1831 2415 1920 2456 illis

438 2479 511 2532 qui
545 2479 587 2518 in
627 2478 851 2532 charitate
884 2485 1001 2526 sunt,
1036 2491 1150 2531 quae
1189 2483 1258 2517 est
1296 2478 1390 2517 vita
1435 2476 1562 2517 fidei:
1608 2477 1728 2530 quod
1765 2484 1915 2523 autem

438 2539 678 2593 supradicti
706 2541 795 2580 sint
821 2544 938 2580 “rex
966 2539 1327 2593 septentrionis‚''
1355 2554 1432 2580 seu
1461 2540 1616 2592 “regis
1643 2541 1918 2592 septentrio-

436 2603 542 2651 nis‚”
574 2609 643 2643 est
680 2604 781 2655 quia
815 2602 1136 2655 “septentrio”
1168 2601 1391 2654 significat
1429 2600 1624 2650 n0&em‚
1659 2608 1705 2642 et
1741 2616 1918 2655 quoque

437 2665 582 2706 lucem
614 2665 831 2717 frigidam,
867 2664 1010 2718 qualis
1047 2671 1116 2706 est
1155 2664 1233 2704 lux
1271 2664 1431 2712 hieme,
1467 2678 1526 2704 ex
1559 2678 1659 2717 qua,
1693 2665 1794 2718 quia
1828 2678 1919 2705 non

437 2729 555 2768 inest
579 2727 714 2775 calor,
740 2727 861 2767 nulla
885 2727 1168 2768 frucfftificatio
1191 2733 1287 2777 est;
1325 2726 1515 2766 “calor''
1538 2727 1654 2766 enim
1678 2726 1919 2780 spiritualis

436 2797 504 2831 est
532 2789 741 2835 charitas,
767 2796 811 2829 et
838 2803 898 2829 ex
927 2790 1075 2830 calore
1102 2803 1180 2843 per
1207 2789 1353 2830 lucem
1377 2795 1445 2829 est
1468 2790 1612 2829 omnis
1635 2790 1918 2841 germinatio.

437 2853 504 2893 De
536 2852 656 2893 bello
687 2853 804 2892 inter
835 2867 914 2893 eos
946 2867 1075 2905 reges
1107 2854 1267 2905 agitur,
1301 2853 1402 2906 quia
1434 2853 1489 2892 de
1521 2852 1681 2892 ultimo
1713 2858 1918 2905 tempore

436 2915 668 2964 ecclesiae,
712 2917 894 2968 quando
935 2929 1067 2955 omne
1109 2915 1267 2955 salutis
1308 2915 1488 2968 ponitur
1533 2915 1576 2954 in
1624 2915 1813 2954 scientia
1858 2929 1918 2955 ex

437 2978 603 3028 Verbo,
638 2985 684 3020 et
725 2979 833 3020 niliil
870 2980 1071 3028 in'vita;
1118 2978 1236 3031 apud
1268 2984 1453 3031 gentem
1483 2977 1714 3030 Judaicam
1746 2978 1789 3017 in
1822 2983 1916 3018 tra-
