<?xml version="1.0" encoding="UTF-8"?>
<!DOCTYPE html PUBLIC "-//W3C//DTD XHTML 1.0 Transitional//EN"
    "http://www.w3.org/TR/xhtml1/DTD/xhtml1-transitional.dtd">
<html xmlns="http://www.w3.org/1999/xhtml" xml:lang="en" lang="en">
 <head>
  <title>
</title>
<meta http-equiv="Content-Type" content="text/html;charset=utf-8" />
  <meta name='ocr-system' content='tesseract 3.04.00' />
  <meta name='ocr-capabilities' content='ocr_page ocr_carea ocr_par ocr_line ocrx_word'/>
</head>
<body>
  <div class='ocr_page' id='page_1' title='image "apocalypsisexpli04sweduoft_0502.png"; bbox 0 0 2008 3458; ppageno 0'>
   <div class='ocr_carea' id='block_1_1' title="bbox 1776 0 2008 247">
    <p class='ocr_par' dir='ltr' id='par_1_1' title="bbox 1776 0 2008 247">
     <span class='ocr_line' id='line_1_1' title="bbox 1776 0 2008 247; baseline 0 3211"><span class='ocrx_word' id='word_1_1' title='bbox 1776 0 2008 247; x_wconf 95' lang='lat' dir='ltr'> </span> 
     </span>
    </p>
   </div>
   <div class='ocr_carea' id='block_1_2' title="bbox 387 399 1459 444">
    <p class='ocr_par' dir='ltr' id='par_1_2' title="bbox 387 399 1459 444">
     <span class='ocr_line' id='line_1_2' title="bbox 387 399 1459 444; baseline 0 -10"><span class='ocrx_word' id='word_1_2' title='bbox 387 403 499 444; x_wconf 89' lang='lat'>2404</span> <span class='ocrx_word' id='word_1_3' title='bbox 798 399 1129 433; x_wconf 74' lang='lat' dir='ltr'>APOCALYPSIS</span> <span class='ocrx_word' id='word_1_4' title='bbox 1161 401 1459 434; x_wconf 85' lang='lat' dir='ltr'><strong>EXPLICATA.</strong></span> 
     </span>
    </p>
   </div>
   <div class='ocr_carea' id='block_1_3' title="bbox 374 512 1881 3078">
    <p class='ocr_par' dir='ltr' id='par_1_3' title="bbox 384 512 1870 881">
     <span class='ocr_line' id='line_1_3' title="bbox 386 512 1870 568; baseline 0.003 -14"><span class='ocrx_word' id='word_1_5' title='bbox 386 515 460 568; x_wconf 89' lang='lat' dir='ltr'>qui</span> <span class='ocrx_word' id='word_1_6' title='bbox 485 515 528 555; x_wconf 90' lang='lat' dir='ltr'>in</span> <span class='ocrx_word' id='word_1_7' title='bbox 553 515 671 555; x_wconf 90' lang='lat' dir='ltr'>vitae</span> <span class='ocrx_word' id='word_1_8' title='bbox 705 520 750 555; x_wconf 91' lang='lat' dir='ltr'>et</span> <span class='ocrx_word' id='word_1_9' title='bbox 783 512 1012 555; x_wconf 62' lang='lat' dir='ltr'>doctrinae</span> <span class='ocrx_word' id='word_1_10' title='bbox 1044 515 1173 556; x_wconf 91' lang='lat' dir='ltr'>bonis</span> <span class='ocrx_word' id='word_1_11' title='bbox 1204 521 1250 556; x_wconf 90' lang='lat' dir='ltr'>et</span> <span class='ocrx_word' id='word_1_12' title='bbox 1276 515 1379 556; x_wconf 91' lang='lat' dir='ltr'>inde</span> <span class='ocrx_word' id='word_1_13' title='bbox 1405 515 1520 557; x_wconf 90' lang='lat' dir='ltr'>veris</span> <span class='ocrx_word' id='word_1_14' title='bbox 1543 522 1660 566; x_wconf 88' lang='lat' dir='ltr'>sunt,</span> <span class='ocrx_word' id='word_1_15' title='bbox 1688 516 1752 558; x_wconf 88' lang='lat' dir='ltr'>ita</span> <span class='ocrx_word' id='word_1_16' title='bbox 1775 522 1870 559; x_wconf 85' lang='lat' dir='ltr'>tam</span> 
     </span>
     <span class='ocr_line' id='line_1_4' title="bbox 385 573 1870 631; baseline 0.003 -15"><span class='ocrx_word' id='word_1_17' title='bbox 385 573 610 629; x_wconf 80' lang='lat' dir='ltr'>simplices</span> <span class='ocrx_word' id='word_1_18' title='bbox 636 590 769 630; x_wconf 90' lang='lat' dir='ltr'>quam</span> <span class='ocrx_word' id='word_1_19' title='bbox 797 575 930 625; x_wconf 68' lang='lat' dir='ltr'>docti,</span> <span class='ocrx_word' id='word_1_20' title='bbox 960 577 1209 631; x_wconf 89' lang='lat' dir='ltr'>ubicunque</span> <span class='ocrx_word' id='word_1_21' title='bbox 1235 579 1339 627; x_wconf 91' lang='lat' dir='ltr'>sint,</span> <span class='ocrx_word' id='word_1_22' title='bbox 1373 579 1465 619; x_wconf 89' lang='lat' dir='ltr'>sive</span> <span class='ocrx_word' id='word_1_23' title='bbox 1491 579 1608 620; x_wconf 90' lang='lat' dir='ltr'>intra</span> <span class='ocrx_word' id='word_1_24' title='bbox 1633 579 1870 620; x_wconf 88' lang='lat' dir='ltr'>ecclesiam</span> 
     </span>
     <span class='ocr_line' id='line_1_5' title="bbox 385 639 1870 694; baseline 0.003 -15"><span class='ocrx_word' id='word_1_25' title='bbox 385 640 477 680; x_wconf 89' lang='lat' dir='ltr'>sive</span> <span class='ocrx_word' id='word_1_26' title='bbox 504 646 636 680; x_wconf 86' lang='lat' dir='ltr'>extra</span> <span class='ocrx_word' id='word_1_27' title='bbox 662 640 797 679; x_wconf 91' lang='lat' dir='ltr'>illam.</span> <span class='ocrx_word' id='word_1_28' title='bbox 855 639 1110 680; x_wconf 86' lang='lat' dir='ltr'>Secundum</span> <span class='ocrx_word' id='word_1_29' title='bbox 1134 654 1313 681; x_wconf 90' lang='lat' dir='ltr'>sensum</span> <span class='ocrx_word' id='word_1_30' title='bbox 1340 641 1532 690; x_wconf 84' lang='lat' dir='ltr'><strong>litterae,</strong></span> <span class='ocrx_word' id='word_1_31' title='bbox 1556 655 1634 694; x_wconf 88' lang='lat' dir='ltr'>per</span> <span class='ocrx_word' id='word_1_32' title='bbox 1651 645 1870 683; x_wconf 88' lang='lat' dir='ltr'>“omnem</span> 
     </span>
     <span class='ocr_line' id='line_1_6' title="bbox 385 691 1870 756; baseline 0.001 -13"><span class='ocrx_word' id='word_1_33' title='bbox 385 709 586 755; x_wconf 84' lang='lat' dir='ltr'><strong>gentem,</strong></span> <span class='ocrx_word' id='word_1_34' title='bbox 615 702 791 750; x_wconf 87' lang='lat' dir='ltr'>tribum,</span> <span class='ocrx_word' id='word_1_35' title='bbox 817 701 1015 754; x_wconf 85' lang='lat' dir='ltr'>linguam</span> <span class='ocrx_word' id='word_1_36' title='bbox 1042 709 1087 743; x_wconf 90' lang='lat' dir='ltr'>et</span> <span class='ocrx_word' id='word_1_37' title='bbox 1114 703 1358 756; x_wconf 90' lang='lat' dir='ltr'>populum”</span> <span class='ocrx_word' id='word_1_38' title='bbox 1375 703 1688 756; x_wconf 88' lang='lat' dir='ltr'>intelliguntur</span> <span class='ocrx_word' id='word_1_39' title='bbox 1713 691 1870 745; x_wconf 79' lang='lat' dir='ltr'>ornnes</span> 
     </span>
     <span class='ocr_line' id='line_1_7' title="bbox 386 764 1870 818; baseline 0.002 -14"><span class='ocrx_word' id='word_1_40' title='bbox 386 778 445 805; x_wconf 88' lang='lat' dir='ltr'>ex</span> <span class='ocrx_word' id='word_1_41' title='bbox 472 778 734 818; x_wconf 91' lang='lat' dir='ltr'>quacunque</span> <span class='ocrx_word' id='word_1_42' title='bbox 761 764 976 817; x_wconf 79' lang='lat' dir='ltr'>religione</span> <span class='ocrx_word' id='word_1_43' title='bbox 1003 771 1134 816; x_wconf 78' lang='lat' dir='ltr'>sunt3</span> <span class='ocrx_word' id='word_1_44' title='bbox 1167 765 1245 806; x_wconf 91' lang='lat' dir='ltr'>sed</span> <span class='ocrx_word' id='word_1_45' title='bbox 1272 766 1315 805; x_wconf 92' lang='lat' dir='ltr'>in</span> <span class='ocrx_word' id='word_1_46' title='bbox 1342 779 1474 806; x_wconf 86' lang='lat' dir='ltr'>sensu</span> <span class='ocrx_word' id='word_1_47' title='bbox 1499 765 1714 818; x_wconf 84' lang='lat' dir='ltr'>spirituali</span> <span class='ocrx_word' id='word_1_48' title='bbox 1736 765 1870 807; x_wconf 88' lang='lat' dir='ltr'>intel-</span> 
     </span>
     <span class='ocr_line' id='line_1_8' title="bbox 384 827 1712 881; baseline 0.002 -14"><span class='ocrx_word' id='word_1_49' title='bbox 384 827 582 880; x_wconf 91' lang='lat' dir='ltr'>liguntur</span> <span class='ocrx_word' id='word_1_50' title='bbox 607 841 763 868; x_wconf 91' lang='lat' dir='ltr'>omnes</span> <span class='ocrx_word' id='word_1_51' title='bbox 789 829 861 880; x_wconf 91' lang='lat' dir='ltr'>qui</span> <span class='ocrx_word' id='word_1_52' title='bbox 887 827 1002 868; x_wconf 88' lang='lat' dir='ltr'>bene</span> <span class='ocrx_word' id='word_1_53' title='bbox 1029 828 1197 877; x_wconf 90' lang='lat' dir='ltr'>vivunt,</span> <span class='ocrx_word' id='word_1_54' title='bbox 1227 834 1273 869; x_wconf 91' lang='lat' dir='ltr'>et</span> <span class='ocrx_word' id='word_1_55' title='bbox 1299 828 1413 869; x_wconf 91' lang='lat' dir='ltr'>bene</span> <span class='ocrx_word' id='word_1_56' title='bbox 1439 828 1712 881; x_wconf 90' lang='lat' dir='ltr'>intelligunt.</span> 
     </span>
    </p>

    <p class='ocr_par' dir='ltr' id='par_1_4' title="bbox 383 893 1873 1510">
     <span class='ocr_line' id='line_1_9' title="bbox 465 893 1868 947; baseline 0 -12"><span class='ocrx_word' id='word_1_57' title='bbox 465 893 592 946; x_wconf 78' lang='lat'><strong><em>8¹73.</em></strong></span> <span class='ocrx_word' id='word_1_58' title='bbox 611 904 715 941; x_wconf 78' lang='lat' dir='ltr'><em>[Vers.</em></span> <span class='ocrx_word' id='word_1_59' title='bbox 730 904 773 942; x_wconf 85' lang='lat'>7.]</span> <span class='ocrx_word' id='word_1_60' title='bbox 793 893 1027 933; x_wconf 74' lang='lat' dir='ltr'>“Dicentem</span> <span class='ocrx_word' id='word_1_61' title='bbox 1040 906 1134 934; x_wconf 78' lang='lat' dir='ltr'>voce</span> <span class='ocrx_word' id='word_1_62' title='bbox 1149 894 1386 947; x_wconf 71' lang='lat' dir='ltr'>mayna.”—</span> <span class='ocrx_word' id='word_1_63' title='bbox 1399 893 1534 946; x_wconf 78' lang='lat' dir='ltr'>Quod</span> <span class='ocrx_word' id='word_1_64' title='bbox 1553 893 1777 947; x_wconf 88' lang='lat' dir='ltr'>significet</span> <span class='ocrx_word' id='word_1_65' title='bbox 1793 908 1868 936; x_wconf 82' lang='lat' dir='ltr'>ex·</span> 
     </span>
     <span class='ocr_line' id='line_1_10' title="bbox 384 955 1871 1010; baseline 0.001 -15"><span class='ocrx_word' id='word_1_66' title='bbox 384 955 686 1003; x_wconf 78' lang='lat' dir='ltr'>hortationem,</span> <span class='ocrx_word' id='word_1_67' title='bbox 705 961 884 995; x_wconf 91' lang='lat' dir='ltr'>constat</span> <span class='ocrx_word' id='word_1_68' title='bbox 904 969 961 995; x_wconf 88' lang='lat' dir='ltr'>ex</span> <span class='ocrx_word' id='word_1_69' title='bbox 981 955 1307 1008; x_wconf 87' lang='lat' dir='ltr'>significatione</span> <span class='ocrx_word' id='word_1_70' title='bbox 1326 956 1485 996; x_wconf 92' lang='lat' dir='ltr'>“vocis</span> <span class='ocrx_word' id='word_1_71' title='bbox 1503 955 1734 1008; x_wconf 87' lang='lat' dir='ltr'>magnae,&#39;&#39;</span> <span class='ocrx_word' id='word_1_72' title='bbox 1750 956 1871 1010; x_wconf 92' lang='lat' dir='ltr'>quod</span> 
     </span>
     <span class='ocr_line' id='line_1_11' title="bbox 384 1017 1871 1072; baseline 0.001 -14"><span class='ocrx_word' id='word_1_73' title='bbox 384 1019 442 1059; x_wconf 89' lang='lat' dir='ltr'>sit</span> <span class='ocrx_word' id='word_1_74' title='bbox 484 1018 759 1067; x_wconf 85' lang='lat' dir='ltr'>exhortatio,</span> <span class='ocrx_word' id='word_1_75' title='bbox 798 1018 900 1071; x_wconf 90' lang='lat' dir='ltr'>quia</span> <span class='ocrx_word' id='word_1_76' title='bbox 940 1017 1128 1058; x_wconf 88' lang='lat' dir='ltr'>involvit</span> <span class='ocrx_word' id='word_1_77' title='bbox 1165 1018 1412 1071; x_wconf 83' lang='lat' dir='ltr'>sequentia,</span> <span class='ocrx_word' id='word_1_78' title='bbox 1448 1018 1522 1058; x_wconf 91' lang='lat' dir='ltr'>ubi</span> <span class='ocrx_word' id='word_1_79' title='bbox 1558 1019 1717 1059; x_wconf 89' lang='lat' dir='ltr'>dicitur</span> <span class='ocrx_word' id='word_1_80' title='bbox 1751 1018 1871 1072; x_wconf 91' lang='lat' dir='ltr'>quod</span> 
     </span>
     <span class='ocr_line' id='line_1_12' title="bbox 387 1080 1871 1133; baseline 0.001 -12"><span class='ocrx_word' id='word_1_81' title='bbox 387 1081 637 1121; x_wconf 89' lang='lat' dir='ltr'>“timerent</span> <span class='ocrx_word' id='word_1_82' title='bbox 665 1080 825 1128; x_wconf 89' lang='lat' dir='ltr'>Deum,</span> <span class='ocrx_word' id='word_1_83' title='bbox 851 1086 897 1121; x_wconf 75' lang='lat' dir='ltr'>e‘t</span> <span class='ocrx_word' id='word_1_84' title='bbox 924 1081 1084 1121; x_wconf 90' lang='lat' dir='ltr'>darent</span> <span class='ocrx_word' id='word_1_85' title='bbox 1111 1081 1200 1133; x_wconf 89' lang='lat' dir='ltr'>Ipsi</span> <span class='ocrx_word' id='word_1_86' title='bbox 1223 1080 1437 1133; x_wconf 84' lang='lat' dir='ltr'>gloriam:</span> <span class='ocrx_word' id='word_1_87' title='bbox 1465 1084 1594 1122; x_wconf 87' lang='lat' dir='ltr'>“vox</span> <span class='ocrx_word' id='word_1_88' title='bbox 1608 1080 1627 1096; x_wconf 91' lang='lat'>‘&#39;</span> <span class='ocrx_word' id='word_1_89' title='bbox 1648 1081 1692 1121; x_wconf 92' lang='lat' dir='ltr'>in</span> <span class='ocrx_word' id='word_1_90' title='bbox 1715 1080 1871 1122; x_wconf 91' lang='lat' dir='ltr'>Verbo</span> 
     </span>
     <span class='ocr_line' id='line_1_13' title="bbox 385 1142 1872 1197; baseline 0.001 -13"><span class='ocrx_word' id='word_1_91' title='bbox 385 1145 560 1197; x_wconf 91' lang='lat' dir='ltr'>saepius</span> <span class='ocrx_word' id='word_1_92' title='bbox 587 1144 759 1193; x_wconf 90' lang='lat' dir='ltr'>dicitur,</span> <span class='ocrx_word' id='word_1_93' title='bbox 788 1151 883 1184; x_wconf 90' lang='lat' dir='ltr'>tum</span> <span class='ocrx_word' id='word_1_94' title='bbox 912 1148 1041 1184; x_wconf 85' lang='lat' dir='ltr'>“vox</span> <span class='ocrx_word' id='word_1_95' title='bbox 1069 1157 1233 1196; x_wconf 87' lang='lat' dir='ltr'>magna</span> <span class='ocrx_word' id='word_1_96' title='bbox 1251 1144 1284 1195; x_wconf 84' lang='lat'>;&#39;&#39;</span> <span class='ocrx_word' id='word_1_97' title='bbox 1310 1152 1355 1185; x_wconf 93' lang='lat' dir='ltr'>et</span> <span class='ocrx_word' id='word_1_98' title='bbox 1382 1157 1482 1185; x_wconf 92' lang='lat' dir='ltr'>cum</span> <span class='ocrx_word' id='word_1_99' title='bbox 1508 1158 1534 1185; x_wconf 89' lang='lat' dir='ltr'>a</span> <span class='ocrx_word' id='word_1_100' title='bbox 1559 1142 1770 1194; x_wconf 80' lang='lat' dir='ltr'>Domino,</span> <span class='ocrx_word' id='word_1_101' title='bbox 1794 1150 1872 1186; x_wconf 87' lang='lat' dir='ltr'>aut</span> 
     </span>
     <span class='ocr_line' id='line_1_14' title="bbox 385 1206 1871 1260; baseline 0.001 -13"><span class='ocrx_word' id='word_1_102' title='bbox 385 1207 443 1247; x_wconf 89' lang='lat' dir='ltr'>ab</span> <span class='ocrx_word' id='word_1_103' title='bbox 476 1207 650 1260; x_wconf 86' lang='lat' dir='ltr'>angelis</span> <span class='ocrx_word' id='word_1_104' title='bbox 678 1207 835 1260; x_wconf 87' lang='lat' dir='ltr'>Ipsius,</span> <span class='ocrx_word' id='word_1_105' title='bbox 864 1208 908 1252; x_wconf 85' lang='lat' dir='ltr'>in</span> <span class='ocrx_word' id='word_1_106' title='bbox 934 1220 1100 1260; x_wconf 89' lang='lat' dir='ltr'>genere</span> <span class='ocrx_word' id='word_1_107' title='bbox 1131 1206 1355 1260; x_wconf 88' lang='lat' dir='ltr'>significat</span> <span class='ocrx_word' id='word_1_108' title='bbox 1382 1207 1590 1248; x_wconf 91' lang='lat' dir='ltr'>Divinum</span> <span class='ocrx_word' id='word_1_109' title='bbox 1617 1206 1801 1257; x_wconf 90' lang='lat' dir='ltr'>Verum,</span> <span class='ocrx_word' id='word_1_110' title='bbox 1825 1214 1871 1249; x_wconf 87' lang='lat' dir='ltr'>et</span> 
     </span>
     <span class='ocr_line' id='line_1_15' title="bbox 385 1270 1871 1323; baseline 0.001 -13"><span class='ocrx_word' id='word_1_111' title='bbox 385 1283 519 1311; x_wconf 90' lang='lat' dir='ltr'>omne</span> <span class='ocrx_word' id='word_1_112' title='bbox 551 1270 670 1323; x_wconf 93' lang='lat' dir='ltr'>quod</span> <span class='ocrx_word' id='word_1_113' title='bbox 702 1270 906 1323; x_wconf 89' lang='lat' dir='ltr'>procedit</span> <span class='ocrx_word' id='word_1_114' title='bbox 933 1284 958 1310; x_wconf 90' lang='lat' dir='ltr'>a</span> <span class='ocrx_word' id='word_1_115' title='bbox 984 1270 1192 1318; x_wconf 89' lang='lat' dir='ltr'>Domino,</span> <span class='ocrx_word' id='word_1_116' title='bbox 1223 1270 1408 1322; x_wconf 91' lang='lat' dir='ltr'>proinde</span> <span class='ocrx_word' id='word_1_117' title='bbox 1439 1271 1576 1311; x_wconf 91' lang='lat' dir='ltr'>etiam</span> <span class='ocrx_word' id='word_1_118' title='bbox 1607 1270 1871 1312; x_wconf 87' lang='lat' dir='ltr'>mandatum</span> 
     </span>
     <span class='ocr_line' id='line_1_16' title="bbox 386 1330 1873 1384; baseline 0 -13"><span class='ocrx_word' id='word_1_119' title='bbox 386 1337 432 1371; x_wconf 91' lang='lat' dir='ltr'>et</span> <span class='ocrx_word' id='word_1_120' title='bbox 458 1337 769 1384; x_wconf 87' lang='lat' dir='ltr'>praeceptum,</span> <span class='ocrx_word' id='word_1_121' title='bbox 796 1331 860 1371; x_wconf 88' lang='lat' dir='ltr'>ita</span> <span class='ocrx_word' id='word_1_122' title='bbox 885 1345 1064 1384; x_wconf 90' lang='lat' dir='ltr'>quoque</span> <span class='ocrx_word' id='word_1_123' title='bbox 1090 1330 1479 1380; x_wconf 86' lang='lat' dir='ltr'>exhortationem,</span> <span class='ocrx_word' id='word_1_124' title='bbox 1507 1337 1554 1372; x_wconf 93' lang='lat' dir='ltr'>et</span> <span class='ocrx_word' id='word_1_125' title='bbox 1579 1331 1709 1384; x_wconf 90' lang='lat' dir='ltr'>plura</span> <span class='ocrx_word' id='word_1_126' title='bbox 1733 1342 1789 1380; x_wconf 83' lang='lat' dir='ltr'>(de</span> <span class='ocrx_word' id='word_1_127' title='bbox 1803 1342 1873 1380; x_wconf 87' lang='lat' dir='ltr'>qui-</span> 
     </span>
     <span class='ocr_line' id='line_1_17' title="bbox 383 1392 1869 1446; baseline 0.001 -14"><span class='ocrx_word' id='word_1_128' title='bbox 383 1403 444 1433; x_wconf 86' lang='lat' dir='ltr'>bus</span> <span class='ocrx_word' id='word_1_129' title='bbox 459 1404 602 1433; x_wconf 84' lang='lat' dir='ltr'>videatur</span> <span class='ocrx_word' id='word_1_130' title='bbox 616 1413 720 1441; x_wconf 85' lang='lat' dir='ltr'>supra,</span> <span class='ocrx_word' id='word_1_131' title='bbox 736 1413 766 1433; x_wconf 92' lang='lat' dir='ltr'>n.</span> <span class='ocrx_word' id='word_1_132' title='bbox 784 1392 877 1437; x_wconf 86' lang='lat'>261,</span> <span class='ocrx_word' id='word_1_133' title='bbox 902 1403 993 1444; x_wconf 85' lang='lat'>302.</span> <span class='ocrx_word' id='word_1_134' title='bbox 1008 1403 1104 1444; x_wconf 84' lang='lat'>424,</span> <span class='ocrx_word' id='word_1_135' title='bbox 1120 1392 1215 1438; x_wconf 79' lang='lat'>668,</span> <span class='ocrx_word' id='word_1_136' title='bbox 1236 1393 1335 1442; x_wconf 87' lang='lat'>682)</span> <span class='ocrx_word' id='word_1_137' title='bbox 1353 1407 1362 1444; x_wconf 71' lang='lat'><em>3</em></span> <span class='ocrx_word' id='word_1_138' title='bbox 1394 1406 1500 1433; x_wconf 81' lang='lat' dir='ltr'>nam</span> <span class='ocrx_word' id='word_1_139' title='bbox 1525 1407 1619 1434; x_wconf 92' lang='lat' dir='ltr'>VOX</span> <span class='ocrx_word' id='word_1_140' title='bbox 1643 1393 1702 1434; x_wconf 83' lang='lat' dir='ltr'>ab</span> <span class='ocrx_word' id='word_1_141' title='bbox 1727 1406 1869 1446; x_wconf 73' lang='lat' dir='ltr'>ange·</span> 
     </span>
     <span class='ocr_line' id='line_1_18' title="bbox 385 1457 1606 1510; baseline 0.001 -13"><span class='ocrx_word' id='word_1_142' title='bbox 385 1457 440 1497; x_wconf 90' lang='lat' dir='ltr'>lis</span> <span class='ocrx_word' id='word_1_143' title='bbox 466 1470 556 1498; x_wconf 92' lang='lat' dir='ltr'>non</span> <span class='ocrx_word' id='word_1_144' title='bbox 583 1463 652 1498; x_wconf 92' lang='lat' dir='ltr'>est</span> <span class='ocrx_word' id='word_1_145' title='bbox 678 1471 770 1497; x_wconf 87' lang='lat' dir='ltr'>vox</span> <span class='ocrx_word' id='word_1_146' title='bbox 797 1457 854 1497; x_wconf 93' lang='lat' dir='ltr'>ab</span> <span class='ocrx_word' id='word_1_147' title='bbox 879 1457 982 1505; x_wconf 86' lang='lat' dir='ltr'>illis,</span> <span class='ocrx_word' id='word_1_148' title='bbox 1006 1457 1085 1497; x_wconf 89' lang='lat' dir='ltr'>sed</span> <span class='ocrx_word' id='word_1_149' title='bbox 1111 1470 1191 1510; x_wconf 91' lang='lat' dir='ltr'>per</span> <span class='ocrx_word' id='word_1_150' title='bbox 1212 1457 1316 1497; x_wconf 91' lang='lat' dir='ltr'>illos</span> <span class='ocrx_word' id='word_1_151' title='bbox 1341 1471 1367 1497; x_wconf 90' lang='lat' dir='ltr'>a</span> <span class='ocrx_word' id='word_1_152' title='bbox 1393 1457 1606 1498; x_wconf 90' lang='lat' dir='ltr'>Domino.</span> 
     </span>
    </p>

    <p class='ocr_par' dir='ltr' id='par_1_5' title="bbox 374 1519 1881 3078">
     <span class='ocr_line' id='line_1_19' title="bbox 465 1519 1869 1573; baseline 0.001 -14"><span class='ocrx_word' id='word_1_153' title='bbox 465 1519 595 1573; x_wconf 82' lang='lat'><strong>874.</strong></span> <span class='ocrx_word' id='word_1_154' title='bbox 634 1520 814 1560; x_wconf 72' lang='lat' dir='ltr'>“Timete</span> <span class='ocrx_word' id='word_1_155' title='bbox 835 1520 974 1566; x_wconf 78' lang='lat' dir='ltr'>Deum,</span> <span class='ocrx_word' id='word_1_156' title='bbox 999 1523 1043 1559; x_wconf 72' lang='lat' dir='ltr'>et</span> <span class='ocrx_word' id='word_1_157' title='bbox 1063 1520 1157 1559; x_wconf 77' lang='lat' dir='ltr'>date</span> <span class='ocrx_word' id='word_1_158' title='bbox 1187 1519 1269 1572; x_wconf 81' lang='lat' dir='ltr'>Ipsi</span> <span class='ocrx_word' id='word_1_159' title='bbox 1288 1519 1697 1573; x_wconf 62' lang='lat' dir='ltr'>qloriamst-Quod</span> <span class='ocrx_word' id='word_1_160' title='bbox 1727 1520 1869 1572; x_wconf 88' lang='lat' dir='ltr'>signi-</span> 
     </span>
     <span class='ocr_line' id='line_1_20' title="bbox 386 1582 1872 1636; baseline 0.001 -13"><span class='ocrx_word' id='word_1_161' title='bbox 386 1582 490 1625; x_wconf 90' lang='lat' dir='ltr'>ficet</span> <span class='ocrx_word' id='word_1_162' title='bbox 516 1591 564 1624; x_wconf 79' lang='lat' dir='ltr'>ut</span> <span class='ocrx_word' id='word_1_163' title='bbox 593 1584 735 1624; x_wconf 82' lang='lat' dir='ltr'>colant</span> <span class='ocrx_word' id='word_1_164' title='bbox 764 1584 998 1624; x_wconf 76' lang='lat' dir='ltr'>Dominum</span> <span class='ocrx_word' id='word_1_165' title='bbox 1029 1598 1084 1624; x_wconf 79' lang='lat' dir='ltr'>ex</span> <span class='ocrx_word' id='word_1_166' title='bbox 1112 1583 1276 1624; x_wconf 83' lang='lat' dir='ltr'>Divino</span> <span class='ocrx_word' id='word_1_167' title='bbox 1306 1584 1457 1636; x_wconf 81' lang='lat' dir='ltr'>Ipsius</span> <span class='ocrx_word' id='word_1_168' title='bbox 1491 1583 1599 1625; x_wconf 85' lang='lat' dir='ltr'>Vero</span> <span class='ocrx_word' id='word_1_169' title='bbox 1623 1590 1708 1636; x_wconf 83' lang='lat' dir='ltr'>per</span> <span class='ocrx_word' id='word_1_170' title='bbox 1730 1584 1872 1625; x_wconf 81' lang='lat' dir='ltr'>vitam</span> 
     </span>
     <span class='ocr_line' id='line_1_21' title="bbox 386 1646 1870 1699; baseline 0 -12"><span class='ocrx_word' id='word_1_171' title='bbox 386 1647 617 1687; x_wconf 83' lang='lat' dir='ltr'>secundum</span> <span class='ocrx_word' id='word_1_172' title='bbox 648 1647 771 1695; x_wconf 82' lang='lat' dir='ltr'>illud,</span> <span class='ocrx_word' id='word_1_173' title='bbox 801 1653 981 1687; x_wconf 85' lang='lat' dir='ltr'>constat</span> <span class='ocrx_word' id='word_1_174' title='bbox 1014 1660 1072 1686; x_wconf 87' lang='lat' dir='ltr'>ex</span> <span class='ocrx_word' id='word_1_175' title='bbox 1105 1646 1432 1699; x_wconf 83' lang='lat' dir='ltr'>significatione</span> <span class='ocrx_word' id='word_1_176' title='bbox 1458 1647 1653 1688; x_wconf 87' lang='lat' dir='ltr'>“timere</span> <span class='ocrx_word' id='word_1_177' title='bbox 1685 1646 1870 1695; x_wconf 88' lang='lat' dir='ltr'>Deum,’&#39;</span> 
     </span>
     <span class='ocr_line' id='line_1_22' title="bbox 386 1707 1870 1760; baseline 0 -12"><span class='ocrx_word' id='word_1_178' title='bbox 386 1708 507 1760; x_wconf 89' lang='lat' dir='ltr'>quod</span> <span class='ocrx_word' id='word_1_179' title='bbox 533 1709 591 1748; x_wconf 87' lang='lat' dir='ltr'>sit</span> <span class='ocrx_word' id='word_1_180' title='bbox 617 1709 812 1748; x_wconf 90' lang='lat' dir='ltr'>revereri</span> <span class='ocrx_word' id='word_1_181' title='bbox 837 1714 883 1748; x_wconf 92' lang='lat' dir='ltr'>et</span> <span class='ocrx_word' id='word_1_182' title='bbox 906 1708 1056 1748; x_wconf 88' lang='lat' dir='ltr'>colere</span> <span class='ocrx_word' id='word_1_183' title='bbox 1080 1707 1327 1748; x_wconf 90' lang='lat' dir='ltr'>Dominum</span> <span class='ocrx_word' id='word_1_184' title='bbox 1354 1719 1408 1756; x_wconf 83' lang='lat' dir='ltr'>(de</span> <span class='ocrx_word' id='word_1_185' title='bbox 1423 1727 1487 1756; x_wconf 85' lang='lat' dir='ltr'>qua</span> <span class='ocrx_word' id='word_1_186' title='bbox 1501 1727 1605 1756; x_wconf 86' lang='lat' dir='ltr'>supra,</span> <span class='ocrx_word' id='word_1_187' title='bbox 1618 1727 1649 1748; x_wconf 89' lang='lat' dir='ltr'>n.</span> <span class='ocrx_word' id='word_1_188' title='bbox 1665 1707 1792 1760; x_wconf 85' lang='lat'>696);</span> <span class='ocrx_word' id='word_1_189' title='bbox 1822 1713 1870 1749; x_wconf 89' lang='lat' dir='ltr'>et</span> 
     </span>
     <span class='ocr_line' id='line_1_23' title="bbox 386 1771 1870 1826; baseline 0.001 -15"><span class='ocrx_word' id='word_1_190' title='bbox 386 1785 444 1811; x_wconf 88' lang='lat' dir='ltr'>ex</span> <span class='ocrx_word' id='word_1_191' title='bbox 463 1772 790 1825; x_wconf 86' lang='lat' dir='ltr'>significatione</span> <span class='ocrx_word' id='word_1_192' title='bbox 811 1773 953 1812; x_wconf 87' lang='lat' dir='ltr'>“dare</span> <span class='ocrx_word' id='word_1_193' title='bbox 978 1772 1066 1824; x_wconf 90' lang='lat' dir='ltr'>Ipsi</span> <span class='ocrx_word' id='word_1_194' title='bbox 1088 1771 1318 1824; x_wconf 89' lang='lat' dir='ltr'>gloriam,⁷&#39;</span> <span class='ocrx_word' id='word_1_195' title='bbox 1332 1772 1449 1826; x_wconf 90' lang='lat' dir='ltr'>quod</span> <span class='ocrx_word' id='word_1_196' title='bbox 1471 1772 1528 1813; x_wconf 90' lang='lat' dir='ltr'>sit</span> <span class='ocrx_word' id='word_1_197' title='bbox 1545 1772 1692 1813; x_wconf 88' lang='lat' dir='ltr'>vivere</span> <span class='ocrx_word' id='word_1_198' title='bbox 1710 1785 1870 1813; x_wconf 87' lang='lat' dir='ltr'>secun·</span> 
     </span>
     <span class='ocr_line' id='line_1_24' title="bbox 386 1834 1871 1887; baseline 0 -12"><span class='ocrx_word' id='word_1_199' title='bbox 386 1835 492 1875; x_wconf 89' lang='lat' dir='ltr'>dum</span> <span class='ocrx_word' id='word_1_200' title='bbox 520 1835 731 1875; x_wconf 87' lang='lat' dir='ltr'>Divinum</span> <span class='ocrx_word' id='word_1_201' title='bbox 755 1835 939 1881; x_wconf 85' lang='lat' dir='ltr'>Verum,</span> <span class='ocrx_word' id='word_1_202' title='bbox 968 1835 1052 1875; x_wconf 92' lang='lat' dir='ltr'>hoc</span> <span class='ocrx_word' id='word_1_203' title='bbox 1080 1841 1163 1883; x_wconf 86' lang='lat' dir='ltr'>est,</span> <span class='ocrx_word' id='word_1_204' title='bbox 1188 1835 1434 1875; x_wconf 89' lang='lat' dir='ltr'>secundum</span> <span class='ocrx_word' id='word_1_205' title='bbox 1460 1841 1702 1887; x_wconf 88' lang='lat' dir='ltr'>praecepta</span> <span class='ocrx_word' id='word_1_206' title='bbox 1727 1834 1871 1887; x_wconf 91' lang='lat' dir='ltr'>Ipsius</span> 
     </span>
     <span class='ocr_line' id='line_1_25' title="bbox 385 1896 1870 1950; baseline -0.001 -12"><span class='ocrx_word' id='word_1_207' title='bbox 385 1898 429 1938; x_wconf 92' lang='lat' dir='ltr'>in</span> <span class='ocrx_word' id='word_1_208' title='bbox 448 1897 628 1948; x_wconf 92' lang='lat' dir='ltr'>Verbo;</span> <span class='ocrx_word' id='word_1_209' title='bbox 662 1911 739 1950; x_wconf 91' lang='lat' dir='ltr'>per</span> <span class='ocrx_word' id='word_1_210' title='bbox 759 1901 783 1917; x_wconf 89' lang='lat'><em>“</em></span> <span class='ocrx_word' id='word_1_211' title='bbox 799 1896 1028 1950; x_wconf 87' lang='lat' dir='ltr'>gloriam‚&#39;‘</span> <span class='ocrx_word' id='word_1_212' title='bbox 1046 1897 1119 1937; x_wconf 89' lang='lat' dir='ltr'>ubi</span> <span class='ocrx_word' id='word_1_213' title='bbox 1141 1897 1196 1937; x_wconf 93' lang='lat' dir='ltr'>de</span> <span class='ocrx_word' id='word_1_214' title='bbox 1220 1897 1429 1946; x_wconf 90' lang='lat' dir='ltr'>Domino,</span> <span class='ocrx_word' id='word_1_215' title='bbox 1450 1896 1725 1950; x_wconf 87' lang='lat' dir='ltr'>significatur</span> <span class='ocrx_word' id='word_1_216' title='bbox 1744 1896 1870 1938; x_wconf 91' lang='lat' dir='ltr'>Divi·</span> 
     </span>
     <span class='ocr_line' id='line_1_26' title="bbox 386 1958 1870 2013; baseline 0 -13"><span class='ocrx_word' id='word_1_217' title='bbox 386 1972 492 2000; x_wconf 91' lang='lat' dir='ltr'>num</span> <span class='ocrx_word' id='word_1_218' title='bbox 525 1960 694 2001; x_wconf 88' lang='lat' dir='ltr'>Verum</span> <span class='ocrx_word' id='word_1_219' title='bbox 727 1960 975 2013; x_wconf 88' lang='lat' dir='ltr'>procedens</span> <span class='ocrx_word' id='word_1_220' title='bbox 1006 1959 1062 2000; x_wconf 91' lang='lat' dir='ltr'>ab</span> <span class='ocrx_word' id='word_1_221' title='bbox 1095 1959 1212 2012; x_wconf 85' lang='lat' dir='ltr'>Ipso,</span> <span class='ocrx_word' id='word_1_222' title='bbox 1246 1960 1310 2000; x_wconf 90' lang='lat' dir='ltr'>ita</span> <span class='ocrx_word' id='word_1_223' title='bbox 1335 1958 1537 2000; x_wconf 91' lang='lat' dir='ltr'>Verbum</span> <span class='ocrx_word' id='word_1_224' title='bbox 1564 1959 1696 2013; x_wconf 90' lang='lat' dir='ltr'>quale</span> <span class='ocrx_word' id='word_1_225' title='bbox 1726 1965 1795 2000; x_wconf 91' lang='lat' dir='ltr'>est</span> <span class='ocrx_word' id='word_1_226' title='bbox 1825 1959 1870 2000; x_wconf 89' lang='lat' dir='ltr'>in</span> 
     </span>
     <span class='ocr_line' id='line_1_27' title="bbox 386 2022 1871 2078; baseline 0.001 -15"><span class='ocrx_word' id='word_1_227' title='bbox 386 2022 525 2071; x_wconf 92' lang='lat' dir='ltr'>caelo,</span> <span class='ocrx_word' id='word_1_228' title='bbox 541 2036 644 2063; x_wconf 91' lang='lat' dir='ltr'>nam</span> <span class='ocrx_word' id='word_1_229' title='bbox 664 2023 706 2063; x_wconf 93' lang='lat' dir='ltr'>id</span> <span class='ocrx_word' id='word_1_230' title='bbox 726 2029 795 2063; x_wconf 90' lang='lat' dir='ltr'>est</span> <span class='ocrx_word' id='word_1_231' title='bbox 818 2022 896 2062; x_wconf 88' lang='lat' dir='ltr'>lux</span> <span class='ocrx_word' id='word_1_232' title='bbox 921 2022 1107 2075; x_wconf 88' lang='lat' dir='ltr'>angelis,</span> <span class='ocrx_word' id='word_1_233' title='bbox 1125 2035 1202 2074; x_wconf 91' lang='lat' dir='ltr'>per</span> <span class='ocrx_word' id='word_1_234' title='bbox 1220 2035 1352 2078; x_wconf 86' lang='lat' dir='ltr'>quam</span> <span class='ocrx_word' id='word_1_235' title='bbox 1372 2022 1591 2062; x_wconf 88' lang='lat' dir='ltr'>Dominus</span> <span class='ocrx_word' id='word_1_236' title='bbox 1613 2022 1871 2064; x_wconf 83' lang='lat' dir='ltr'>manifestat</span> 
     </span>
     <span class='ocr_line' id='line_1_28' title="bbox 385 2084 1870 2138; baseline 0.001 -13"><span class='ocrx_word' id='word_1_237' title='bbox 385 2097 510 2125; x_wconf 87' lang='lat' dir='ltr'>suam</span> <span class='ocrx_word' id='word_1_238' title='bbox 533 2085 748 2138; x_wconf 88' lang='lat' dir='ltr'>gloriam;</span> <span class='ocrx_word' id='word_1_239' title='bbox 783 2085 861 2126; x_wconf 92' lang='lat' dir='ltr'>dat</span> <span class='ocrx_word' id='word_1_240' title='bbox 884 2086 1001 2126; x_wconf 90' lang='lat' dir='ltr'>enim</span> <span class='ocrx_word' id='word_1_241' title='bbox 1028 2098 1106 2137; x_wconf 91' lang='lat' dir='ltr'>per</span> <span class='ocrx_word' id='word_1_242' title='bbox 1127 2085 1250 2125; x_wconf 89' lang='lat' dir='ltr'>illam</span> <span class='ocrx_word' id='word_1_243' title='bbox 1277 2085 1422 2125; x_wconf 92' lang='lat' dir='ltr'>lucem</span> <span class='ocrx_word' id='word_1_244' title='bbox 1449 2084 1798 2138; x_wconf 87' lang='lat' dir='ltr'>intelligentiam</span> <span class='ocrx_word' id='word_1_245' title='bbox 1823 2091 1870 2126; x_wconf 88' lang='lat' dir='ltr'>et</span> 
     </span>
     <span class='ocr_line' id='line_1_29' title="bbox 385 2145 1869 2201; baseline 0 -14"><span class='ocrx_word' id='word_1_246' title='bbox 385 2148 664 2200; x_wconf 87' lang='lat' dir='ltr'>sapientiam,</span> <span class='ocrx_word' id='word_1_247' title='bbox 694 2155 739 2188; x_wconf 92' lang='lat' dir='ltr'>et</span> <span class='ocrx_word' id='word_1_248' title='bbox 766 2162 940 2201; x_wconf 90' lang='lat' dir='ltr'>quoque</span> <span class='ocrx_word' id='word_1_249' title='bbox 967 2148 1083 2188; x_wconf 90' lang='lat' dir='ltr'>sistit</span> <span class='ocrx_word' id='word_1_250' title='bbox 1110 2160 1260 2188; x_wconf 88' lang='lat' dir='ltr'>coram</span> <span class='ocrx_word' id='word_1_251' title='bbox 1292 2147 1431 2188; x_wconf 91' lang='lat' dir='ltr'>oculis</span> <span class='ocrx_word' id='word_1_252' title='bbox 1456 2145 1632 2187; x_wconf 79' lang='lat' dir='ltr'>illorum</span> <span class='ocrx_word' id='word_1_253' title='bbox 1664 2145 1869 2199; x_wconf 87' lang='lat' dir='ltr'>magnifi-</span> 
     </span>
     <span class='ocr_line' id='line_1_30' title="bbox 385 2209 1869 2263; baseline -0.001 -13"><span class='ocrx_word' id='word_1_254' title='bbox 385 2223 451 2258; x_wconf 89' lang='lat' dir='ltr'>ca,</span> <span class='ocrx_word' id='word_1_255' title='bbox 476 2223 587 2262; x_wconf 90' lang='lat' dir='ltr'>quae</span> <span class='ocrx_word' id='word_1_256' title='bbox 619 2224 677 2250; x_wconf 87' lang='lat' dir='ltr'>ex</span> <span class='ocrx_word' id='word_1_257' title='bbox 711 2211 1040 2263; x_wconf 87' lang='lat' dir='ltr'>pretiosissimis</span> <span class='ocrx_word' id='word_1_258' title='bbox 1071 2210 1271 2262; x_wconf 86' lang='lat' dir='ltr'>fulgent;</span> <span class='ocrx_word' id='word_1_259' title='bbox 1304 2210 1464 2263; x_wconf 30' lang='lat' dir='ltr'>hoc-in</span> <span class='ocrx_word' id='word_1_260' title='bbox 1495 2222 1628 2249; x_wconf 86' lang='lat' dir='ltr'>sensu</span> <span class='ocrx_word' id='word_1_261' title='bbox 1660 2209 1869 2262; x_wconf 90' lang='lat' dir='ltr'>proximo</span> 
     </span>
     <span class='ocr_line' id='line_1_31' title="bbox 385 2271 1870 2325; baseline -0.001 -13"><span class='ocrx_word' id='word_1_262' title='bbox 385 2272 661 2325; x_wconf 87' lang='lat' dir='ltr'>significatur</span> <span class='ocrx_word' id='word_1_263' title='bbox 693 2286 770 2325; x_wconf 91' lang='lat' dir='ltr'>per</span> <span class='ocrx_word' id='word_1_264' title='bbox 799 2272 1029 2325; x_wconf 86' lang='lat' dir='ltr'>“gloriam</span> <span class='ocrx_word' id='word_1_265' title='bbox 1062 2272 1245 2312; x_wconf 91' lang='lat' dir='ltr'>Domini</span> <span class='ocrx_word' id='word_1_266' title='bbox 1263 2272 1297 2323; x_wconf 86' lang='lat'>;&#39;&#39;</span> <span class='ocrx_word' id='word_1_267' title='bbox 1328 2278 1374 2312; x_wconf 90' lang='lat' dir='ltr'>at</span> <span class='ocrx_word' id='word_1_268' title='bbox 1409 2272 1511 2325; x_wconf 89' lang='lat' dir='ltr'>quia</span> <span class='ocrx_word' id='word_1_269' title='bbox 1551 2272 1700 2311; x_wconf 90' lang='lat' dir='ltr'>omnia</span> <span class='ocrx_word' id='word_1_270' title='bbox 1738 2271 1814 2312; x_wconf 85' lang='lat' dir='ltr'>illa</span> <span class='ocrx_word' id='word_1_271' title='bbox 1843 2284 1870 2312; x_wconf 86' lang='lat' dir='ltr'>a</span> 
     </span>
     <span class='ocr_line' id='line_1_32' title="bbox 386 2333 1868 2388; baseline -0.001 -12"><span class='ocrx_word' id='word_1_272' title='bbox 386 2335 584 2376; x_wconf 91' lang='lat' dir='ltr'>Domino</span> <span class='ocrx_word' id='word_1_273' title='bbox 610 2335 773 2376; x_wconf 88' lang='lat' dir='ltr'>dantur</span> <span class='ocrx_word' id='word_1_274' title='bbox 799 2335 1043 2375; x_wconf 83' lang='lat' dir='ltr'>secundum</span> <span class='ocrx_word' id='word_1_275' title='bbox 1066 2336 1372 2388; x_wconf 89' lang='lat' dir='ltr'>receptionem</span> <span class='ocrx_word' id='word_1_276' title='bbox 1399 2334 1549 2375; x_wconf 90' lang='lat' dir='ltr'>Divini</span> <span class='ocrx_word' id='word_1_277' title='bbox 1576 2333 1684 2374; x_wconf 87' lang='lat' dir='ltr'>Veri</span> <span class='ocrx_word' id='word_1_278' title='bbox 1710 2347 1868 2387; x_wconf 89' lang='lat' dir='ltr'>proce-</span> 
     </span>
     <span class='ocr_line' id='line_1_33' title="bbox 385 2392 1868 2450; baseline -0.001 -11"><span class='ocrx_word' id='word_1_279' title='bbox 385 2398 534 2439; x_wconf 91' lang='lat' dir='ltr'>dentis</span> <span class='ocrx_word' id='word_1_280' title='bbox 559 2398 616 2438; x_wconf 92' lang='lat' dir='ltr'>ab</span> <span class='ocrx_word' id='word_1_281' title='bbox 644 2398 761 2450; x_wconf 86' lang='lat' dir='ltr'>Ipso,</span> <span class='ocrx_word' id='word_1_282' title='bbox 782 2398 1019 2450; x_wconf 87' lang='lat' dir='ltr'>magnifica</span> <span class='ocrx_word' id='word_1_283' title='bbox 1043 2397 1132 2446; x_wconf 87' lang='lat' dir='ltr'>illa,</span> <span class='ocrx_word' id='word_1_284' title='bbox 1156 2392 1269 2450; x_wconf 57' lang='lat' dir='ltr'>Quae</span> <span class='ocrx_word' id='word_1_285' title='bbox 1292 2398 1406 2438; x_wconf 92' lang='lat' dir='ltr'>sicut</span> <span class='ocrx_word' id='word_1_286' title='bbox 1428 2411 1487 2437; x_wconf 85' lang='lat' dir='ltr'>ex</span> <span class='ocrx_word' id='word_1_287' title='bbox 1513 2411 1619 2437; x_wconf 87' lang='lat' dir='ltr'>auro</span> <span class='ocrx_word' id='word_1_288' title='bbox 1641 2403 1687 2437; x_wconf 91' lang='lat' dir='ltr'>et</span> <span class='ocrx_word' id='word_1_289' title='bbox 1710 2397 1868 2449; x_wconf 87' lang='lat' dir='ltr'>lapidi·</span> 
     </span>
     <span class='ocr_line' id='line_1_34' title="bbox 384 2459 1868 2514; baseline -0.001 -13"><span class='ocrx_word' id='word_1_290' title='bbox 384 2461 467 2502; x_wconf 90' lang='lat' dir='ltr'>bus</span> <span class='ocrx_word' id='word_1_291' title='bbox 485 2461 690 2514; x_wconf 91' lang='lat' dir='ltr'>pretiosis</span> <span class='ocrx_word' id='word_1_292' title='bbox 705 2461 747 2500; x_wconf 89' lang='lat' dir='ltr'>in</span> <span class='ocrx_word' id='word_1_293' title='bbox 767 2459 957 2500; x_wconf 89' lang='lat' dir='ltr'>mirificis</span> <span class='ocrx_word' id='word_1_294' title='bbox 973 2460 1122 2500; x_wconf 89' lang='lat' dir='ltr'>formis</span> <span class='ocrx_word' id='word_1_295' title='bbox 1140 2460 1327 2512; x_wconf 88' lang='lat' dir='ltr'>fulgent,</span> <span class='ocrx_word' id='word_1_296' title='bbox 1349 2466 1567 2512; x_wconf 89' lang='lat' dir='ltr'>apparent</span> <span class='ocrx_word' id='word_1_297' title='bbox 1586 2459 1671 2499; x_wconf 90' lang='lat' dir='ltr'>illis</span> <span class='ocrx_word' id='word_1_298' title='bbox 1689 2472 1868 2511; x_wconf 87' lang='lat' dir='ltr'>prorsus</span> 
     </span>
     <span class='ocr_line' id='line_1_35' title="bbox 386 2521 1867 2575; baseline -0.002 -11"><span class='ocrx_word' id='word_1_299' title='bbox 386 2523 631 2564; x_wconf 90' lang='lat' dir='ltr'>secundum</span> <span class='ocrx_word' id='word_1_300' title='bbox 659 2524 924 2575; x_wconf 89' lang='lat' dir='ltr'>sapientiam</span> <span class='ocrx_word' id='word_1_301' title='bbox 951 2523 1068 2575; x_wconf 87' lang='lat' dir='ltr'>apud</span> <span class='ocrx_word' id='word_1_302' title='bbox 1095 2522 1208 2571; x_wconf 90' lang='lat' dir='ltr'>illos,</span> <span class='ocrx_word' id='word_1_303' title='bbox 1237 2529 1340 2563; x_wconf 91' lang='lat' dir='ltr'>sunt</span> <span class='ocrx_word' id='word_1_304' title='bbox 1367 2523 1484 2563; x_wconf 91' lang='lat' dir='ltr'>enim</span> <span class='ocrx_word' id='word_1_305' title='bbox 1512 2521 1867 2574; x_wconf 67' lang='lat' dir='ltr'>corresponden-</span> 
     </span>
     <span class='ocr_line' id='line_1_36' title="bbox 386 2584 1867 2639; baseline -0.002 -12"><span class='ocrx_word' id='word_1_306' title='bbox 386 2587 504 2627; x_wconf 87' lang='lat' dir='ltr'>tiae:</span> <span class='ocrx_word' id='word_1_307' title='bbox 548 2586 627 2626; x_wconf 88' lang='lat' dir='ltr'>sed</span> <span class='ocrx_word' id='word_1_308' title='bbox 659 2587 760 2639; x_wconf 91' lang='lat' dir='ltr'>quia</span> <span class='ocrx_word' id='word_1_309' title='bbox 796 2585 882 2625; x_wconf 88' lang='lat' dir='ltr'>illis</span> <span class='ocrx_word' id='word_1_310' title='bbox 923 2585 1141 2637; x_wconf 89' lang='lat' dir='ltr'>sapientia</span> <span class='ocrx_word' id='word_1_311' title='bbox 1177 2591 1246 2625; x_wconf 91' lang='lat' dir='ltr'>est</span> <span class='ocrx_word' id='word_1_312' title='bbox 1287 2585 1532 2625; x_wconf 89' lang='lat' dir='ltr'>secundum</span> <span class='ocrx_word' id='word_1_313' title='bbox 1563 2584 1867 2637; x_wconf 90' lang='lat' dir='ltr'>receptionem</span> 
     </span>
     <span class='ocr_line' id='line_1_37' title="bbox 385 2646 1868 2699; baseline -0.002 -10"><span class='ocrx_word' id='word_1_314' title='bbox 385 2649 534 2689; x_wconf 87' lang='lat' dir='ltr'>Divini</span> <span class='ocrx_word' id='word_1_315' title='bbox 566 2648 674 2689; x_wconf 90' lang='lat' dir='ltr'>Veri</span> <span class='ocrx_word' id='word_1_316' title='bbox 711 2662 799 2689; x_wconf 90' lang='lat' dir='ltr'>non</span> <span class='ocrx_word' id='word_1_317' title='bbox 838 2648 974 2688; x_wconf 89' lang='lat' dir='ltr'>modo</span> <span class='ocrx_word' id='word_1_318' title='bbox 1005 2646 1209 2688; x_wconf 63' lang='lat' dir='ltr'>dofflina</span> <span class='ocrx_word' id='word_1_319' title='bbox 1242 2647 1320 2688; x_wconf 92' lang='lat' dir='ltr'>sed</span> <span class='ocrx_word' id='word_1_320' title='bbox 1355 2648 1490 2687; x_wconf 89' lang='lat' dir='ltr'>etiam</span> <span class='ocrx_word' id='word_1_321' title='bbox 1521 2647 1628 2695; x_wconf 90' lang='lat' dir='ltr'>vita,</span> <span class='ocrx_word' id='word_1_322' title='bbox 1652 2646 1752 2687; x_wconf 88' lang='lat' dir='ltr'>ideo</span> <span class='ocrx_word' id='word_1_323' title='bbox 1789 2659 1868 2699; x_wconf 88' lang='lat' dir='ltr'>per</span> 
     </span>
     <span class='ocr_line' id='line_1_38' title="bbox 374 2709 1866 2763; baseline -0.003 -11"><span class='ocrx_word' id='word_1_324' title='bbox 374 2711 532 2752; x_wconf 84' lang='lat' dir='ltr'>&#39;“dare</span> <span class='ocrx_word' id='word_1_325' title='bbox 559 2711 648 2763; x_wconf 89' lang='lat' dir='ltr'>Ipsi</span> <span class='ocrx_word' id='word_1_326' title='bbox 674 2710 863 2763; x_wconf 86' lang='lat' dir='ltr'>gloriam</span> <span class='ocrx_word' id='word_1_327' title='bbox 877 2710 894 2725; x_wconf 87' lang='lat'>&#39;’</span> <span class='ocrx_word' id='word_1_328' title='bbox 916 2709 1190 2762; x_wconf 88' lang='lat' dir='ltr'>significatur</span> <span class='ocrx_word' id='word_1_329' title='bbox 1211 2710 1359 2750; x_wconf 89' lang='lat' dir='ltr'>vivere</span> <span class='ocrx_word' id='word_1_330' title='bbox 1385 2709 1629 2750; x_wconf 88' lang='lat' dir='ltr'>secundum</span> <span class='ocrx_word' id='word_1_331' title='bbox 1656 2709 1866 2748; x_wconf 90' lang='lat' dir='ltr'>Divinum</span> 
     </span>
     <span class='ocr_line' id='line_1_39' title="bbox 384 2771 1866 2826; baseline -0.003 -11"><span class='ocrx_word' id='word_1_332' title='bbox 384 2774 567 2815; x_wconf 92' lang='lat' dir='ltr'>Verum.</span> <span class='ocrx_word' id='word_1_333' title='bbox 630 2774 835 2815; x_wconf 89' lang='lat' dir='ltr'>Creditur</span> <span class='ocrx_word' id='word_1_334' title='bbox 871 2774 913 2814; x_wconf 92' lang='lat' dir='ltr'>in</span> <span class='ocrx_word' id='word_1_335' title='bbox 955 2773 1123 2813; x_wconf 91' lang='lat' dir='ltr'>mundo</span> <span class='ocrx_word' id='word_1_336' title='bbox 1159 2773 1277 2826; x_wconf 88' lang='lat' dir='ltr'>quod</span> <span class='ocrx_word' id='word_1_337' title='bbox 1314 2773 1533 2825; x_wconf 88' lang='lat' dir='ltr'>sapientia</span> <span class='ocrx_word' id='word_1_338' title='bbox 1572 2773 1642 2820; x_wconf 91' lang='lat' dir='ltr'>sit,</span> <span class='ocrx_word' id='word_1_339' title='bbox 1680 2771 1866 2824; x_wconf 89' lang='lat' dir='ltr'>proinde</span> 
     </span>
     <span class='ocr_line' id='line_1_40' title="bbox 384 2827 1881 2890; baseline -0.003 -12"><span class='ocrx_word' id='word_1_340' title='bbox 384 2837 573 2885; x_wconf 90' lang='lat' dir='ltr'>caelum,</span> <span class='ocrx_word' id='word_1_341' title='bbox 608 2837 692 2877; x_wconf 88' lang='lat' dir='ltr'>illis</span> <span class='ocrx_word' id='word_1_342' title='bbox 729 2837 802 2890; x_wconf 90' lang='lat' dir='ltr'>qui</span> <span class='ocrx_word' id='word_1_343' title='bbox 838 2838 982 2877; x_wconf 88' lang='lat' dir='ltr'>sciunt</span> <span class='ocrx_word' id='word_1_344' title='bbox 1021 2836 1182 2876; x_wconf 86' lang='lat' dir='ltr'>Divina</span> <span class='ocrx_word' id='word_1_345' title='bbox 1218 2835 1352 2884; x_wconf 90' lang='lat' dir='ltr'>Vera,</span> <span class='ocrx_word' id='word_1_346' title='bbox 1392 2842 1437 2876; x_wconf 91' lang='lat' dir='ltr'>et</span> <span class='ocrx_word' id='word_1_347' title='bbox 1475 2835 1548 2888; x_wconf 91' lang='lat' dir='ltr'>qui</span> <span class='ocrx_word' id='word_1_348' title='bbox 1584 2849 1641 2875; x_wconf 86' lang='lat' dir='ltr'>ex</span> <span class='ocrx_word' id='word_1_349' title='bbox 1681 2827 1881 2875; x_wconf 61' lang='lat' dir='ltr'>scienti‘a&#39;</span> 
     </span>
     <span class='ocr_line' id='line_1_41' title="bbox 385 2896 1865 2953; baseline -0.003 -13"><span class='ocrx_word' id='word_1_350' title='bbox 385 2900 627 2953; x_wconf 88' lang='lat' dir='ltr'>loquuntur</span> <span class='ocrx_word' id='word_1_351' title='bbox 657 2899 745 2948; x_wconf 92' lang='lat' dir='ltr'>illa,</span> <span class='ocrx_word' id='word_1_352' title='bbox 780 2899 961 2943; x_wconf 86' lang='lat' dir='ltr'>tametsi</span> <span class='ocrx_word' id='word_1_353' title='bbox 997 2912 1086 2938; x_wconf 92' lang='lat' dir='ltr'>non</span> <span class='ocrx_word' id='word_1_354' title='bbox 1118 2899 1320 2938; x_wconf 89' lang='lat' dir='ltr'>viverent</span> <span class='ocrx_word' id='word_1_355' title='bbox 1357 2897 1602 2938; x_wconf 89' lang='lat' dir='ltr'>secundum</span> <span class='ocrx_word' id='word_1_356' title='bbox 1641 2896 1743 2947; x_wconf 86' lang='lat' dir='ltr'>illa;</span> <span class='ocrx_word' id='word_1_357' title='bbox 1786 2896 1865 2936; x_wconf 90' lang='lat' dir='ltr'>sed</span> 
     </span>
     <span class='ocr_line' id='line_1_42' title="bbox 384 2959 1865 3014; baseline -0.003 -12"><span class='ocrx_word' id='word_1_358' title='bbox 384 2963 629 3002; x_wconf 88' lang='lat' dir='ltr'>contestari</span> <span class='ocrx_word' id='word_1_359' title='bbox 657 2975 837 3014; x_wconf 90' lang='lat' dir='ltr'>possum</span> <span class='ocrx_word' id='word_1_360' title='bbox 864 2961 982 3014; x_wconf 90' lang='lat' dir='ltr'>quod</span> <span class='ocrx_word' id='word_1_361' title='bbox 1008 2961 1094 3001; x_wconf 89' lang='lat' dir='ltr'>illis</span> <span class='ocrx_word' id='word_1_362' title='bbox 1120 2960 1241 3000; x_wconf 91' lang='lat' dir='ltr'>nulla</span> <span class='ocrx_word' id='word_1_363' title='bbox 1267 2961 1486 3012; x_wconf 87' lang='lat' dir='ltr'>sapientia</span> <span class='ocrx_word' id='word_1_364' title='bbox 1508 2961 1589 3010; x_wconf 90' lang='lat' dir='ltr'>sit;</span> <span class='ocrx_word' id='word_1_365' title='bbox 1622 2960 1666 2999; x_wconf 90' lang='lat' dir='ltr'>in</span> <span class='ocrx_word' id='word_1_366' title='bbox 1689 2959 1865 3011; x_wconf 89' lang='lat' dir='ltr'>sapien-</span> 
     </span>
     <span class='ocr_line' id='line_1_43' title="bbox 383 3022 1862 3078; baseline -0.002 -13"><span class='ocrx_word' id='word_1_367' title='bbox 383 3025 446 3066; x_wconf 88' lang='lat' dir='ltr'>tia</span> <span class='ocrx_word' id='word_1_368' title='bbox 468 3025 646 3078; x_wconf 89' lang='lat' dir='ltr'>quidem</span> <span class='ocrx_word' id='word_1_369' title='bbox 669 3031 886 3077; x_wconf 88' lang='lat' dir='ltr'>apparent</span> <span class='ocrx_word' id='word_1_370' title='bbox 910 3038 1007 3065; x_wconf 90' lang='lat' dir='ltr'>esse</span> <span class='ocrx_word' id='word_1_371' title='bbox 1030 3024 1207 3078; x_wconf 85' lang='lat' dir='ltr'>quando</span> <span class='ocrx_word' id='word_1_372' title='bbox 1230 3023 1482 3076; x_wconf 90' lang='lat' dir='ltr'>loquuntur,</span> <span class='ocrx_word' id='word_1_373' title='bbox 1502 3023 1580 3063; x_wconf 86' lang='lat' dir='ltr'>sed</span> <span class='ocrx_word' id='word_1_374' title='bbox 1604 3028 1650 3063; x_wconf 91' lang='lat' dir='ltr'>ut</span> <span class='ocrx_word' id='word_1_375' title='bbox 1674 3022 1862 3075; x_wconf 90' lang='lat' dir='ltr'>primum</span> 
     </span>
    </p>
   </div>
  </div>
 </body>
</html>
