2054 3464
402 364 512 415 2084
812 374 1141 408 APOCALYPSIS
1171 375 1469 407 EXPLICATA.

399 486 441 526 in
471 487 615 536 terris,
641 486 918 540 significatur
943 502 1021 541 per
1046 489 1165 542 quod
1191 488 1517 530 “laetabuntur
1543 487 1670 537 caeli,
1697 493 1744 530 et
1769 497 1881 539 gau-

399 547 525 589 debit
549 555 681 590 terra.
743 550 879 604 Apud
907 552 1114 600 eundem,

462 640 624 725 Jehovfijh
640 642 972 728 “jndicfgitjrgffim
987 644 1022 675 in
1036 644 1182 685 justitia,
1194 644 1363 685 judicabit
1374 643 1524 684 populos
1536 643 1572 676 in
1583 642 1852 676 militudinibus
1861 643 1881 657 ”

617 696 643 717 s.
662 696 705 718 1x.
724 696 743 726 9
813 711 820 718 .
871 711 878 718 .
960 698 966 719 ι

397 774 608 826 quoniam
641 788 719 827 per
747 774 973 816 “orbem’'
998 775 1268 829 intelligitur
1293 775 1485 817 ecclesia
1516 775 1664 829 quoad
1695 775 1878 825 bonum,

397 848 448 875 ac
479 835 718 887 “justitia''
744 837 907 878 dicitur
932 838 987 878 de
1014 838 1148 886 bono,
1173 839 1275 879 ideo
1297 838 1472 887 dicitur,
1499 837 1740 891 “Jehovah
1761 837 1878 891 judi-

396 897 517 939 cabit
550 899 705 940 orbem
746 901 790 940 in
823 899 998 952 justitia
1015 900 1050 950 ;”
1086 907 1132 942 et
1170 901 1382 954 quoniam
1416 899 1638 953 “populi'’
1670 899 1880 942 dicuntur

396 959 469 1010 qui
494 960 537 999 in
563 961 694 1008 veris,
719 967 765 1001 et
790 960 1156 1002 “rectitudines’'
1178 967 1283 1002 sunt
1305 975 1412 1001 vera
1434 971 1619 1010 (utsupra),
1642 960 1746 1001 ideo
1767 960 1877 1002 dici-

395 1028 481 1070 tur,
524 1020 774 1074 “judicabit
815 1022 1006 1076 populos
1043 1023 1087 1062 in
1126 1021 1506 1063 rectitudinibus.'’
1565 1021 1718 1075 Apud·
1743 1021 1878 1070 Jere-

395 1097 543 1133 meam,

461 1173 652 1215 “Jehovah
669 1173 752 1205 facit
770 1179 898 1205 terram
917 1183 979 1214 per
996 1174 1162 1205 virtutem
1180 1183 1291 1212 suam,
1310 1180 1344 1205 et
1360 1180 1546 1214 praeparat
1563 1175 1684 1205 orbem
1705 1183 1768 1214 per
1787 1173 1879 1214 sapi-

567 1217 700 1291 entialm
721 1227 832 1300 su)arn,
853 1224 887 1248 et
907 1227 969 1258 per
989 1217 1262 1258 intelligentiam
1283 1227 1383 1249 suam
1404 1218 1563 1249 extendit
1582 1216 1729 1249 caelos”
1750 1216 1795 1257 (x.
1816 1225 1878 1256 123

568 1270 642 1300 cap.
674 1271 693 1292 ι.
713 1269 750 1299 Ι5
780 1271 786 1292 :

395 1347 636 1400 “Jehovah
662 1348 767 1388 facit
795 1354 960 1389 terram
987 1362 1065 1401 per
1086 1348 1301 1388 virtutem
1327 1360 1451 1388 suam
1465 1347 1484 1363 ”
1507 1347 1731 1401 significat
1757 1347 1877 1402 quod

393 1410 613 1451 Dominus
655 1410 892 1451 ecclesiam
930 1411 1131 1452 stabiliat
1163 1425 1242 1464 per
1272 1411 1526 1464 potentiam
1559 1411 1709 1452 Divini
1740 1410 1876 1462 Veri;

395 1476 670 1526 “praeparat
703 1474 856 1514 orbem
896 1487 973 1527 per
1009 1474 1277 1527 sapientiam
1310 1473 1466 1513 suam’'
1497 1473 1720 1526 significat
1757 1474 1875 1528 quod

391 1535 630 1577 ecclesiam
657 1551 769 1590 quae
801 1537 845 1577 in
871 1537 991 1577 bono
1016 1536 1178 1577 formet
1210 1551 1270 1577 ex
1303 1537 1468 1577 Divino
1494 1536 1622 1577 Bono
1647 1550 1724 1590 per
1751 1537 1876 1578 Divi-

392 1612 498 1639 num
525 1599 723 1650 Verum;
761 1603 875 1653 “per
906 1599 1258 1652 intelligentiam
1290 1612 1416 1639 suam
1443 1600 1653 1640 extendit
1685 1599 1876 1649 caelos,”

391 1659 649 1714 [¹¹significat
677 1663 796 1716 quod
822 1663 883 1703 sic
910 1662 1155 1716 amplificet
1182 1661 1346 1702 caelos.
1408 1661 1546 1716 Apud
1571 1662 1805 1712 Davidem,

455 1757 550 1789 “Tui
575 1757 663 1788 caeli
687 1764 722 1789 et
745 1763 806 1789 tua
825 1763 927 1796 terra,
948 1758 1071 1789 orbem
1096 1763 1131 1789 et
1155 1757 1410 1798 plenitudinem
1431 1756 1507 1798 ejus
1527 1757 1583 1789 Tu
1602 1749 1757 1790 fundasti
1768 1757 1787 1770 ¹'
1803 1757 1875 1798 (Ps.

563 1801 693 1832 lxxxix.
714 1809 752 1832 12
772 1800 830 1843 [B.
844 1802 889 1833 A.
913 1799 1002 1842 11]):

389 1904 467 1943 per
506 1890 694 1931 “caelos
735 1896 781 1931 et
818 1889 1015 1931 terram’‘
1045 1889 1322 1942 significatur
1353 1889 1544 1931 ecclesia
1578 1890 1622 1931 in
1654 1890 1791 1932 caelis
1827 1897 1874 1933 et

388 1954 432 1993 in
464 1953 607 2001 terris,
637 1958 824 2005 utraque
850 1952 997 2005 quoad
1023 1966 1154 2002 vera;
1192 1965 1243 1992 ac
1275 1966 1353 2005 per
1381 1952 1573 1993 “orbem
1599 1958 1645 1993 et
1677 1952 1874 2006 plenitu—

389 2015 539 2056 dinem
562 2014 685 2067 ejus’'
709 2014 985 2067 significatur
1007 2015 1198 2056 ecclesia
1219 2015 1263 2055 in
1285 2015 1421 2055 caelis
1443 2021 1489 2056 et
1515 2015 1557 2056 in
1582 2016 1725 2064 terris,
1750 2021 1873 2057 utra-

389 2090 474 2130 que
501 2077 648 2130 quoad
681 2077 825 2127 bona;
867 2077 1172 2130 “plenitudo'’
1197 2084 1301 2118 sunt
1327 2077 1446 2118 bona
1477 2083 1523 2118 et
1559 2091 1666 2118 vera
1695 2078 1739 2118 in
1771 2084 1874 2119 toto

389 2139 645 2192 complexu.
706 2139 844 2192 Apud
871 2140 1079 2188 eundem,

455 2230 473 2242 ‘¹
486 2228 521 2259 Si
541 2228 721 2312 elurhlem’
740 2238 811 2259 non
833 2229 983 2260 dicerem
1004 2229 1075 2267 tibi,
1094 2228 1175 2270 quia
1195 2228 1285 2260 Mihi
1304 2229 1399 2260 orbis
1419 2235 1454 2260 et
1473 2229 1656 2269 plenitudo
1676 2228 1753 2270 ejus
1765 2227 1784 2240 ”
1801 2227 1873 2270 (Ps.

577 2296 582 2303 .
604 2280 641 2302 12
670 2283 676 2304 :

388 2359 501 2400 haec
524 2358 644 2414 dicta
670 2367 773 2401 sunt
800 2360 855 2401 de
882 2360 1120 2409 sacrificiis,
1149 2361 1267 2414 quod
1301 2361 1520 2401 Dominus
1551 2360 1638 2401 illis
1670 2373 1760 2401 non
1791 2360 1871 2401 de-

389 2420 594 2471 le&etur,
623 2423 701 2463 sed
729 2423 1009 2464 confessione
1035 2430 1081 2464 et
1108 2423 1340 2476 operibus;
1374 2436 1477 2464 nam
1503 2424 1716 2477 sequitur,

455 2511 576 2543 “Num
589 2513 802 2543 comederim
814 2522 956 2543 earnem
968 2513 1204 2551 robustorum,
1216 2519 1276 2544 aut
1289 2513 1498 2552 sanguinem
1513 2512 1690 2543 hircorum
1701 2511 1849 2543 biberim
1858 2513 1873 2544 5?

563 2555 725 2586 Sacrifica
740 2556 816 2587 Deo
833 2556 1107 2594 confessionem,
1125 2562 1160 2587 et
1176 2557 1321 2588 exsolve
1338 2556 1525 2587 Altissimo
1542 2562 1625 2587 vota
1643 2561 1704 2586 tua
1716 2554 1734 2566 ’'
1749 2553 1870 2597 [(vers.

564 2607 613 2637 13,
637 2597 704 2640 14)]
719 2610 725 2631 2

388 2701 524 2740 quare
547 2700 624 2740 per
652 2688 724 2727 “si
757 2689 967 2728 esurirem
981 2688 1000 2703 '²
1027 2687 1304 2741 significatur
1334 2688 1370 2728 si
1401 2687 1701 2728 desiderarem
1733 2687 1870 2728 sacri-

388 2749 511 2790 ficia:
555 2750 634 2790 sed
671 2750 773 2802 quia
806 2750 1026 2790 Dominus
1058 2750 1228 2791 cultum
1260 2750 1356 2791 vult
1394 2764 1452 2790 ex
1490 2749 1618 2790 bonis
1654 2756 1700 2791 et
1737 2750 1867 2798 veris,

387 2814 562 2861 dicitur,
594 2811 748 2864 “Quia
776 2812 886 2852 Mihi
913 2813 1031 2853 orbis
1057 2819 1103 2854 et
1130 2813 1364 2866 plenitudo
1390 2812 1481 2865 ejus
1499 2812 1533 2862 ;'’
1567 2811 1869 2865 “plenitudo’'

387 2873 611 2926 significat
638 2873 759 2913 bona
785 2879 831 2913 et
861 2887 968 2913 vera
999 2874 1043 2913 in
1074 2879 1177 2914 toto
1202 2873 1447 2926 complexu
1474 2883 1523 2922 (ut
1536 2884 1671 2921 supra):
1703 2873 1868 2913 dicitur

386 2935 566 2987 quidem
592 2934 678 2975 hoc
702 2934 757 2975 de
783 2935 939 2975 bestiis
966 2949 1079 2988 quae
1101 2934 1468 2983 sacrificarentur,
1497 2926 1584 2975 sed*
1602 2949 1679 2988 per
1701 2934 1800 2975 illas
1822 2935 1866 2974 in

386 3010 519 3038 sensu
559 2997 778 3050 spirituali
818 2996 1127 3050 significantur
1165 2997 1285 3038 varia
1322 3010 1488 3050 genera
1528 2997 1633 3037 boni
1673 3002 1718 3038 et
1758 2997 1864 3037 veri.

2044 2182 2054 2317 ..ux—:Ain
2040 2130 2054 2168 lam
2040 2073 2054 2114 ,’“..
2046 2051 2054 2057 ι
2044 2027 2054 2038 ¹„
2041 1975 2054 2007 ,ἐξ
2048 1948 2054 1954 ι
