2054 3464
616 372 722 406 CAP.
746 372 868 414 xm„
892 371 1030 405 VERS.
1055 371 1201 405 2.—N.
1223 359 1394 417 781[a].
1642 364 1750 414 2175

252 492 425 532 statum
450 488 619 544 absque
645 488 767 530 bono
797 493 842 529 et
868 487 1038 542 absque
1060 487 1202 539 veris-‚3
1237 486 1506 528 “desertum
1518 483 1537 500 ''
1563 489 1632 525 est
1657 489 1751 524 sta-

250 557 326 595 tus
358 551 528 606 absque
559 551 696 600 bono,
725 557 771 592 et
800 555 958 592 “terra
988 551 1243 591 siccitatum
1257 549 1276 565 ‘'
1302 554 1373 590 est
1404 554 1551 590 status
1583 546 1752 600 absque

250 615 396 666 veri33
425 617 564 655 “cum
592 626 806 667 pascuum
828 626 997 662 eorum,
1017 619 1125 654 tune
1149 612 1338 654 saturati
1363 610 1507 659 sunt‚”
1525 608 1751 663 significat

131 730 134 735 ,
175 678 197 683 ”’
219 711 222 713 Α
249 676 434 732 ‘quando
455 676 542 718 illis
565 677 674 718 data
696 683 801 718 sunt
818 677 939 717 bona
956 682 1002 718 et
1019 689 1139 725 vera,
1159 676 1246 717 hoc
1264 681 1349 724 est,
1369 675 1424 716 de
1442 673 1528 716 illis
1546 670 1752 714 instruffl

119 742 191 802 ζζῖ
223 740 312 798 Δεκ
344 738 515 790 Verbo,
549 753 688 794 usque
725 740 782 781 ad
815 739 997 793 plenam
1039 739 1333 780 nutritionem
1369 738 1576 788 animam
1611 740 1751 777 “cum

229 802 442 846 ‘saturati
472 810 591 852 sunt,
619 810 727 845 tunc
760 803 931 844 elatum
963 808 1034 843 est
1065 815 1142 843 cor
1173 800 1367 850 eorum,'’
1393 798 1616 854 significat
1649 812 1751 840 cum

248 878 312 911 ex
348 866 628 921 plenitudine
664 866 742 907 illa
777 865 1026 906 extulerint
1066 879 1114 906 se
1154 878 1287 918 super
1318 877 1490 912 omneS,
1523 862 1752 904 credendo

106 923 213 986 2⁵¹2}
251 929 374 985 quod
394 929 497 971 ideo
527 929 613 970 illis
635 929 742 970 solis
774 928 948 970 caelum
971 934 1018 969 et
1041 941 1131 968 non
1154 928 1276 968 aliis:
1313 930 1592 980 “propterea
1622 924 1751 966 obliti

107 1023 148 1050 21„
191 1015 193 1017 >
251 999 358 1034 sunt
394 991 515 1034 Mei”
546 992 769 1046 significat
802 991 922 1046 quod
953 991 1095 1032 fastus
1127 990 1436 1032 obliteraverit
1468 1003 1534 1037 ea,
1568 994 1615 1030 et
1646 988 1751 1028 inde

250 1055 486 1097 recesserit
523 1055 808 1104 desiderium,
842 1061 888 1096 et
921 1067 1022 1096 cum
1053 1054 1139 1095 hoc
1172 1067 1250 1094 cor
1279 1065 1435 1094 eorum
1466 1066 1492 1093 a
1524 1052 1748 1093 Domino:

239 1117 396 1160 “‘ideo
425 1116 567 1160 sanstus
602 1131 700 1159 sum
731 1118 818 1159 illis
849 1119 964 1159 sicut
1001 1117 1104 1159 leo''
1135 1115 1359 1171 significat
1396 1115 1500 1156 inde
1537 1115 1750 1156 devasta-

250 1181 424 1224 tionem
459 1182 607 1223 omnis
637 1182 730 1223 veri
766 1181 1010 1223 ecclesiae:
1046 1184 1131 1222 “et
1169 1182 1285 1222 sicut
1317 1179 1482 1233 pardus
1517 1192 1651 1232 super
1680 1179 1752 1218 via

246 1244 505 1287 observabo
517 1243 536 1260 ”
562 1244 786 1298 significat
811 1244 1172 1286 falsificationem
1198 1244 1291 1285 veri
1320 1257 1399 1297 per
1424 1242 1659 1283 ratiocinia
1690 1256 1749 1282 ex

251 1307 444 1349 naturali
476 1307 685 1359 homine;
719 1322 796 1362 per
816 1307 1075 1362 “pardum”
1093 1306 1372 1361 significatur
1396 1304 1648 1347 falsificatio
1674 1318 1753 1358 per
1790 1328 1791 1333 =

249 1370 498 1420 ratiocinia,
540 1384 619 1424 per
653 1371 840 1412 “viam'’
871 1385 1027 1413 verum
1062 1371 1233 1412 ducens
1269 1370 1327 1412 ad
1363 1370 1547 1417 bonum,
1587 1375 1633 1411 et
1674 1382 1753 1422 per

243 1433 532 1475 “observare
545 1433 564 1450 ’‘
591 1435 786 1476 intentio
812 1434 1112 1488 pervertendi.
1174 1434 1245 1475 Ita
1276 1433 1439 1474 dicitur
1464 1432 1520 1473 de
1553 1432 1752 1473 Domino

134 1514 149 1543 5
180 1534 186 1546 χ
240 1497 296 1538 -in
327 1509 462 1538 sensu
493 1496 673 1539 litterae
701 1497 842 1539 Verbi
875 1512 934 1539 ex
966 1498 1231 1552 apparentia
1256 1496 1380 1545 Veri,
1407 1497 1452 1537 in
1479 1509 1566 1550 qua
1597 1502 1751 1537 tamen

248 1558 434 1602 insitum
459 1559 572 1602 latet
600 1562 846 1615 genuinum
872 1561 1058 1610 Verum,
1083 1561 1203 1615 quod
1229 1567 1299 1602 est
1325 1573 1484 1601 sensus
1510 1559 1752 1612 spiritualis

184 1628 186 1630 ’
249 1623 406 1674 Verbi,
433 1625 554 1679 quod
582 1625 684 1678 Ipse
711 1639 801 1666 non
828 1626 885 1667 sit
912 1625 1026 1666 sicut
1054 1625 1139 1674 leo,
1164 1625 1238 1678 qui
1262 1623 1500 1665 ecclesiam
1523 1623 1749 1671 devastat,

108 1683 162 1730 ’ἔθ’
191 1726 195 1731 ,
245 1691 334 1730 ‘nec
359 1688 475 1729 sicut
503 1688 668 1742 pardus
691 1689 764 1742 qui
786 1702 891 1730 vera
913 1701 991 1742 per
1012 1688 1244 1729 ratiocinia
1268 1687 1488 1737 falsificat,
1513 1687 1592 1728 sed
1614 1687 1753 1728 homo

249 1751 324 1808 qui
343 1751 389 1793 id
410 1751 516 1792 facit
543 1752 726 1805 quando
752 1752 887 1793 corde
914 1751 1106 1793 effertur.
1168 1751 1244 1792 Ex
1271 1751 1338 1792 his
1365 1758 1574 1793 constare
1597 1757 1751 1805 potest

250 1814 357 1871 quid
381 1827 460 1868 per
487 1815 714 1868 “pardum
726 1814 745 1830 '¹
772 1815 816 1856 in
843 1814 1001 1856 Verbo
1025 1814 1316 1868 significatur.

328 1885 538 1942 781[a].
576 1886 664 1928 “ft
685 1887 815 1940 pedes
839 1887 927 1941 ejus
955 1887 1067 1928 sicut
1088 1886 1412 1940 ursi.''—Quod
1443 1886 1668 1941 significet
1697 1900 1754 1927 ex

245 1946 539 1992 ‘naturalibus
567 1963 679 2003 quae
707 1956 815 1991 sunt
830 1949 1069 2002 fallaciae,
1101 1955 1288 1991 constat
1318 1964 1378 1991 ex
1414 1949 1751 2003 significatione

251 2011 502 2068 “pedum,”
526 2012 648 2067 quod
680 2013 771 2054 sint
802 2013 1032 2054 naturalia
1057 2023 1112 2061 (de
1134 2033 1200 2061 qua
1221 2033 1327 2062 supra,
1342 2032 1374 2054 n.
1396 2012 1465 2066 69,
1485 2012 1636 2062 600[a],
1655 2013 1752 2065 632,

248 2075 378 2127 666>3
404 2081 452 2116 et
473 2088 534 2116 ex
556 2074 894 2128 significatione
922 2079 948 2096 ‘⁶
965 2075 1095 2124 ursi,''
1116 2075 1238 2130 quod
1263 2076 1355 2117 sint
1377 2076 1451 2130 qui
1473 2076 1517 2116 in
1539 2077 1751 2130 potentia

249 2149 310 2178 ex
331 2134 530 2177 naturali
551 2148 688 2176 sensu
710 2134 869 2184 Verbi,
889 2141 983 2177 tam
1008 2135 1116 2176 boni
1138 2149 1275 2190 quam
1297 2135 1407 2177 mali
1429 2147 1484 2185 (de
1497 2155 1562 2184 qua
1573 2146 1749 2187 sequitur);

70 2210 94 2261 ᾗ
112 2251 121 2259 .
180 2197 182 2202 ’
236 2197 371 2254 ‘quod
400 2197 474 2239 hic
505 2211 586 2252 per
616 2198 797 2252 “pedes
827 2198 1047 2247 bestiae,”
1070 2212 1188 2252 quae
1218 2199 1370 2253 quoad
1398 2212 1563 2253 corpus
1591 2199 1750 2240 similis

247 2258 330 2301 fuit
355 2257 515 2313 pardo,
538 2263 586 2299 et
611 2258 763 2311 quoad
794 2256 938 2312 pedes
963 2259 1080 2299 sicut
1106 2273 1248 2308 ursus,
1275 2259 1593 2312 significentur
1618 2259 1750 2301 falla-

247 2319 360 2367 ciae,
379 2323 451 2359 est
472 2317 577 2372 quia
599 2331 679 2371 per
703 2321 729 2338 ‘⁴
743 2317 936 2371 pardum
949 2317 969 2333 ’'
984 2318 1301 2372 significantur
1316 2319 1556 2361 ratiocinia
1577 2321 1750 2362 discor-

247 2377 408 2420 dantia
433 2384 480 2419 et
505 2391 648 2432 usque
668 2379 941 2432 apparentia
963 2379 1080 2420 sicut
1106 2378 1388 2420 cohaereant
1406 2390 1462 2428 (de
1474 2400 1540 2428 quo
1554 2401 1630 2421 mox
1645 2401 1751 2430 supra,

246 2457 279 2482 n.
299 2441 415 2494 780),
437 2446 485 2482 et
509 2439 587 2481 illa
608 2441 851 2482 ratiocinia
874 2447 1103 2495 quatenus
1127 2447 1234 2483 sunt
1260 2455 1320 2483 ex
1346 2443 1543 2484 naturali
1570 2444 1748 2494 ultimo,

250 2503 372 2558 quod
413 2509 484 2544 est
520 2503 744 2551 sensuale,
781 2510 887 2544 sunt
921 2503 1138 2553 fallaciae,
1177 2518 1291 2558 quae
1329 2505 1637 2559 significantur
1673 2521 1752 2560 per

206 2583 210 2585 -
251 2566 431 2620 “pedes
453 2565 576 2607 ursi.''
637 2565 795 2607 Multis
823 2567 868 2607 in
902 2566 1012 2608 locis
1040 2568 1084 2608 in
1107 2567 1264 2609 Verbo
1295 2569 1586 2610 nominantur
1611 2571 1749 2611 “bes-

247 2628 378 2678 tiae,”
388 2635 486 2671 tam
509 2629 704 2670 mundae
722 2643 857 2683 quam
876 2630 1150 2680 immundae,
1167 2637 1213 2672 et
1231 2645 1310 2685 per
1325 2632 1425 2673 illas
1442 2632 1751 2686 significantur

247 2692 383 2742 varia,
407 2706 520 2747 quae
543 2692 616 2734 vel
643 2693 758 2734 caeli
781 2692 855 2734 vel
883 2693 1040 2735 inferni
1061 2701 1192 2755 sunt;
1226 2708 1305 2748 per
1329 2696 1535 2737 “bestias
1560 2697 1751 2738 mundas

248 2762 294 2797 et
321 2755 454 2798 utiles
466 2755 486 2771 '’
511 2755 620 2797 talia
646 2770 760 2810 quae
788 2763 893 2798 sunt
921 2756 1047 2805 caeli,
1081 2770 1132 2798 ac
1159 2771 1238 2811 per
1262 2758 1469 2800 “bestias
1495 2759 1750 2801 immundas

251 2831 331 2860 seu
355 2818 574 2866 inutiles‚”
594 2819 703 2860 talia
721 2833 834 2873 quae
857 2826 961 2861 sunt
983 2820 1166 2871 inferni;
1194 2827 1240 2862 at
1263 2822 1368 2875 quid
1391 2822 1502 2863 caeli
1525 2829 1571 2864 et
1593 2822 1750 2865 inferni

249 2880 520 2934 significant,
541 2895 631 2923 non
655 2882 833 2924 aliunde
857 2882 1014 2924 melius
1037 2884 1137 2924 sciri
1160 2890 1314 2937 potest
1332 2898 1466 2938 quam
1489 2898 1547 2925 ex
1567 2899 1748 2939 reprae-

251 2944 490 2985 sentativis
515 2945 558 2985 in
585 2945 755 2986 mundo
777 2946 1009 2998 spirituali,
1035 2947 1108 2987 ubi
1134 2947 1271 2988 etiam
1297 2947 1470 2989 bestiae
1496 2955 1744 3001 apparent;

251 3019 366 3061 quae
406 3008 555 3048 omnia
595 3015 699 3050 sunt
745 3010 1037 3062 apparentiae
1077 3017 1472 3063 repraesentantes
1513 3001 1593 3052 illa‘
1629 3025 1744 3066 quae
