2054 3464
577 369 685 403 CAP.
708 370 810 411 XII„
833 370 972 404 VERS.
1000 371 1171 404 11.—N.
1193 360 1356 417 750[e].
1603 372 1714 415 2113

107 480 110 529 Ῐ
179 487 190 506 ²
214 493 268 525 ac
293 483 488 524 “aurum
500 481 520 499 ‘’
541 481 769 536 significat
791 482 975 532 bonum,
996 489 1043 525 et
1066 483 1111 525 in
1133 483 1349 539 opposito
1371 496 1506 525 sensu
1529 482 1714 532 malum,

213 543 318 587 ideo
343 545 520 596 dicitur,
547 545 848 600 “Argentum
875 560 1030 588 eorum
1057 553 1103 588 et
1130 560 1286 588 aurum
1309 559 1465 588 eorum
1492 560 1583 587 non
1610 553 1716 600 pot-

77 639 82 644 .
103 605 148 670 ἦ·
214 607 301 650 erit
317 609 489 664 eripere
506 622 586 651 eos
609 609 654 651 in
676 609 748 650 die
770 609 861 650 irae
877 609 1081 662 Jehovae
1102 609 1136 661 ;”
1165 613 1446 663 “argentum
1465 616 1511 651 et
1529 622 1685 650 aurum
1697 609 1717 625 ''

130 674 134 676 ’
214 677 287 713 est
309 684 402 713 non
423 685 579 717 verum
603 678 649 714 et
673 685 763 713 non
786 672 971 722 bonum,
996 679 1043 714 et
1065 687 1243 727 quoque
1264 672 1426 714 falsum
1449 678 1496 714 et
1519 671 1715 723 malum;

217 733 355 777 “dies
378 734 471 776 irae
482 733 502 750 ”
527 740 598 776 est
625 734 722 776 dies
742 733 910 788 judicii.
971 734 1111 789 Apud
1136 735 1342 786 Esaiam,

277 832 299 849 ‘⁶
311 829 389 864 Erit
404 830 482 864 Lux
500 830 644 864 Israelis
662 831 698 863 in
715 831 847 872 ignem,
861 838 897 863 et
914 830 1067 864 sandius
1085 831 1164 873 ejus
1181 832 1217 864 in
1234 832 1426 871 flammam,
1441 842 1531 873 quae
1547 831 1719 864 accendet

390 880 426 908 et
442 876 624 908 comedet.
638 901 646 908 .
660 901 667 908 .
683 875 850 916 ‚gloriam
869 876 981 908 silvae
1003 875 1080 916 ejus
1100 882 1136 908 et
1153 875 1375 909 Carmelum.
1390 901 1414 915 .,
1431 877 1477 908 ab
1494 875 1630 908 anima.
1645 885 1719 908 ,us-

391 928 461 961 que
477 919 524 952 ad
539 929 685 952 carnem
703 918 920 952 consumet''
937 919 983 960 (x.
1004 927 1054 958 17,
1075 919 1147 960 18):

100 983 122 1018 ἒν
131 974 142 1002 ἶ

103 1017 145 1072 ΒΤ.
207 1022 298 1071 'per
322 1014 534 1058 “Lucem
561 1014 742 1057 Israelis
754 1014 774 1031 ''
799 1021 846 1056 et
872 1028 952 1070 per
980 1013 1235 1057 “Sanetum
1262 1015 1394 1069 ejus,’'
1416 1016 1490 1070 qui
1516 1021 1647 1057 erunt
1673 1016 1717 1056 in

214 1079 370 1134 ignem
401 1084 449 1120 et
479 1078 725 1127 flammam,
759 1077 1032 1132 intelligitur
1063 1078 1288 1120 Dominus
1319 1079 1469 1133 quoad
1508 1078 1717 1120 ultimum

95 1136 149 1179 ῗῗ
209 1139 452 1197 judicium3
493 1155 574 1196 per
607 1142 804 1195 “ignem
841 1147 888 1184 et
919 1141 1150 1186 flammam
1163 1142 1182 1158 ”
1214 1142 1496 1196 significatur
1526 1143 1717 1184 exitium

94 1203 142 1250 *J
187 1204 395 1247 *illorum
431 1205 506 1260 qui
541 1205 586 1246 in
622 1204 745 1246 falsis
785 1204 893 1246 mali
929 1211 1060 1246 sunt:
1105 1218 1184 1259 per
1223 1205 1455 1258 “gloriam
1492 1205 1634 1246 silvae
1670 1211 1718 1246 et

215 1266 516 1318 Carmelum,”
535 1282 650 1323 quae
675 1268 832 1321 “ignis
857 1274 904 1309 et
925 1268 1108 1310 flamma
1130 1269 1344 1310 comedet
1368 1274 1415 1310 et
1437 1268 1719 1316 consumet,‘’

214 1330 497 1386 significatur
533 1331 756 1373 ecclesiae
796 1344 952 1372 verum
994 1344 1047 1373 ac
1089 1331 1259 1372 bonum
1300 1332 1408 1381 veri,
1448 1345 1577 1385 quae,
1616 1332 1719 1385 quia

214 1407 347 1436 versa
370 1399 477 1436 sunt
508 1395 552 1436 in
579 1393 693 1436 falsa
723 1400 771 1436 et
798 1394 920 1436 mala
944 1394 1060 1444 salsi,
1088 1394 1404 1437 destruentur:
1447 1395 1544 1436 “ab
1569 1395 1719 1436 anima

215 1469 357 1511 usque
381 1457 440 1498 ad
466 1457 683 1498 carnem”
706 1457 934 1511 significat
962 1472 1103 1512 usque
1126 1458 1183 1499 ab
1208 1456 1446 1499 intelle&u
1468 1457 1561 1511 ejus
1588 1464 1635 1499 et
1661 1458 1719 1499 ad

110 1555 133 1559 ,.
215 1519 506 1562 voluntatem
533 1520 652 1574 ejus;
689 1521 910 1563 “anima'’
937 1527 1008 1563 est
1040 1519 1303 1564 intelleetus
1327 1522 1435 1572 veri,
1464 1527 1511 1563 et
1540 1519 1720 1563 “caro''

88 1582 166 1626 ᾧ)
217 1589 288 1626 est
313 1582 528 1626 v'oluntas
554 1584 693 1640 boni..
737 1584 877 1639 Apud
907 1585 1116 1634 eundem,

282 1679 447 1712 “Stultus
471 1680 659 1712 stultitiam
685 1680 867 1722 loquitur„
882 1706 889 1714 .
903 1706 911 1714 .
926 1681 985 1714 ,ad
1010 1681 1256 1715 evacuandum
1280 1681 1439 1713 animam
1463 1681 1664 1720 esurientis,
1685 1687 1720 1714 et

391 1729 516 1766 potum
533 1724 689 1757 sitientis
707 1725 858 1757 deficere
875 1724 1010 1758 faciet’'
1028 1724 1149 1766 (xxxii.
1167 1725 1220 1767 6):

92 1871 102 1877 x,
129 1870 132 1875 ¹
217 1818 292 1863 hic
322 1819 464 1862 etiam
495 1833 576 1874 per
610 1820 848 1861 “animam
861 1819 880 1836 '’
912 1819 1193 1874 significatur
1223 1819 1364 1862 homo
1395 1820 1545 1875 quoad
1581 1819 1718 1862 intel-

98 1879 150 1930 ’5,
215 1880 386 1925 Ιεὲὶυπι
417 1883 524 1925 boni
556 1889 604 1926 et
634 1884 742 1932 veri,
776 1898 856 1938 per
889 1885 1124 1926 “animam
1157 1884 1427 1926 esurientis’'
1457 1882 1719 1926 intellet‘stus

77 1943 153 1989 ¹3..
186 1960 189 1963 “
216 1945 340 1996 boni,
373 1952 422 1988 et
458 1960 538 2002 per
572 1947 808 1988 “animam
846 1948 1042 1989 sitientis
1078 1947 1269 2002 potum'’
1299 1946 1561 1989 intelle6’ms
1598 1947 1717 1998 veri;

124 2050 130 2056 .
167 2006 170 2007 ⁷
216 2009 339 2066 quod
370 2009 511 2052 hom'o
542 2011 616 2065 qui
652 2011 697 2052 in
729 2010 853 2052 falsis
891 2010 999 2052 mali
1029 2017 1115 2060 est,
1149 2010 1385 2065 deprivare
1417 2017 1608 2052 conetur
1638 2010 1718 2052 illo

216 2072 450 2123 hominem
481 2074 557 2128 qui
592 2074 637 2115 in
668 2087 778 2115 vero
810 2088 869 2115 ex
901 2074 1024 2115 bono
1055 2080 1142 2123 est,
1175 2073 1457 2128 significatur
1486 2087 1566 2128 per
1597 2073 1718 2128 quod

174 2158 180 2159 ⁷
220 2135 428 2179 “stultus
451 2136 694 2179 stultitiam
717 2137 929 2192 loquatur
951 2138 1009 2179 ad
1032 2137 1345 2179 evacuandum
1372 2143 1419 2179 et
1445 2138 1502 2178 ad
1525 2137 1719 2179 deficere

97 2212 125 2242 κ’
160 2235 167 2243 ,
217 2199 474 2243 faciendum
500 2201 737 2242 animam.”
796 2200 936 2255 Apud
963 2201 1173 2251 eundem,

286 2298 391 2332 “El-it
414 2299 505 2332 sicut
529 2309 608 2331 cum
633 2299 790 2331 somniat
809 2298 1007 2338 famelicus,
1028 2299 1128 2340 quasi
1153 2304 1249 2331 esset
1268 2299 1472 2338 comedens,
1493 2298 1556 2330 sed
1576 2298 1720 2340 quando

393 2343 550 2384 evigilat,
570 2343 695 2384 jejuna
715 2350 769 2375 est
793 2343 916 2374 anima
939 2343 1039 2383 ejus;
1067 2349 1103 2375 et
1122 2343 1265 2384 quando
1285 2343 1442 2375 somniat
1463 2343 1598 2381 sitiens,
1619 2343 1720 2384 quasi

393 2393 491 2420 esset
500 2387 643 2425 'bibens
661 2387 725 2419 sed
742 2387 886 2428 quando
902 2387 1059 2428 evigilat,
1075 2396 1156 2419 ecce
1176 2387 1304 2425 lassus,
1321 2393 1356 2418 et
1375 2387 1498 2418 anima
1516 2387 1594 2427 ejus
1613 2396 1721 2427 appe-

393 2437 474 2463 tens
488 2441 495 2467 ς
519 2431 570 2463 sic
588 2431 654 2463 erit
670 2431 861 2463 multitudo
874 2431 1036 2463 omnium
1049 2431 1210 2472 gentium
1227 2431 1459 2463 militantium
1477 2437 1603 2462 contra
1619 2440 1721 2462 mon-

393 2481 467 2508 tem
484 2474 608 2507 Zionis
619 2474 637 2486 ”
654 2475 762 2515 (xxix.
781 2475 834 2516 8):

218 2573 332 2616 haec
355 2571 476 2616 dieta
497 2580 603 2615 sunt
626 2573 682 2615 de
704 2573 793 2614 illis
809 2573 884 2628 qui
906 2573 951 2614 in
973 2573 1096 2615 salsis
1113 2587 1174 2615 ex
1196 2573 1319 2615 malo
1341 2579 1462 2622 sunt,
1482 2579 1529 2614 et
1553 2579 1719 2627 putant

151 2630 157 2642 ”
220 2648 361 2692 usque
386 2636 464 2678 illa
485 2651 585 2678 esse
608 2651 715 2678 vera
742 2651 801 2678 ex
827 2637 976 2688 bono;
1007 2636 1122 2678 falsa
1147 2636 1255 2678 mali
1282 2637 1535 2691 pugnantia
1557 2642 1720 2677 contra

217 2700 341 2743 bona
365 2699 601 2750 ecclesiae,
626 2699 977 2754 “lsignificantur
1002 2714 1082 2755 per
1109 2700 1489 2742 “multitudinem
1516 2700 1717 2740 omnium

110 2821 114 2824 Π
138 2815 140 2818 y
218 2751 425 2820 gentium
448 2763 742 2806 militantium
762 2770 924 2806 contra
941 2771 1148 2806 montem
1167 2764 1321 2806 Zionis
1338 2764 1373 2816 ;''
1401 2762 1688 2804 “multitudo
1701 2761 1719 2777 '’

219 2827 507 2883 praedicatur
532 2828 588 2869 de
610 2829 740 2877 veris,
769 2831 972 2882 “gentes
984 2827 1003 2844 ”
1025 2827 1284 2882 significant
1311 2827 1445 2876 mala,
1470 2832 1517 2867 et
1543 2829 1719 2866 “mons

221 2890 404 2947 Zionis'’
436 2891 662 2945 significat
695 2891 938 2934 ecclesiam
970 2891 1120 2946 quoad
1156 2891 1327 2933 bonum
1359 2891 1551 2932 amoris:
1597 2888 1718 2929 mala

220 2967 336 3009 quae
372 2955 618 2996 creduntur
653 2969 754 2997 esse
790 2955 925 3005 bona,
965 2967 1067 2997 cum
1110 2960 1267 2996 tamen
1304 2961 1409 2996 sunt
1447 2953 1567 2994 mala
1602 2951 1718 3000 falsi,

221 3016 534 3072 significantur
574 3032 654 3072 per
692 3018 842 3060 “Erit
871 3019 988 3061 sicut
1029 3018 1262 3060 somnians
1303 3017 1550 3067 famelicuS,
1593 3016 1721 3071 quasi
