2008 3458
502 422 608 456 CAP.
632 423 754 464 xm„
778 424 916 458 VERs.
946 425 1115 468 14—N.
1140 415 1308 471 827[a].
1537 425 1645 470 2321

113 539 115 542 ’
144 535 310 586 facere,
343 542 454 586 erat,
488 537 591 592 quia
633 537 867 579 Ecclesiae
899 538 1147 593 Antiquae,
1181 554 1295 594 quae
1331 539 1508 581 fuerunt
1541 545 1648 580 ante

48 599 83 639 ’ᾀ-
149 596 406 642 Ecclesiam
431 600 740 650 Israeliticam,
770 601 988 643 ecclesiae
1014 603 1427 656 repraesentativae
1453 603 1646 650 fuerunt,

42 654 100 714 Ϊεῖ,
147 669 198 705 et
233 664 338 718 quia
376 662 454 705 filii
490 664 646 717 Jacobi
688 678 869 718 prorsus
911 667 1092 707 externi
1129 666 1335 708 homines
1371 666 1563 714 suerunt,
1602 672 1649 706 et

74 730 91 782 „⁷-
148 727 330 772 externi
354 726 560 768 homines
585 741 640 768 eo
667 733 890 780 tempore,
915 729 1096 782 quando
1123 730 1268 770 omnis
1295 728 1443 770 cultus
1469 741 1648 781 reprae-

46 792 97 846 Ῐ’
133 790 401 831 ,εεηῒεηίνυε
431 789 526 839 suit,
561 791 688 844 proni
719 790 776 831 ad
808 790 1090 832 idololatrias
1122 798 1266 841 erant,
1294 793 1357 833 ita
1388 791 1445 832 ad
1477 791 1648 832 cultum

41 889 98 898 ..
119 887 128 897 .,
148 850 307 908 talium
325 866 438 906 quae
456 866 608 894 coram
631 853 772 894 oculis
794 854 1089 906 apparebant.
1146 854 1275 895 Nunc
1296 855 1399 909 quia
1416 854 1649 908 Antiquae

147 913 383 957 Ecclesiae
414 917 828 969 repraesentativae
864 916 1056 966 fuerunt,
1090 917 1193 958 ideo
1225 918 1431 958 homines
1462 918 1647 958 istarum

147 977 439 1020 ecclesiarum
471 979 672 1021 fecerunt
710 979 793 1020 sibi
830 979 1056 1033 sculptilia
1093 986 1140 1022 et
1177 981 1397 1033 imagines
1428 980 1648 1020 variarum

48 1059 58 1070 ⁵
92 1063 95 1066 >
144 1054 309 1091 rerum,
328 1055 442 1097 quae
460 1043 866 1096 repraesentabant
885 1049 931 1085 et
949 1043 1053 1084 inde
1071 1043 1387 1097 significabant
1406 1043 1619 1084 caelestia
1638 1058 1647 1094 ;

36 1096 106 1161 ᾗ
133 1110 196 1146 εἴ
216 1105 389 1159 antiqui
410 1104 756 1147 delectabantur
777 1106 863 1147 illis
886 1120 945 1147 ex
969 1121 1024 1147 eo
1042 1107 1161 1160 quod
1185 1105 1490 1159 significarent
1510 1106 1617 1147 talia
1637 1120 1646 1156 ;

54 1168 99 1221 j>
140 1180 284 1222 quare
301 1181 404 1210 cum
421 1168 498 1210 illa
515 1167 848 1223 inspec'tabant‚
869 1163 1226 1210 recordabantur
1248 1169 1511 1210 caelestium
1535 1183 1648 1222 quae

147 1233 567 1284 repraesentabant.
587 1239 634 1274 et
657 1234 759 1287 quia
781 1233 892 1274 haec
915 1233 1145 1286 religionis
1167 1233 1344 1274 illorum
1363 1232 1552 1280 suerunt,
1573 1232 1650 1272 illa

52 1305 88 1348 ἰ,
147 1293 387 1347 colebant;
418 1296 524 1337 inde
549 1303 678 1337 erant
704 1295 791 1337 illis
818 1295 918 1346 luci,
943 1303 1072 1337 erant
1099 1295 1298 1345 excelsa,
1324 1301 1453 1336 erant
1479 1294 1647 1348 figurae

145 1356 369 1411 sculptae,
401 1357 523 1400 fusae
561 1365 607 1400 et
645 1357 806 1412 pictae,
845 1360 1021 1412 positae
1058 1359 1131 1400 vel
1168 1360 1212 1399 in
1251 1358 1376 1408 lucis,
1410 1357 1482 1399 vel
1519 1371 1650 1411 super

148 1421 396 1471 montibus,
423 1421 496 1463 vel
521 1423 565 1463 in
599 1422 795 1476 templis,
823 1422 896 1464 vel
928 1423 972 1463 in
999 1422 1206 1463 domibus
1233 1435 1401 1463 eorum.
1463 1421 1574 1462 Inde
1606 1422 1650 1462 in

147 1482 386 1539 Aegypto,
413 1485 488 1526 ubi
520 1485 710 1527 scientia
735 1486 1218 1539 repraesentationum,
1248 1499 1361 1539 quae
1388 1485 1547 1525 eadem
1581 1491 1650 1525 est

48 1603 51 1605 ‚
71 1595 77 1598 ,Ἴ
146 1557 251 1589 cum
272 1548 462 1590 scientia
483 1549 1003 1603 correspondentiarum,
1028 1548 1190 1597 floruit,
1214 1548 1392 1590 fuerunt
1415 1549 1648 1601 imagines,

146 1609 271 1652 idola
290 1617 337 1653 et
359 1611 599 1666 sculptilia,
621 1619 717 1653 tum
740 1612 1110 1666 hieroglyphica;
1143 1611 1348 1652 similiter
1369 1611 1487 1665 apud
1506 1613 1650 1652 varias

47 1719 76 1735 ==
146 1681 324 1728 gentes.
380 1673 468 1716 Sed
493 1676 673 1729 quando
695 1676 901 1717 homines
919 1675 1211 1717 ecclesiarum
1234 1675 1410 1716 illarum
1432 1675 1489 1715 ab
1511 1675 1649 1716 inter-

147 1739 216 1781 nis
251 1737 356 1781 faeti
392 1746 498 1781 sunt
535 1740 729 1788 externi,
763 1746 871 1780 tunc
903 1739 1119 1780 caelestia
1155 1746 1202 1780 et
1243 1738 1503 1792 spiritualia,
1538 1752 1650 1792 quae

146 1803 608 1860 repraesentabantur
626 1810 672 1844 et
694 1803 798 1844 inde
821 1802 1205 1857 significabantur,
1228 1809 1541 1843 remanserunt
1565 1803 1649 1842 sic-

147 1872 200 1908 ut
235 1862 510 1908 traditiones'
539 1866 659 1920 apud
692 1866 870 1907 illorum
908 1866 1172 1908 sacerdotes
1206 1872 1252 1907 et
1293 1866 1537 1918 sapientes,
1578 1866 1651 1918 qui

147 1929 301 1972 vocati
322 1935 427 1971 sunt
445 1931 567 1983 magi
589 1936 637 1971 et
655 1929 813 1971 harioli
831 1944 839 1980 ;
872 1930 976 1971 inde
994 1929 1157 1983 vulgus
1175 1935 1360 1982 propter
1377 1924 1649 1982 religiosum,

148 1992 270 2047 quod
296 1998 450 2046 patres
481 1993 661 2034 illorum
693 1993 737 2034 in
770 1993 856 2034 illis
881 1993 1106 2041 viderunt,
1135 1993 1286 2045 coepit
1313 1991 1460 2033 colere
1486 1991 1576 2040 illa,
1605 1998 1651 2032 et

148 2053 349 2098 t¹¹vocare
385 2069 490 2097 suos
527 2056 650 2098 deos.
726 2056 858 2097 Nunc
896 2057 999 2110 quia
1039 2055 1116 2096 filii
1151 2055 1308 2108 Jacobi
1346 2069 1452 2108 prae
1490 2055 1652 2095 ceteris

149 2119 331 2161 externi
356 2119 563 2162 homines
588 2119 782 2169 fuerunt,
817 2126 863 2161 et
895 2119 999 2160 inde
1032 2120 1160 2172 proni
1192 2119 1249 2159 ad
1278 2118 1576 2166 idololatrica‚
1605 2124 1651 2159 ct

140 2196 327 2237 „quoque
359 2183 422 2224 ad
460 2183 652 2237 magica,
686 2183 789 2224 ideo
821 2189 916 2224 tam
954 2195 1110 2223 severe
1143 2181 1419 2235 prohibitum
1452 2181 1532 2222 suit
1565 2180 1650 2221 illis

149 2246 233 2288 sibi
254 2246 399 2288 facere
422 2246 663 2300 sculptilia,
688 2247 910 2300 imagines
935 2252 982 2287 et
1008 2244 1173 2299 figuras
1196 2245 1327 2285 ullius
1350 2244 1651 2285 similitudinis

59 2315 85 2353 ·'<
148 2322 295 2352 rerum
322 2310 619 2352 existentium
651 2310 695 2350 in
727 2309 878 2358 caelis,
907 2322 1041 2362 super
1067 2315 1200 2357 terra,
1228 2314 1274 2349 et
1306 2308 1350 2348 in
1378 2307 1515 2358 mari;
1549 2308 1652 2360 quia

78 2415 82 2422 ,
131 2374 302 2416 ‘omnia
338 2387 453 2428 quae
493 2374 538 2414 in
579 2373 749 2414 mundo
789 2379 910 2422 sunt,
950 2373 1338 2426 repraesentativa
1377 2377 1496 2419 sunt,
1537 2372 1651 2411 sicut

149 2435 366 2487 volatilia,
390 2437 578 2485 bestiae,
604 2438 763 2490 pisces,
787 2435 965 2490 reptilia
986 2449 994 2486 ;
1028 2448 1133 2475 narn
1156 2441 1376 2489 quantum
1403 2434 1478 2475 illa
1504 2433 1649 2474 idolo-

150 2499 307 2542 latrice
338 2499 566 2549 colebant,
596 2506 776 2541 tantum
809 2513 900 2540 non
932 2498 1248 2552 agnoscebant
1284 2498 1531 2551 Jehovam;
1570 2496 1649 2536 sed

150 2577 289 2618 usque
320 2563 423 2618 quia
453 2563 591 2604 etiam
623 2563 742 2617 apud
778 2562 880 2604 illos
911 2562 1300 2615 repraesentativa
1331 2559 1522 2602 ecclesia
1553 2559 1646 2607 suit,

139 2625 437 2671 aedificatum
463 2633 532 2668 est
555 2625 932 2674 Tabernaculum‚
957 2626 1001 2665 in
1024 2638 1112 2679 quo
1138 2623 1524 2677 repraesentativa
1546 2635 1648 2662 cae-

151 2688 333 2732 lestium
364 2690 603 2743 praecipua
639 2690 788 2742 posita
823 2688 1014 2737 fuerunt,
1049 2688 1163 2728 sicut
1205 2700 1361 2727 mensa
1401 2699 1532 2739 super
1564 2698 1651 2738 qua

151 2766 307 2808 paneS‚
339 2753 483 2794 altare
515 2765 698 2793 aureum
731 2765 864 2805 super
895 2765 984 2805 quo
1016 2749 1291 2797 suffiebatur‚
1327 2748 1649 2790 candelabrum

151 2830 255 2860 cum
280 2816 485 2865 lucernis,
514 2829 618 2857 arca
644 2829 745 2857 cum
772 2815 1086 2869 propitiatorio
1118 2820 1163 2854 et
1197 2826 1298 2854 cum
1331 2811 1536 2854 cherubis
1569 2811 1648 2852 de-

42 2866 90 2914 ’ἦ
152 2892 299 2934 super,
332 2879 477 2921 altare
509 2893 598 2920 non
631 2878 785 2932 procul
823 2878 880 2919 ab
912 2878 1030 2918 ostio
1062 2875 1355 2923 tabernaculi,
1390 2887 1522 2927 super
1559 2887 1649 2927 quo

151 2944 269 2998 ignis
300 2956 452 2993 sacer;
500 2956 550 2984 ac
585 2949 744 2996 postea
775 2940 1060 2982 aedificatum
1094 2945 1163 2980 est
1195 2938 1451 2990 Templum,
1485 2938 1528 2978 in
1561 2950 1650 2990 quo

152 3006 290 3048 etiam
331 3007 481 3048 omnia
517 3006 904 3059 repraesentativa
945 3009 1088 3050 erant,
1129 3003 1242 3043 sicut
1285 2999 1483 3055 picturae
1524 3001 1645 3048 inibi,

153 3069 332 3113 lavacra
353 3076 487 3112 extra
509 3069 632 3117 illud,
653 3081 774 3109 mare
798 3079 986 3109 aeneum
1009 3066 1090 3107 sub
1117 3079 1205 3119 quo
1231 3065 1370 3106 boves
1396 3064 1469 3118 qui
1493 3070 1647 3117 porta-
