2054 3464
412 359 522 411 2158
823 368 1154 403 APOCALYPSIS
1185 370 1482 404 EXPLICATA.

408 479 509 521 ideo
539 479 583 521 in
615 480 829 521 mundum
855 481 992 530 venit,
1022 481 1101 522 sed
1135 488 1183 524 ut
1209 482 1421 535 judicium
1453 483 1633 533 faceret,
1660 489 1707 526 et
1737 497 1816 538 per
1844 478 1890 528 id

408 543 557 583 omnia
579 543 621 583 in
645 542 779 583 caelis
802 550 847 584 et
872 544 915 583 in
938 543 1117 585 infernis
1138 546 1181 586 in
1207 546 1407 586 ordinem
1422 547 1659 599 redigeret,
1683 553 1729 588 et
1759 547 1890 593 simul
1943 559 1946 561 ’

407 612 455 646 ut
481 605 751 658 glorificaret
777 605 1035 647 Humanum
1062 620 1214 658 suum;
1247 622 1325 662 per
1349 609 1392 649 id
1419 608 1579 650 salvati
1603 615 1707 651 sunt
1732 622 1890 652 omnes

406 673 452 709 et
484 667 726 717 salvantur,
755 669 826 721 qui
858 668 1025 709 bonum
1057 669 1113 710 ab
1145 670 1249 723 Ipso
1280 677 1326 712 et
1358 684 1446 711 non
1478 685 1504 712 a
1535 685 1582 712 se
1613 671 1812 714 fecerunt
1842 679 1889 716 et

405 730 585 779 faciunt,
607 738 650 771 et
674 732 733 771 sic
753 745 841 772 non
860 745 937 784 per
957 731 1149 785 aliquam
1167 734 1511 786 imputationem
1533 736 1678 777 meriti
1695 741 1742 777 et
1757 735 1888 790 justi-

409 793 498 833 tiae
525 793 692 845 Ipsius;
726 807 830 834 nam
856 794 992 835 docet
1019 795 1252 845 Dominus,

473 890 584 922 “Non
602 891 683 922 veni
700 892 744 923 ad
762 892 972 924 solvendum
993 893 1123 933 Legem
1140 900 1174 926 et
1191 891 1441 934 [¹]Prophetam
1457 904 1464 932 ς
1489 905 1560 927 non
1581 896 1662 928 veni
1679 897 1724 928 ad
1746 897 1887 930 solven-

577 935 660 965 dum
686 935 748 966 sed
772 936 816 966 ad
842 936 1072 976 implendum.
1125 962 1132 969 .
1147 937 1374 978 ...Quisquis
1402 939 1888 981 solverit...praeceptorum>

579 987 701 1009 eorum
715 979 912 1016 minimum,
924 986 958 1011 et
970 980 1128 1011 docuerit
1144 981 1192 1012 ita
1205 981 1377 1019 homines,
1389 981 1556 1013 minimus
1568 983 1750 1015 vocabitur
1763 983 1798 1015 in
1811 993 1890 1025 reg-

577 1031 624 1052 no
650 1022 847 1059 caelorum;
879 1023 936 1063 qui
965 1033 1048 1054 vero
1074 1023 1158 1054 facit
1186 1030 1220 1055 et
1245 1024 1357 1062 docet,
1383 1025 1439 1056 hic
1465 1034 1616 1065 magnus
1642 1027 1824 1059 vocabitur
1850 1027 1888 1060 in

577 1074 687 1104 regno
704 1065 880 1096 caelorum
893 1066 910 1077 '’
927 1066 1069 1106 (Matth.
1084 1076 1115 1099 v.
1136 1074 1184 1105 17,
1205 1075 1254 1107 19,
1272 1067 1368 1108 seq.).
1594 1064 1608 1075 ⁶

491 1167 571 1222 (v.)
603 1167 730 1218 Quod
745 1169 1074 1221 imputationem
1096 1170 1246 1211 meriti
1261 1170 1444 1212 Domini
1461 1171 1646 1224 acczffl'at
1665 1171 1788 1214 lzomo
1801 1179 1888 1227 per

402 1229 541 1271 solam
553 1231 706 1284 fidem,
730 1238 771 1271 et
791 1231 907 1272 nz'lzz'l
917 1238 1002 1284 per
1022 1239 1166 1285 opera,
1191 1239 1260 1273 est
1283 1233 1542 1275 conclusum
1565 1248 1624 1275 ex
1645 1235 1888 1287 ratiociniis

403 1307 515 1347 quae
548 1294 850 1346 praecedunt;
884 1301 930 1335 et
961 1295 1062 1348 quia
1092 1296 1325 1336 ratiocinia
1359 1296 1436 1337 illa
1468 1304 1571 1338 sunt
1602 1312 1662 1339 ex
1693 1298 1887 1340 naturali

402 1354 595 1403 homine,
624 1361 669 1395 et
696 1369 784 1396 non
812 1370 870 1397 ex
897 1357 1108 1398 rationali
1137 1357 1362 1399 illustrato
1393 1373 1419 1399 a
1449 1359 1677 1412 spirituali,
1705 1367 1751 1402 et
1782 1361 1886 1402 inde

401 1422 505 1457 sunt
530 1431 588 1457 ex
613 1417 732 1457 falsis
759 1424 804 1458 et
831 1432 923 1459 non
950 1433 1008 1459 ex
1033 1420 1160 1469 veris,
1182 1421 1380 1474 sequitur
1401 1421 1520 1474 quod
1547 1422 1807 1464 conclusum
1825 1436 1885 1465 ex

401 1477 486 1519 illis
511 1479 658 1520 cadat.

484 1551 558 1591 Ex
586 1552 651 1591 his
678 1559 884 1594 constare
912 1560 1063 1606 potest
1089 1555 1209 1608 quod
1235 1555 1292 1596 ad
1318 1555 1672 1598 confirmandum
1703 1557 1884 1612 aliquod

400 1613 661 1666 principium
685 1615 727 1655 in
751 1629 798 1656 se
820 1615 991 1666 falsum,
1014 1630 1111 1657 esse
1134 1617 1330 1659 debeant
1352 1619 1584 1659 ratiocinia
1605 1633 1664 1660 ex
1691 1620 1884 1662 naturali

400 1677 596 1725 homine,
630 1683 675 1718 et
708 1678 1071 1720 confirmationes
1108 1694 1166 1720 ex
1204 1680 1344 1721 Verbi
1380 1694 1513 1722 sensu
1549 1681 1741 1731 litterae,
1779 1695 1884 1724 nam

398 1740 629 1780 ratiocinia
669 1741 839 1781 dabunt
880 1743 1188 1795 apparentiam
1230 1743 1542 1785 cohaerentiae
1584 1744 1784 1786 locorum
1823 1759 1882 1787 ex

398 1815 530 1842 sensu
576 1802 753 1843 litterae
803 1803 942 1844 Verbi
987 1804 1350 1858 desumptorum:
1395 1819 1531 1860 quare
1577 1807 1811 1848 ratiocinia
1858 1821 1883 1850 e

398 1864 588 1904 naturali
605 1865 784 1906 homine
800 1866 1106 1918 significantur
1121 1881 1198 1920 per
1212 1871 1236 1888 “
1250 1868 1440 1909 bestiam
1458 1882 1481 1909 e
1499 1868 1646 1918 mari,”
1657 1875 1704 1910 et
1721 1869 1882 1911 confir-

397 1927 618 1967 mationes
659 1941 717 1967 ex
759 1941 891 1968 sensu
935 1929 1111 1970 litterae
1149 1929 1287 1970 Verbi
1325 1944 1403 1984 per
1436 1930 1665 1972 “bestiam
1701 1945 1725 1973 e
1762 1938 1883 1975 terra

396 1990 755 2030 ascendentem.‘’

474 2065 596 2111 775.
643 2058 887 2098 “nabentem
913 2059 1047 2111 capita
1070 2060 1458 2113 svumfss—Quod
1484 2060 1707 2114 significet
1736 2061 1879 2103 scien-

395 2116 507 2157 tiam
537 2118 791 2157 sambrum
832 2118 978 2166 Verbi,
1005 2132 1116 2171 quae
1131 2119 1452 2172 falsificaretur
1477 2126 1520 2160 et
1548 2120 1878 2176 adulterantur,
1911 2154 1922 2160 -

395 2183 575 2218 constat
607 2192 665 2218 ex
699 2178 1025 2231 significatione
1061 2180 1301 2232 “capitis‚’'
1332 2181 1451 2234 quod
1488 2182 1545 2222 sit
1581 2181 1881 2235 intelligentia

395 2244 442 2278 et
468 2238 706 2291 sapientia.
730 2253 781 2280 ac
808 2240 851 2280 in
878 2241 1092 2293 opposito
1114 2254 1249 2281 sensu
1270 2241 1444 2281 insania
1466 2247 1513 2282 et
1535 2242 1732 2283 stultitia
1749 2252 1803 2291 (de
1817 2262 1882 2291 qua

393 2320 498 2349 supra,
524 2320 555 2342 n.
571 2300 700 2353 [²³573,
728 2311 852 2353 577);
898 2309 944 2342 et
977 2303 1080 2354 quia
1109 2302 1418 2356 intelligentia
1452 2310 1498 2344 et
1537 2304 1758 2356 sapientia
1786 2317 1878 2345 non

395 2362 641 2415 praedicari
679 2369 830 2414 potest
868 2363 923 2403 de
964 2363 1050 2403 illis
1090 2364 1162 2416 qui
1202 2377 1280 2416 per
1319 2364 1550 2404 ratiocinia
1589 2378 1648 2405 ex
1686 2365 1880 2406 naturali

393 2425 572 2465 homine
612 2424 879 2465 confirmant
921 2427 1252 2478 separationem
1293 2425 1394 2466 fidei
1433 2433 1479 2467 et
1515 2427 1649 2476 vitae,
1689 2428 1762 2480 qui
1800 2441 1879 2481 per

396 2487 625 2528 “bestiam
658 2501 715 2527 ex
759 2488 867 2527 mari
908 2487 1262 2528 ascendentem”
1304 2488 1630 2541 intelliguntur,
1663 2489 1764 2531 ideo
1801 2503 1879 2542 per

396 2553 569 2602 “caput
596 2548 687 2601 ejus
700 2549 718 2564 ’'
736 2548 1010 2601 significatur
1027 2551 1239 2600 scientia;
1269 2550 1388 2603 quod
1410 2551 1467 2591 sit
1490 2551 1676 2592 scientia
1697 2551 1876 2593 sancto·
1923 2582 1925 2585 -

392 2626 488 2653 rum
512 2612 666 2660 Verbi,
690 2618 758 2652 est
784 2613 885 2664 quia
910 2615 1123 2664 “septem
1150 2612 1326 2665 capita'’
1347 2612 1536 2662 suerunt,
1561 2620 1607 2654 et
1632 2613 1878 2667 “septem'’
1894 2662 1903 2672 .

390 2673 712 2726 praedicantur
733 2673 788 2712 de
815 2672 983 2712 sanetis
1010 2683 1167 2719 (videatur
1185 2692 1289 2720 supra,
1310 2693 1340 2713 n.
1361 2682 1477 2725 257):
1510 2686 1647 2714 causa
1669 2675 1788 2727 quod
1815 2672 1875 2715 s'it

390 2734 577 2775 scientia
600 2731 855 2773 sanctorum
879 2733 1030 2782 Verbi,
1055 2740 1124 2774 est
1147 2734 1247 2786 quia
1268 2733 1345 2782 illi,
1369 2735 1441 2787 qui
1468 2747 1546 2787 per
1566 2734 1876 2776 “draconem’'

389 2796 715 2849 intelliguntur,
762 2808 852 2835 non
898 2802 1000 2836 sunt
1046 2802 1203 2836 contra
1244 2795 1457 2845 Verbum,
1504 2796 1704 2837 Verbum
1753 2797 1871 2837 enirn

391 2863 556 2898 vocant
579 2855 782 2897 sanctum
807 2863 852 2897 et
877 2857 1101 2906 Divinum,
1122 2858 1222 2910 quia
1245 2871 1302 2898 ex
1326 2857 1403 2898 illo
1425 2859 1691 2912 conquirunt
1714 2858 1872 2899 confir-

388 2919 609 2960 mationes
631 2920 860 2972 dogmatis
883 2920 973 2970 sui3
1006 2920 1124 2973 quod
1151 2927 1302 2960 autem
1328 2919 1483 2961 sanEta
1506 2920 1658 2969 Verbi,
1683 2933 1870 2974 quorum

386 2982 619 3024 scientiam
663 2982 846 3033 habent,
889 2997 947 3023 ex
991 2983 1077 3023 illis
1121 2982 1408 3024 falsificentur
1453 2990 1499 3024 et
1545 2983 1868 3032 adulterentur,
