2008 3458
388 366 498 417 2380
796 375 1127 408 APOCALYPSIS
1158 377 1455 411 EXPLICATA.

387 500 465 539 per
495 500 694 528 amorem
735 487 1026 540 spiritualem,
1059 489 1132 541 qui
1167 489 1305 530 etiam
1335 496 1524 530 vocatur
1554 490 1766 540 charitas,
1798 491 1864 533 ita

387 563 464 602 per
490 551 628 590 vitam
661 550 906 590 secundum
932 565 1039 591 vera
1069 565 1128 592 ex
1155 551 1322 600 Verbo,
1350 566 1462 605 quae
1484 554 1579 593 vita
1610 567 1700 594 non
1731 554 1864 595 datur

387 612 505 664 apud
531 612 633 652 illos
660 613 731 665 qui
758 612 891 652 fidem
915 620 1126 666 separant
1148 628 1174 654 a
1199 614 1436 662 charitate,
1462 622 1507 655 et
1533 615 1721 656 credunt
1744 617 1864 670 quod

387 688 465 726 per
495 674 639 714 solam
680 674 829 723 fidem,
857 675 941 716 hoc
983 682 1067 725 est,
1101 690 1180 729 per
1210 676 1343 717 fidem
1375 684 1630 730 separatam
1668 691 1708 719 av
1733 678 1863 720 bonis

386 736 606 788 operibus,
631 736 873 777 salventur.
934 737 1062 779 Nunc
1090 739 1191 792 quia
1218 753 1295 792 per
1319 743 1537 780 “centum
1564 741 1864 793 quadraginta

386 805 576 851 quatuor
598 799 736 839 millia
749 799 768 814 ’'
785 800 1100 853 intelliguntur
1121 802 1194 855 qui
1219 803 1262 842 in
1281 803 1396 842 veris
1421 816 1479 842 ex
1505 802 1625 843 bono
1648 809 1766 852 sunt,
1785 817 1863 844 seu

386 862 458 914 qui
481 862 524 901 in
547 861 633 902 fide
652 876 710 902 ex
734 861 971 911 charitate,
992 869 1120 916 patet
1139 877 1215 904 cur
1230 864 1292 904 illi
1314 864 1397 904 soli
1424 871 1667 917 potuerunt
1689 865 1864 907 discere

385 924 626 972 canticum,
651 924 735 964 hoc
763 931 847 973 est,
871 926 1006 965 corde
1032 939 1278 978 agnoscere
1305 933 1350 967 et
1377 926 1580 967 confiteri
1603 927 1861 977 Dominum,

386 998 546 1038 nempe
575 986 726 1039 Ipsum
754 986 898 1028 solum
921 987 1081 1036 Deum,
1106 1001 1156 1028 ac
1181 988 1452 1029 Trinitatem
1478 990 1522 1028 in
1546 989 1662 1042 Ipso.

464 1049 602 1090 860.
642 1050 798 1102 “Empti
824 1063 847 1090 e
881 1051 1233 1104 terra.''—Quod
1272 1052 1497 1104 significet
1540 1052 1619 1105 qm·
1650 1053 1867 1094 z'nstruc‘li

385 1117 636 1162 receperunt
655 1111 699 1151 z'n
722 1112 1087 1161 mundo,constat
1111 1127 1168 1153 ex
1191 1113 1520 1166 significatione
1541 1117 1832 1168 “emptorum
1844 1114 1864 1131 '⁹

385 1186 462 1212 seu
494 1173 829 1226 redemptorum
861 1188 887 1214 a
919 1175 1128 1224 Domino,
1157 1176 1275 1229 quod
1308 1177 1396 1216 sint
1424 1177 1496 1229 qui
1522 1175 1862 1219 instructionem

385 1244 443 1273 ex
466 1233 622 1274 Verbo
652 1235 887 1287 recipiunt,
914 1236 1131 1288 imprimis
1157 1238 1213 1276 de
1236 1237 1435 1276 Domino
1458 1247 1511 1284 (de
1527 1256 1590 1284 qua
1604 1249 1785 1288 sequitur);
1815 1244 1863 1279 et

385 1309 443 1335 ex
474 1296 810 1348 significatione
839 1298 1067 1346 “terrae,’'
1089 1299 1209 1351 quod
1241 1300 1298 1339 sit
1329 1299 1523 1340 ecclesia
1548 1310 1603 1348 (de
1626 1319 1690 1347 qua
1708 1319 1812 1348 supra.
1831 1318 1864 1342 n.

385 1368 448 1409 29,
472 1369 562 1409 304,
579 1359 674 1410 697,
695 1368 887 1410 741[b-d],
908 1369 1001 1411 742,
1023 1370 1148 1412 752);
1180 1361 1284 1401 inde
1315 1375 1394 1414 per
1415 1365 1637 1414 “emptos
1663 1376 1687 1402 e
1709 1361 1866 1404 terra’2

385 1421 693 1475 significantur
723 1424 795 1476 qui
827 1422 1030 1464 instruffi
1071 1431 1336 1478 receperunt
1368 1426 1411 1465 in
1444 1425 1650 1474 ecclesia,
1677 1426 1863 1479 proinde

384 1486 428 1525 in
452 1485 631 1532 mundo,
656 1485 732 1525 illa
758 1499 870 1539 quae
898 1486 1117 1526 Dominus
1143 1488 1187 1527 in
1214 1487 1368 1528 Verbo
1394 1488 1560 1529 docuit.
1622 1487 1862 1530 Sciendum

340 1540 348 1548 ⁸
384 1555 453 1588 est
480 1549 599 1602 quod
626 1562 715 1588 non
738 1549 812 1589 alii
838 1550 1015 1602 possint,
1038 1562 1286 1602 agnoscere
1313 1557 1358 1590 et
1382 1550 1586 1592 confiteri
1618 1551 1862 1592 Dominum

383 1612 427 1650 in
446 1610 590 1651 altera
612 1612 718 1660 vita,
739 1625 872 1665 quam
899 1612 971 1665 qui
993 1619 1276 1664 agnoverunt
1300 1619 1345 1653 et
1369 1613 1560 1654 confessi
1582 1620 1686 1654 sunt
1709 1613 1861 1667 Ipsum

384 1675 427 1713 in
460 1674 654 1723 mundo;
702 1687 806 1714 nam
837 1674 980 1727 qualis
1012 1674 1149 1715 homo
1180 1675 1328 1728 quoad
1360 1677 1641 1728 agnitionem
1681 1683 1727 1716 et
1758 1677 1874 1718 inde'

385 1736 711 1776 consessionem
753 1743 823 1777 est
863 1738 907 1777 in
948 1737 1130 1785 mund0,
1169 1737 1273 1777 talis
1314 1744 1468 1778 manet
1509 1744 1612 1791 post
1654 1745 1860 1780 mortem.

385 1798 584 1839 Credunt
610 1799 790 1851 quidam
817 1799 935 1852 quod
962 1800 1035 1852 qui
1061 1798 1193 1839 fidem
1216 1813 1305 1840 non
1333 1800 1583 1841 habuerunt
1609 1801 1653 1841 in
1679 1801 1860 1849 mundo,

385 1875 522 1914 usque
553 1861 687 1902 fidem
719 1862 940 1915 recepturi
971 1863 1061 1902 sint
1093 1862 1136 1902 in
1168 1862 1311 1903 altera
1337 1863 1443 1911 vita,
1468 1863 1648 1916 quando
1678 1864 1736 1904 ab
1766 1863 1863 1904 aliis

384 1925 584 1971 audiunt,
618 1938 669 1964 ac
708 1925 790 1977 ipsi
821 1925 978 1964 vident
1019 1925 1138 1977 quod
1169 1926 1233 1965 ita
1264 1926 1349 1975 sit;
1395 1932 1442 1965 ut
1475 1926 1594 1978 quod
1613 1917 1748 1967 ¹Deus
1787 1927 1874 1974 sit,·

384 1988 503 2040 quod
530 1987 749 2027 Dominus
776 1988 833 2027 sit
860 1986 1070 2034 Salvator
1096 1988 1262 2035 mundi,
1287 1988 1404 2041 quod
1429 1988 1631 2028 Verbum
1657 1986 1875 2029 sanctum¹

384 2051 456 2098 sit,
484 2057 530 2090 et
562 2050 747 2099 similia;
792 2050 871 2090 sed
912 2050 1069 2090 testari
1110 2063 1292 2102 possum
1333 2051 1452 2103 quod
1490 2051 1563 2103 qui
1601 2050 1733 2091 fidem
1771 2064 1861 2092 non

384 2112 636 2152 habuerunt
662 2114 705 2152 in
733 2113 914 2160 mundo,
939 2125 1028 2152 non
1055 2111 1187 2152 fidem
1214 2112 1380 2153 habere
1407 2114 1581 2165 possint
1613 2119 1716 2166 post
1742 2126 1860 2154 mor-

385 2182 492 2223 tem,
518 2176 701 2215 tametsi
733 2182 778 2215 et
811 2175 998 2215 audiunt
1025 2175 1081 2215 ab
1112 2175 1300 2227 angelis,
1326 2189 1375 2215 ac
1404 2175 1559 2216 vident
1590 2177 1679 2216 suis
1705 2175 1874 2224 oculis,

383 2237 502 2290 quod
524 2238 587 2276 ita
610 2238 666 2276 sit
686 2252 694 2286 ;
728 2243 955 2277 tentatum
975 2243 1044 2277 est
1067 2250 1168 2277 cum
1187 2237 1339 2277 multis
1362 2238 1434 2290 qui
1451 2251 1540 2277 non
1559 2237 1858 2286 crediderunt,

384 2307 431 2340 ut
455 2300 785 2340 adducerentur
806 2300 862 2339 ad
885 2299 1032 2347 fidem,
1053 2300 1131 2339 sed
1154 2300 1402 2340 incassum:
1436 2300 1539 2340 inde
1561 2301 1721 2353 patuit,
1741 2301 1860 2354 quod

384 2362 525 2415 qualis
558 2362 694 2402 homo
726 2368 795 2402 est
828 2375 929 2402 cum
961 2363 1160 2410 moritur,
1189 2362 1293 2402 talis
1324 2368 1506 2406 maneat
1536 2363 1580 2402 in
1612 2369 1858 2403 aeternum.

386 2425 486 2465 Hoc
510 2425 647 2465 etiam
674 2424 942 2476 intelligitur
961 2437 1038 2476 per
1058 2425 1287 2477 “quinque
1305 2425 1501 2476 virgines
1524 2424 1729 2473 stultaS,'’
1746 2439 1876 2479 quae.

383 2501 473 2528 non
500 2487 752 2527 habuerunt
775 2486 922 2526 oleum
950 2487 992 2526 in
1017 2486 1310 2539 lampadibus,
1335 2487 1414 2526 sed
1436 2487 1517 2527 sibi
1539 2487 1649 2527 illud
1676 2501 1859 2541 compa-

383 2564 479 2591 rare
510 2550 774 2599 voluerunt;
816 2557 861 2590 et
895 2556 1133 2603 postquam
1165 2549 1274 2590 illud
1315 2556 1535 2598 emerunt,
1563 2556 1608 2591 et
1641 2557 1860 2592 venerunt

383 2613 439 2652 ad
485 2613 668 2652 domum
714 2612 981 2664 nuptiarum,
1024 2626 1161 2665 usque
1201 2626 1290 2652 non
1336 2613 1559 2652 admissae
1599 2619 1730 2653 sunt:
1782 2627 1860 2666 per

386 2679 571 2715 “emere
598 2674 745 2714 oleum
758 2674 777 2688 ”
799 2674 1076 2726 significatur
1101 2687 1360 2727 comparare
1387 2675 1467 2715 sibi
1498 2675 1664 2715 bonum
1696 2675 1859 2716 amoris

383 2744 486 2790 post
513 2744 718 2777 mortem.
779 2736 892 2777 Sunt
916 2736 1002 2777 illis
1025 2737 1191 2776 similes
1219 2737 1366 2789 plures
1393 2738 1465 2790 qui
1487 2738 1569 2778 sibi
1592 2744 1857 2790 comparant

383 2800 547 2853 aliquid
584 2806 687 2852 post
728 2806 933 2847 mortem,
972 2812 1072 2840 cum
1113 2798 1215 2840 facti
1255 2806 1358 2840 sunt
1400 2801 1605 2852 spiritus;
1649 2801 1728 2841 sed
1765 2814 1856 2840 non

382 2868 549 2910 manet,
575 2863 675 2915 quia
698 2876 787 2902 non
814 2862 1096 2902 irradicatum
1123 2868 1192 2902 est
1223 2863 1356 2909 intus,
1384 2863 1498 2903 sicut
1530 2862 1577 2903 fit
1604 2863 1722 2916 apud
1753 2862 1856 2903 illos

382 2925 453 2976 qui
486 2931 749 2977 comparant
782 2925 863 2964 sibi
889 2924 965 2964 illa
996 2925 1039 2964 in
1071 2924 1250 2964 mundo.
1314 2924 1445 2976 Quod
1477 2939 1554 2977 per
1582 2928 1798 2978 “emptos
1830 2939 1878 2966 e.

383 2992 499 3026 terra
514 2986 533 3001 '’
564 2986 870 3038 significentur
910 2987 982 3039 qui
1027 2984 1229 3026 instructi
1269 2993 1532 3039 receperunt
1574 2987 1877 3040 agnitionem?
