2008 3458
364 389 475 430 2444
769 385 1101 418 APOCALYPSIS
1133 385 1432 418 EXPLICATA.

363 498 510 551 Quare
528 505 633 539 tunc
658 499 815 539 eadem
838 498 913 538 illa
935 511 1012 550 per
1034 503 1103 538 tot
1123 497 1333 538 miracula
1350 496 1678 550 promulganda
1694 502 1838 548 erant,

362 569 406 601 et
430 568 522 601 tam
545 559 699 602 saneta
720 561 956 601 habenda?
1006 559 1175 600 Annon
1199 567 1448 612 propterea,
1469 568 1516 600 ut
1540 561 1838 614 unusquisque

362 623 436 662 illa
462 623 626 663 faceret
649 637 707 663 ex
733 623 962 674 religione,
988 635 1038 662 ac
1065 623 1127 662 ita
1153 636 1211 662 ex
1239 622 1351 671 Deo,
1376 629 1420 662 et
1445 635 1533 662 non
1556 620 1840 662 solummodo

362 699 419 724 ex
447 685 546 738 lege
573 685 688 725 civili
714 691 759 725 et
786 684 954 732 morali,
983 697 1034 725 ac
1066 685 1128 724 ita
1154 698 1212 724 ex
1244 698 1290 724 se
1317 691 1362 724 et
1389 690 1571 736 propter
1597 682 1839 724 mundum?

364 747 489 788 Haec
518 761 649 787 causa
675 746 1047 799 promulgationis
1073 746 1247 786 illorum
1280 761 1303 786 e
1336 747 1495 786 Monte
1527 745 1646 786 Sinai
1670 743 1764 794 fuit,
1792 750 1839 786 et

362 815 494 849 causa
513 808 765 849 sanffitatis
783 809 957 849 illorum
975 822 983 858 ;
1011 821 1114 848 nam
1136 808 1279 848 facere
1302 808 1377 848 illa
1396 814 1636 861 praecepta
1657 821 1716 848 ex
1737 806 1838 848 reli·

362 872 493 923 gione
521 871 720 923 purificat
748 872 970 911 internum
997 871 1236 919 hominem,
1261 872 1401 923 aperit
1429 870 1614 918 caelum,
1639 869 1838 911 admittit

362 934 617 982 Dominum,
642 940 687 973 et
713 933 939 973 hominem
961 933 1107 986 quoad
1131 934 1331 985 spiritum
1354 946 1479 973 suum
1502 933 1605 973 facit
1627 931 1838 985 angelum

361 996 484 1036 caeli.
548 996 657 1036 Inde
680 1010 853 1049 quoque
877 1002 946 1036 est
972 996 1090 1048 quod
1113 1002 1287 1048 gentes,
1313 1009 1424 1048 quae
1448 1001 1580 1036 extra
1601 995 1837 1036 ecclesiam

361 1065 478 1106 sunt,
504 1072 658 1099 omnes
684 1059 912 1098 salventur
938 1059 1011 1111 qui
1038 1066 1279 1110 praecepta
1303 1059 1379 1098 illa
1405 1072 1465 1098 ex
1492 1058 1706 1110 religione
1732 1057 1838 1099 saci-

361 1127 454 1168 unt‚
479 1127 524 1161 et
552 1134 640 1160 non
663 1120 819 1173 aliquis
842 1121 912 1173 qui
940 1120 1223 1160 solummodo
1250 1135 1308 1160 ex
1337 1120 1438 1173 lege
1461 1120 1575 1160 civili
1597 1127 1643 1160 et
1669 1119 1838 1160 morali.

362 1182 563 1235 Explora
581 1196 710 1231 nunc,
731 1196 879 1223 annon
898 1183 1111 1223 hodierna
1129 1182 1251 1231 fides,
1270 1197 1380 1236 quae
1400 1189 1467 1223 est
1486 1183 1603 1236 quod
1622 1183 1840 1223 Dominus

362 1258 516 1297 passus
534 1246 589 1285 sit
608 1259 687 1298 pro
706 1246 868 1285 nostris
887 1246 1096 1297 peccatis,
1121 1246 1238 1298 quod
1258 1245 1484 1286 sustulerit
1503 1245 1839 1288 damnationem

361 1308 472 1359 legis
491 1321 567 1359 per
589 1307 896 1359 impletionem
915 1307 1020 1359 ejus,
1042 1314 1087 1348 et
1111 1308 1230 1361 quod
1253 1308 1387 1348 homo
1405 1307 1669 1360 justificetur
1686 1313 1732 1348 et
1754 1307 1841 1348 sal-

361 1377 489 1410 vetur
511 1383 588 1422 per
610 1370 730 1409 illam
753 1369 885 1409 fidem
904 1370 1072 1422 absque
1095 1370 1221 1410 bonis
1245 1371 1463 1422 operibus,
1484 1370 1666 1410 solverit
1687 1370 1839 1411 omnia

361 1432 434 1472 illa
453 1439 708 1484 praecepta;
737 1432 935 1472 extende
951 1433 1090 1472 visum
1110 1439 1248 1480 tuum,
1267 1439 1312 1472 et
1330 1433 1564 1485 investiga,
1581 1438 1689 1486 quot
1707 1431 1839 1473 hodie

361 1497 403 1535 in
429 1496 536 1536 orbe
563 1495 816 1536 Christiano
842 1501 959 1542 sunt,
988 1495 1060 1548 qui
1089 1509 1178 1536 non
1204 1496 1326 1535 illam
1354 1495 1486 1536 fidem
1509 1497 1676 1536 vivunt.
1737 1494 1840 1536 Scio

360 1557 478 1609 quod
505 1558 805 1609 respondeant
832 1558 950 1610 quod
977 1558 1222 1598 imbecilles
1249 1565 1293 1598 et
1321 1558 1481 1598 infirmi
1507 1559 1709 1598 homines
1734 1558 1836 1606 sint,

361 1620 454 1660 nati
490 1620 533 1659 in
566 1621 775 1672 peccatis,
811 1627 856 1660 et
888 1620 1047 1660 similia
1077 1620 1187 1670 alia;
1227 1621 1306 1661 sed
1338 1622 1432 1674 quis
1465 1634 1553 1661 non
1585 1627 1738 1674 potest
1777 1634 1838 1661 ex

360 1682 573 1734 religione
611 1683 840 1734 cogitare?
882 1683 965 1723 hoe
1002 1683 1079 1723 dat
1118 1683 1336 1723 Dominus
1373 1684 1600 1731 unicuivis,
1639 1688 1684 1722 et
1720 1681 1838 1734 apud

359 1745 482 1784 illum
498 1746 570 1798 qui
589 1759 646 1785 ex
663 1746 876 1798 religione
891 1745 999 1787 talia
1013 1747 1199 1798 cogitat,
1216 1746 1434 1786 Dominus
1453 1751 1660 1798 operatur
1673 1744 1836 1792 omnia,

360 1814 576 1860 quantum
604 1809 801 1860 cogitat;
836 1814 880 1848 et
908 1809 1021 1848 scias
1048 1809 1166 1861 quod
1193 1809 1264 1861 qui
1290 1822 1348 1848 ex
1375 1808 1589 1860 religione
1614 1807 1690 1847 illa
1715 1806 1838 1859 cogi-

359 1877 442 1918 tat,
470 1870 505 1910 is
532 1870 686 1910 credat
713 1870 831 1923 quod
860 1870 981 1910 Deus
1007 1871 1076 1918 sit,
1105 1884 1155 1911 ac
1183 1870 1301 1923 quod
1329 1869 1515 1918 caelum,
1543 1869 1758 1910 infernum
1789 1874 1838 1909 et

359 1933 451 1972 vita
473 1939 575 1984 post
598 1939 790 1972 mortem
809 1933 922 1983 sint;
955 1939 1001 1973 at
1024 1934 1096 1986 qui
1118 1946 1206 1973 non
1230 1932 1304 1972 illa
1326 1946 1384 1972 ex
1408 1932 1623 1984 religione
1646 1931 1835 1984 cogitat,

358 2008 566 2035 assevero
591 1995 710 2048 quod
737 1995 811 2035 illa
837 2009 926 2035 non
953 1995 1118 2036 credat.

963 2188 1097 2211 VERSUS
1123 2179 1239 2219 14-16.

437 2261 574 2305 903.
613 2266 673 2292 “ft
694 2266 759 2297 vidi,
781 2268 811 2292 et
831 2273 897 2292 eece
915 2266 1005 2293 nubes
1023 2267 1098 2297 alba,
1119 2268 1149 2292 et
1170 2273 1258 2298 super
1276 2266 1350 2293 nube
1368 2267 1474 2293 sedens
1492 2266 1598 2292 similis
1615 2265 1686 2292 fillo
1703 2266 1836 2299 homlnls,

357 2304 465 2330 habens
480 2312 568 2336 super
583 2307 679 2337 capite
694 2314 746 2332 suo
760 2313 891 2332 coronam
907 2313 1034 2337 auream,
1051 2308 1081 2332 et
1099 2307 1127 2332 in
1146 2313 1230 2332 manu
1249 2314 1302 2332 sua
1318 2306 1427 2339 falcem
1443 2308 1566 2332 acutam.
1603 2305 1639 2332 ft
1655 2306 1732 2332 αΙΙυε
1749 2313 1838 2338 anae-

357 2343 402 2368 !us
420 2343 511 2369 exivit
527 2350 543 2369 e
561 2345 675 2375 templo,
693 2346 821 2370 clamans
840 2351 943 2376 maana
962 2351 1028 2370 υοοε
1045 2345 1160 2370 sedenti
1178 2351 1266 2376 super
1284 2345 1365 2374 nube,
1383 2345 1465 2370 Mitte
1480 2343 1588 2376 falcem
1607 2345 1685 2370 tuam
1704 2345 1735 2370 et
1752 2345 1836 2374 mete,

356 2380 423 2412 quia
439 2381 516 2406 venit
533 2381 588 2407 Tibi
601 2381 672 2407 Ιιονα
687 2382 820 2412 metendi,
836 2382 903 2414 quia
918 2382 997 2407 aruit
1010 2382 1115 2408 messis
1130 2383 1238 2407 terrae.
1277 2382 1296 2407 Ε
1299 2384 1311 2407 t
1324 2381 1405 2408 misit
1418 2382 1525 2408 sedens
1540 2388 1628 2412 super
1642 2381 1716 2407 nube
1727 2380 1837 2413 falcem

356 2425 437 2444 suam
451 2426 539 2450 super
553 2420 670 2450 terram,
688 2422 718 2444 et
733 2420 867 2445 demessa
882 2421 930 2445 est
944 2419 1058 2445 terrast

381 2501 430 2532 14.
463 2493 525 2526 “Et
542 2492 616 2530 vidi,
619 2494 634 2505 ''
646 2493 805 2534 significat
816 2494 1074 2550 praede'c‘h'onem
1087 2495 1125 2525 de
1135 2495 1338 2535 separatione
1351 2495 1509 2525 bonorum
1522 2505 1543 2525 α
1557 2494 1654 2525 malis
1668 2494 1718 2537 [n.
1732 2493 1837 2537 904];

532 2540 588 2570 “et
608 2547 687 2570 ecce
702 2537 810 2570 nubes
833 2537 936 2575 αΙόα,”
952 2538 1111 2579 significat
1125 2538 1297 2569 Dzvz'num
1324 2539 1443 2569 Verum
1467 2539 1504 2569 in
1528 2538 1667 2576 ultimis)
1682 2539 1780 2580 quale
1795 2542 1843 2570 est

529 2582 667 2613 Verbum
684 2582 721 2612 in
733 2592 828 2613 sensu
839 2583 975 2619 lztterae,
987 2582 1043 2613 cui
1056 2593 1166 2613 sensus
1179 2583 1364 2623 ‚spiritualis
1376 2583 1459 2612 inest
1472 2582 1522 2624 [n.
1538 2581 1641 2633 905].;
1668 2584 1725 2615 “et
1733 2591 1840 2625 supet·

529 2625 617 2658 nube
640 2625 765 2658 sedens
789 2625 911 2658 similis
934 2625 1016 2658 Filio
1034 2625 1205 2662 Ιιονη1ἠ1ἐ,”
1220 2625 1378 2666 significat
1402 2626 1591 2657 Dominum
1615 2626 1652 2657 in
1668 2627 1775 2663 caelis,
1800 2637 1837 2658 m

528 2669 662 2700 Dzvino
688 2670 765 2700 Vero
787 2681 842 2701 seu
867 2670 964 2700 Verbo
986 2671 1075 2711 quod
1093 2670 1133 2700 ab
1157 2670 1228 2711 Ipso
1254 2669 1301 2712 [n.
1313 2669 1431 2711 906];'
1442 2669 1590 2702 “habens
1606 2679 1712 2712 super
1727 2669 1839 2713 capito

529 2722 593 2746 suo
610 2723 768 2746 coronam
784 2723 936 2750 auream,
938 2713 1124 2754 ”significat
1139 2713 1312 2744 Divznum
1328 2713 1464 2744 Bonum
1481 2715 1667 2745 accmc‘lum
1682 2713 1730 2744 ad
1739 2714 1837 2756 judi-

529 2758 615 2787 cium
636 2757 686 2799 [n.
701 2757 804 2799 907];
832 2760 888 2790 “et
909 2757 942 2790 in
962 2767 1063 2790 manu
1086 2767 1151 2790 sua
1176 2758 1296 2790 falcem
1309 2757 1473 2794 acutam?
1488 2756 1649 2799 significat
1663 2756 1837 2788 Divinum

527 2801 589 2832 Ver
589 2812 646 2832 um
662 2802 822 2842 exqmsile
836 2802 1022 2843 explorans,
1039 2806 1070 2832 et
1082 2806 1237 2843 separans
1256 2801 1306 2843 [n
1324 2801 1421 2843 908].

378 2877 427 2912 1.5
460 2870 521 2903 “ft
534 2869 624 2903 alius
639 2871 783 2913 angelus
806 2870 912 2904 exivit
927 2880 946 2904 e
969 2871 1120 2913 templol'
1135 2870 1293 2911 significat
1308 2871 1563 2912 exploratzonem
1586 2881 1608 2901 a
1630 2869 1778 2902 Domino
1795 2869 1836 2901 de

514 2919 613 2946 statu
636 2915 781 2946 ecclesiae
804 2916 850 2946 in
865 2916 1034 2946 communi
1056 2915 1106 2958 [n.
1121 2914 1224 2956 909];
1258 2915 1431 2947 “clamans
1449 2923 1571 2958 magna
1599 2923 1679 2947 voce
1701 2912 1839 2947 sedenti

526 2968 632 3000 supet·
646 2958 761 2995 ηυὸε,”
777 2958 935 2999 significat
958 2959 1251 2989 annuntiationem
1267 2964 1342 3000 post
1361 2959 1621 3007 exploratzonem
1637 2968 1695 2989 seu
1717 2957 1836 2989 visita-

526 3003 644 3033 tionem
673 3003 722 3045 [n.
740 3002 844 3044 910];
875 3002 989 3035 “Mitte
1010 3003 1129 3035 falcem
1154 3005 1246 3035 tuam
1271 3005 1307 3035 et
1328 3005 1424 3039 mete.
1442 3001 1519 3045 quia
1547 3000 1634 3035 venit
1652 2999 1725 3035 Tibi
1745 3000 1832 3035 Imm
