2054 3464
397 351 510 405 2096
811 358 1145 392 APOCALYPSIS
1176 358 1476 391 EXPLICATA.

393 479 442 514 ut
469 479 674 527 pugnent
701 473 767 513 vir
792 478 953 513 contra
978 471 1162 513 fratrem
1188 485 1330 524 suum,
1359 478 1405 513 et
1436 473 1501 512 vir
1527 477 1688 513 contra
1713 471 1885 515 socium
1910 466 1933 477 ⁹

394 549 522 577 suum
541 536 574 587 ;'’
603 550 680 589 per
706 535 956 576 “fratrem”
983 541 1029 576 et
1059 535 1301 576 “socium”
1327 534 1605 588 significatur
1630 534 1798 587 bonum
1824 548 1884 577 ex
1932 578 1941 585 ,

395 613 483 653 quo
506 612 675 647 verum,
700 612 750 639 ac
774 611 929 638 verum
955 611 1014 638 ex
1038 597 1172 647 bono,
1193 604 1238 639 et
1266 599 1309 638 in
1332 598 1543 651 opposito
1566 610 1699 638 sensu
1717 596 1886 639 malum

395 677 454 704 ex
486 676 574 716 quo
605 662 780 710 falsum,
814 674 865 702 ac
902 660 1062 702 falsum
1094 674 1153 702 ex
1186 661 1333 712 malo;
1370 675 1506 714 quare
1538 661 1676 701 etiam
1707 659 1883 710 dicitur,

395 726 535 766 “urbs
576 731 736 766 contra
782 724 951 772 urbem,
993 730 1040 764 et
1085 737 1275 776 regnum
1320 730 1481 764 contra
1521 735 1709 776 regnum
1728 722 1762 773 ;”
1805 735 1886 776 per

395 787 618 828 “urbem''
651 786 930 839 significatur
961 784 1180 835 doetrina,
1214 793 1260 827 et
1293 800 1371 839 per
1400 785 1661 839 “regnum'f
1693 784 1886 826 ecclesia

392 865 451 892 ex
477 850 567 900 illa,
597 864 710 903 quae
737 849 944 890 similiter
969 855 1253 902 pugnaturae
1280 855 1398 890 sunt.
1460 848 1598 902 Apud
1625 848 1833 898 eundem,

458 947 549 978 “Vir
565 947 700 978 socium
717 955 820 977 suum
838 945 1019 986 adjuvant,
1037 951 1072 977 et
1089 945 1187 977 fratri
1205 955 1269 977 suo
1286 946 1378 984 dicit,
1397 945 1580 977 Confirma
1597 951 1630 977 te
1641 944 1660 958 '¹
1675 945 1749 984 (xli.
1769 944 1822 986 6):

392 1040 554 1082 similia
584 1040 655 1094 hie
689 1054 766 1094 per
795 1039 1035 1081 “socium’'
1060 1045 1107 1080 et
1142 1039 1404 1090 “fratrem,''
1438 1053 1552 1094 quae
1585 1052 1702 1081 nunc
1734 1052 1882 1094 supra,

392 1102 717 1156 significantur.
778 1102 917 1156 Apud
944 1102 1208 1151 Jeremz'am,

458 1199 549 1231 “Vir
567 1209 590 1230 a
608 1199 705 1231 socio
728 1209 793 1231 suo
813 1205 936 1230 cavete
955 1199 1068 1237 vobis,
1089 1204 1124 1230 et
1144 1208 1250 1239 super
1268 1199 1340 1230 ullo
1360 1198 1468 1230 fratre
1488 1208 1533 1230 ne
1553 1198 1739 1235 confidite;
1767 1198 1886 1231 omnis
1943 1208 1947 1215 ’

564 1253 720 1327 Zam]que
737 1243 861 1274 frater.
876 1242 1107 1283 ‚supplantat‚
1122 1248 1157 1273 et
1173 1243 1291 1273 omnis
1308 1243 1424 1274 socius
1439 1242 1671 1274 calumniatur
1681 1242 1699 1254 ¹'
1713 1242 1771 1283 (ix.
1785 1250 1804 1282 3
1823 1240 1884 1285 [Β.

553 1316 555 1318 .
603 1311 609 1318 .
623 1295 644 1325 4
666 1290 696 1325 ):

392 1363 510 1416 apud
537 1362 747 1410 eundem,

639 1439 657 1452 “
669 1437 881 1478 Dispergam
899 1446 971 1475 eos,
989 1437 1106 1468 virum
1123 1446 1203 1468 cum
1221 1436 1331 1468 fratre
1347 1435 1441 1468 suo''
1458 1435 1542 1474 (xiii.
1562 1435 1636 1477 14);

391 1514 511 1568 apud
536 1514 746 1563 eundem,

458 1591 475 1603 a
487 1589 542 1621 Sic
558 1589 681 1674 nlicketis
699 1598 752 1663 ξιξ
764 1589 813 1672 ,ειέἰ
830 1588 964 1620 socium
982 1598 1095 1672 3uum,
1113 1594 1149 1620 et
1165 1588 1220 1620 vir
1235 1588 1281 1619 ad
1297 1587 1441 1620 fratrem
1460 1598 1573 1628 suum,
1591 1587 1684 1630 Quid
1699 1588 1884 1630 respondit

588 1643 606 1664 e
634 1643 703 1664 ova
739 1632 759 1665 .’
802 1632 898 1664 xxiii.
919 1639 959 1671 35
975 1641 982 1671 ;

391 1708 509 1762 apud
536 1708 744 1757 eundem,
774 1750 780 1756 ,

457 1786 475 1799 “
487 1784 569 1816 Non
587 1784 793 1815 obedivistis
816 1783 915 1822 Mihi,
932 1789 971 1815 ut
991 1783 1260 1824 proclamaretis
1277 1783 1476 1815 libertatem
1494 1784 1548 1815 vir
1566 1783 1666 1816 fratri
1685 1793 1761 1823 suo,
1777 1777 1813 1816 et
1828 1783 1884 1817 vir

563 1828 661 1859 socio
678 1827 771 1859 suo¹⁷
789 1827 920 1867 (xxxiv.
938 1837 967 1867 9,
989 1828 1062 1867 17);

390 1911 508 1965 apud
533 1909 819 1959 Ezechielem,

582 1989 600 2002 “
612 1987 760 2019 Gladius
778 1987 844 2019 viri
861 1993 985 2021 contra
1000 1987 1145 2019 fratrem
1162 1996 1264 2019 suum
1282 1987 1349 2019 erit
1361 1986 1379 1999 ”
1397 1986 1553 2027 (xxxviii.
1573 1984 1685 2028 [¹121);

389 2065 507 2118 apud
533 2063 717 2112 Joelem,

690 2139 709 2153 “
721 2138 803 2170 Non
820 2138 874 2170 vir
891 2138 1035 2170 fratrem
1053 2148 1156 2170 suum
1174 2137 1409 2179 propellunt'’
1426 2137 1473 2178 (ii.
1492 2135 1582 2179 [218);

390 2215 510 2270 apud
535 2215 747 2263 Mz'clzam,

458 2291 626 2323 “Omnes
651 2284 883 2331 sanguinibus
907 2290 1128 2328 insidiantur,
1153 2290 1208 2322 vir
1230 2282 1375 2322 fratrem
1400 2300 1502 2322 suum
1527 2295 1703 2322 venantur
1726 2289 1762 2321 in
1786 2285 1879 2322 reti''

563 2335 634 2374 (vii.
650 2335 682 2374 2)
697 2345 703 2366 ;

389 2417 508 2470 apud
536 2416 819 2465 Samariam,

475 2494 493 2507 ‘⁴
508 2491 772 2532 Benignitatem
792 2498 827 2523 et
844 2492 1123 2523 misericordiam
1141 2491 1246 2523 facite
1260 2492 1314 2524 vir
1330 2501 1408 2523 cum
1426 2492 1534 2524 fratre
1553 2491 1648 2524 su0”
1665 2491 1736 2532 (vii.
1753 2491 1808 2534 9);

389 2577 508 2632 apud
533 2575 820 2625 Malachiam,

554 2654 573 2667 “
584 2652 701 2694 Quare
718 2652 850 2692 perfide
867 2651 1015 2692 agimus,
1034 2651 1087 2683 vir
1100 2657 1228 2683 eontra
1244 2650 1389 2682 fratrem
1408 2660 1510 2682 suum
1521 2649 1556 2683 ?”
1572 2650 1620 2691 (ii.
1641 2658 1681 2682 10
1695 2649 1717 2691 ;)

327 2732 329 2735 ’
390 2736 508 2789 apud
533 2735 702 2782 Mosen,

456 2812 475 2825 “
487 2809 593 2843 Fadia
612 2816 667 2841 est
690 2810 805 2850 caligo
822 2810 1048 2841 tenebrarum
1072 2809 1109 2840 in
1129 2809 1231 2840 -omni
1251 2815 1345 2841 terra
1364 2808 1535 2850 Aegypti.
1550 2833 1574 2848 .,
1595 2818 1660 2841 nec
1679 2806 1801 2841 [³Jvidit
1823 2808 1878 2841 vir

563 2854 709 2886 fratrem
727 2853 858 2885 suum''
876 2853 998 2894 (Exod.
1015 2863 1047 2885 x.
1068 2851 1152 2895 [22‚]
1171 2853 1247 2893 23);

389 2930 508 2984 apud
535 2930 743 2979 eundem,

457 3005 519 3037 “A
550 3005 619 3037 fine
647 3011 784 3046 septem
809 3005 1232 3038 annorum......temittet
1257 3004 1380 3037 omnis
1409 3004 1561 3037 creditor
1588 3013 1734 3037 manum
1761 3012 1875 3044 suam,

1992 739 2010 751 ,ὲ
2028 744 2031 746 .

2027 2009 2054 2296 ass'ssmdnfifflssulffin'ae,

2046 2487 2054 2515 m·
2035 2392 2054 2479 ἵζω-κ...
2035 2349 2054 2381 m'i
2042 2301 2054 2342 ⁶³5:
