2008 3458
405 373 511 412 2288
814 378 1147 413 APOCALYPSIS
1179 381 1478 414 EXPLICATA.

403 495 603 536 articulis
641 508 750 537 mox
792 495 1109 549 sequentibus:
1157 509 1216 536 ex
1258 496 1416 550 quibus
1458 501 1586 550 patet
1629 495 1747 550 quod
1789 508 1890 540 cum

406 563 610 599 “cornua
623 558 643 574 ”
665 558 793 611 hujus
820 559 992 599 bestiae
1016 557 1272 612 significant
1296 560 1552 612 potentiam
1575 558 1888 612 persuadendi,
1910 611 1912 613 ι
1936 556 1939 578 ³
1959 578 1975 607 η
1994 571 1995 574 ’

405 620 564 662 “duo'’
601 620 979 674 conjuntff’donem,
1019 627 1065 662 et
1101 620 1336 674 “Agnus’'
1369 621 1628 670 Dominum,
1667 628 1775 664 tunc
1811 635 1915 677 per·

1868 684 1894 703 5)

402 684 520 736 quod
561 685 745 725 “bestia
786 684 898 725 haee
940 684 1130 725 haberet
1173 684 1261 725 duo
1304 698 1471 725 cornua
1514 684 1675 726 similia
1711 683 1880 739 Agno,⁴
1943 672 2006 738 „ss

402 746 679 798 significetur
697 748 906 801 potentia
924 747 1223 801 persuadendi
1247 746 1610 800 conjunffionem
1634 747 1737 790 fidei
1759 748 1900 803 sepa?

402 816 527 850 ratae
563 823 589 849 a
625 811 720 851 vita
758 823 859 850 cum
892 810 1060 859 Verbo,
1100 810 1213 850 sicut
1252 824 1277 850 a
1315 810 1524 850 Domino.
1589 808 1722 863 Quod
1759 825 1892 865 super

401 872 549 924 capite
576 872 704 925 hujus
731 873 905 914 bestiae
932 873 1027 913 visa
1060 873 1149 913 sint
1177 872 1322 912 solum
1350 872 1438 912 duo
1471 885 1650 920 cornua,
1679 879 1726 914 at
1758 887 1891 928 super

401 935 549 987 capite
586 935 760 976 bestiae
797 936 952 988 prioris
992 935 1150 976 decem
1189 948 1369 982 cornua,
1411 940 1480 975 est
1520 935 1622 988 quia
1658 948 1737 988 per
1771 935 1889 979 hanc

401 996 593 1037 bestiam
614 997 925 1050 significantur
943 996 1309 1038 confirmationes
1334 1011 1393 1038 ex
1414 996 1583 1046 Verbo,
1604 1003 1650 1038 et
1672 998 1716 1038 in
1734 997 1891 1040 Verbo

400 1066 470 1100 est
498 1059 754 1113 conjugium
786 1061 891 1101 boni
923 1067 969 1102 et
1001 1061 1106 1109 veri,
1136 1066 1182 1101 et
1215 1059 1300 1101 hoc
1330 1059 1585 1113 conjugium
1613 1059 1890 1113 significatur
1939 1106 1944 1114 ,
1986 1077 1995 1084 ‘

400 1136 479 1175 per
508 1123 694 1174 “duo;'’
726 1124 831 1165 inde
857 1125 996 1165 etiarn
1019 1137 1187 1165 cornua
1213 1130 1343 1164 erant
1368 1124 1463 1163 visa
1488 1122 1688 1164 “similia
1709 1122 1889 1177 Agno-,”

399 1186 500 1238 quia
531 1199 610 1239 per
638 1185 896 1239 “Agnum”
922 1186 1193 1240 intelligitur
1220 1186 1456 1234 Dominus,
1485 1185 1556 1227 hic
1590 1186 1739 1240 quoad
1771 1185 1888 1228 Ver-

399 1248 531 1299 bum;
569 1250 690 1302 quod
723 1249 944 1290 Dominus
971 1249 1118 1303 quoad
1147 1249 1359 1290 Divinum
1389 1248 1650 1290 Humanum
1676 1262 1803 1297 suum
1829 1250 1888 1292 sit

399 1310 615 1360 Verbum,
640 1312 726 1353 hoc
759 1318 844 1360 est,
880 1312 1093 1352 Divinum
1126 1311 1312 1360 Verum,
1347 1313 1517 1366 apertis
1549 1312 1696 1353 verbis
1727 1311 1889 1354 dicitur

398 1374 515 1426 apud
542 1374 809 1423 Jolcannem,
839 1389 1016 1429 nempe,

730 1478 835 1519 Quod
851 1477 1008 1509 Verbum
1027 1477 1121 1509 Caro
1139 1475 1272 1509 factum
1291 1478 1336 1509 sit
1352 1477 1439 1518 (cap.
1458 1478 1477 1509 i.
1498 1477 1560 1518 14).

399 1563 556 1617 Qualis
594 1566 803 1618 potentia
841 1565 1140 1619 persuadendi
1177 1572 1224 1606 et
1262 1564 1558 1606 confirmandi
1589 1566 1887 1621 quodcunque

397 1627 674 1668 haereticum
712 1642 771 1668 ex
804 1627 974 1676 Verbo,
1009 1634 1168 1669 notum
1201 1634 1270 1668 est
1309 1628 1353 1668 in
1392 1629 1498 1669 orbe
1537 1627 1796 1671 Christiano
1827 1643 1888 1671 ex

397 1696 468 1731 tot
501 1690 559 1730 ibi
591 1690 865 1739 haeresibus,
894 1703 1082 1744 quarum
1114 1691 1389 1744 unaquaevis
1422 1690 1714 1733 confirmatur
1745 1698 1792 1733 et
1824 1693 1888 1735 sic

397 1753 693 1806 persuadetur
719 1767 778 1793 ex
805 1767 938 1794 sensu
966 1753 1147 1794 litterae
1174 1753 1340 1794 Verbi:
1381 1767 1516 1794 causa
1548 1761 1619 1795 est
1651 1756 1754 1808 quia
1784 1768 1888 1796 sen·

397 1829 470 1855 sus
508 1815 688 1856 litterae
725 1815 866 1856 Verbi
902 1822 973 1857 est
1011 1816 1258 1857 secundum
1296 1823 1480 1870 captum
1520 1817 1801 1870 simplicium,
1840 1824 1888 1860 et

396 1879 498 1919 ideo
529 1879 738 1933 consistit
770 1879 919 1932 quoad
952 1879 1143 1920 multam
1170 1885 1347 1932 partem
1379 1893 1438 1919 ex
1465 1880 1741 1933 apparentiis
1767 1881 1888 1932 veri3
1952 1892 1954 1898 ’

396 1947 442 1982 et
470 1942 762 1995 apparentiae
789 1942 880 1982 veri
908 1941 1026 1982 tales
1053 1948 1157 1983 sunt
1191 1948 1239 1982 ut
1273 1941 1392 1982 trahi
1425 1943 1602 1995 possint
1634 1942 1691 1983 ad
1725 1942 1888 1984 confir-

397 2005 610 2044 mandum
637 2017 770 2045 omne
797 2005 916 2058 quod
948 2019 974 2045 a
1005 2005 1202 2058 quodam
1234 2019 1314 2058 pro
1341 2006 1558 2058 principio
1584 2005 1813 2058 religionis
1839 2012 1888 2047 et

397 2067 500 2107 inde
532 2066 762 2108 doetrinae
794 2068 1050 2116 assumitur,
1078 2068 1142 2108 ita
1175 2082 1352 2121 quoque
1385 2067 1573 2118 falsum;
1612 2075 1888 2122 quapropter

396 2129 459 2169 illi
491 2131 563 2183 qui
595 2131 740 2183 ipsum
772 2131 1017 2183 genuinum
1047 2144 1202 2171 verum
1236 2137 1410 2184 ponunt
1443 2131 1487 2171 in
1520 2130 1618 2171 solo
1644 2144 1777 2172 sensu
1811 2131 1888 2172 lit-
1947 2176 1951 2178 ,

397 2199 521 2233 terae
549 2193 701 2241 Verbi,
731 2193 995 2234 hallucinari
1022 2200 1212 2247 possunt
1240 2195 1283 2234 in
1311 2193 1478 2242 multis,
1507 2195 1542 2234 si
1574 2207 1663 2234 non
1689 2195 1733 2235 in
1761 2193 1887 2236 illus-

397 2257 594 2296 tratione
631 2257 720 2296 sint
757 2270 783 2296 a
821 2256 1030 2305 Domino,
1069 2263 1116 2297 et
1153 2257 1197 2297 in
1235 2256 1312 2297 illa
1350 2255 1614 2305 doetrinam,
1654 2271 1768 2311 quae
1806 2271 1888 2311 pro
1933 2263 1935 2266 ⁴
2002 2266 2008 2270 ”

397 2319 579 2359 lucerna
604 2320 677 2368 sit,
705 2320 787 2359 sibi
813 2319 1005 2360 faciant:
1047 2321 1090 2360 in
1117 2333 1250 2360 sensu
1281 2320 1460 2360 litterae
1489 2319 1628 2360 Verbi
1657 2326 1761 2361 sunt
1789 2326 1886 2361 tam

397 2382 517 2422 nuda
552 2396 672 2430 vera,
706 2395 839 2435 quam
876 2382 1091 2423 investita
1128 2396 1259 2432 vera;
1305 2382 1416 2422 haec
1455 2389 1559 2423 sunt
1594 2383 1887 2436 apparentiae

396 2445 503 2493 veri,
527 2451 572 2485 et
599 2446 891 2498 apparentiae
918 2446 1010 2485 veri
1038 2459 1127 2486 non
1154 2445 1287 2486 aliter
1314 2451 1503 2498 possunt
1532 2445 1725 2498 intelligi
1751 2458 1886 2499 quam
1915 2455 1918 2458 '

397 2521 457 2549 ex
490 2507 600 2548 locis
631 2508 690 2548 ibi
721 2509 794 2548 ubi
826 2509 944 2548 nuda
975 2523 1081 2549 vera
1113 2515 1316 2555 exstant,
1346 2522 1404 2548 ex
1439 2508 1598 2561 quibus
1625 2506 1829 2548 doetrina
1859 2521 1887 2550 a

399 2570 597 2611 Domino
623 2571 741 2624 apud
764 2570 1039 2612 illustratum
1063 2572 1240 2612 formari
1264 2578 1433 2625 potest,
1459 2577 1504 2611 et
1533 2570 1702 2624 reliqua
1725 2584 1885 2612 secun—

398 2632 504 2673 dum
535 2633 659 2674 illam
691 2634 934 2687 explicari;
973 2635 1076 2676 inde
1109 2642 1192 2684 est,
1223 2635 1342 2688 quod
1376 2635 1448 2688 qui
1482 2633 1683 2674 Verbum
1716 2633 1886 2687 absque

398 2694 603 2744 do&rina
635 2696 808 2750 legunt,
837 2699 880 2738 in
913 2698 1186 2752 multiplices
1220 2711 1391 2738 errores
1420 2697 1687 2738 auferantur.
1751 2694 1886 2749 Quod

398 2759 599 2800 Verbum
631 2761 695 2801 ita
726 2762 1032 2814 conscriptum
1064 2762 1136 2809 sit,
1171 2767 1241 2801 est
1274 2774 1423 2809 causa,
1458 2766 1506 2801 ut
1544 2759 1654 2800 illud
1687 2759 1744 2800 sit
1775 2771 1885 2799 con-

392 2821 564 2875 junffio
586 2824 699 2864 caeli
722 2837 822 2864 cum
840 2824 1023 2865 homine
1042 2838 1050 2874 ;
1084 2830 1130 2865 et
1154 2821 1408 2876 conjunfflo
1427 2829 1511 2871 est,
1531 2823 1633 2876 quia
1657 2835 1884 2875 unaquae-

397 2887 462 2926 vis
489 2900 580 2927 vox
606 2887 680 2935 ibi,
708 2893 754 2928 et
783 2888 827 2927 in
852 2888 1120 2941 vquibusdam
1148 2887 1258 2927 locis
1285 2886 1558 2939 unaquaevis
1585 2885 1751 2933 littera,
1781 2897 1884 2925 sen-

398 2963 495 2989 sum
522 2949 813 3003 spiritualem,
842 2951 886 2990 in
912 2964 1000 3004 quo
1026 2956 1130 2990 sunt
1157 2949 1321 3002 angeli,
1352 2949 1584 2998 continet;
1617 2961 1754 3001 quare
1781 2960 1883 2988 cum

398 3012 535 3053 homo
572 3012 773 3059 Verbum
810 3013 1056 3057 secundum
1093 3012 1184 3067 ejus
1222 3012 1511 3066 apparentias
1548 3011 1639 3052 veri
1676 3010 1901 3064 percipit,
