2008 3458
398 413 509 455 2294
811 410 1144 443 APOCALYPSIS
1175 411 1475 444 EXPLICATA.

397 525 483 566 fide
506 530 715 578 separata
740 539 766 565 a
791 525 884 565 vita
905 524 1011 577 ejus,
1036 539 1147 578 quae
1171 531 1240 566 est
1263 525 1483 567 charitas:
1518 526 1621 567 inde
1643 533 1740 569 erat
1765 505 1886 588 quod

398 589 574 641 quoties
597 588 671 628 filii
698 587 877 628 Israelis
899 588 1184 628 desciverunt
1212 594 1237 628 a
1263 588 1386 629 cultu
1406 589 1605 642 Jehovae
1633 590 1690 630 ad
1716 590 1887 637 cultum
1905 625 1915 630 s

399 651 585 691 aliorum
627 650 828 700 deorum,
869 650 1022 691 traditi
1062 651 1151 691 sint
1192 650 1398 692 hostibus
1439 653 1542 700 suis,
1582 659 1659 693 aut
1704 652 1760 694 ab
1803 652 1908 711 illis⁸
1928 670 1929 673 ¹
1988 655 2001 706 ς’

399 711 530 763 νὶξὶὶ;
565 719 613 753 ut
1868 731 1888 735 ,
1971 714 1977 718 ·=

469 808 572 849 Quod
597 808 717 839 traditi
745 807 970 840 philisthaeis
995 809 1076 846 sint,
1101 815 1136 840 et
1165 809 1234 841 inis
1259 810 1471 842 serviverint
1495 809 1693 843 oetodecim
1717 811 1832 851 annis,
1855 817 1891 850 et
1919 852 1921 854 ¹

575 858 699 892 postea
716 852 952 892 quadraginta
967 852 1072 883 annis
1088 852 1224 894 (Judz'c.
1242 862 1316 893 cap.
1334 863 1380 891 x.‚
1398 864 1472 894 cap.
1490 855 1579 894 xiii.)
1594 864 1600 892 ;
1927 854 1930 866 ¹

401 958 479 998 per
516 944 635 998 quod
672 945 1109 997 repraesentabatur,
1149 946 1268 998 quod
1303 948 1570 988 recesserint
1608 962 1635 988 a
1671 947 1795 989 cultu
1831 956 1891 991 ex
1947 952 2002 1002 ’ζρ

402 1008 523 1047 bono
545 1007 708 1047 amoris
731 1013 777 1047 et
804 1008 920 1047 veris
941 1006 1044 1047 fidei
1066 1007 1122 1048 ad
1150 1008 1320 1048 cultum
1347 1023 1404 1049 ex
1429 1009 1549 1050 malo
1571 1011 1735 1051 amoris
1759 1016 1807 1052 et
1831 1024 1892 1052 ex

402 1069 523 1110 falsis
549 1069 676 1109 fidei:
712 1070 916 1110 similiter

469 1159 573 1200 Quod
593 1159 654 1190 filii
676 1159 819 1190 Israelis
837 1157 921 1191 vic‘ti
942 1165 977 1191 et
995 1144 1266 1200 angustati-sint
1285 1171 1307 1191 a
1328 1161 1555 1193 Philisthaeis
1579 1162 1610 1203 (1
1632 1163 1723 1195 Sam.
1743 1172 1819 1204 cap.
1836 1163 1892 1202 iv„

578 1212 654 1243 cap.
672 1203 753 1240 xiii„
772 1212 845 1243 cap.
863 1203 998 1241 xxviii„
1016 1213 1091 1244 cap.
1109 1204 1213 1241 xxix.,
1231 1214 1305 1244 cap.
1323 1205 1448 1245 xxxi.):

405 1301 451 1336 at
483 1308 584 1336 cum
610 1295 686 1335 filii
715 1295 893 1336 Israelis
918 1296 1146 1336 redierunt
1173 1297 1229 1336 ad
1261 1296 1432 1337 cultum
1456 1297 1670 1350 jehovae,
1698 1299 1772 1352 qui
1796 1304 1907 1341 erat

404 1357 551 1398 cultus
578 1372 636 1398 ex
662 1358 782 1398 bono
808 1359 971 1398 amoris
997 1365 1042 1399 et
1069 1373 1127 1398 ex
1156 1360 1271 1399 veris
1297 1358 1413 1408 fidei,
1982 1363 1987 1372 ’

469 1452 563 1485 Victi
587 1459 670 1485 sunt
697 1454 903 1485 philisthaei
928 1454 979 1494 (ut
1005 1463 1020 1486 1
1049 1455 1139 1486 Sam.
1165 1465 1240 1496 cap.
1269 1456 1340 1494 vii.,
1365 1467 1440 1497 cap.
1465 1458 1557 1495 xiv:;
1587 1466 1606 1488 2
1633 1458 1725 1490 Sam.
1749 1466 1830 1499 capa
1847 1467 1894 1497 ν..
1946 1455 1964 1466 ”’

578 1507 652 1537 cap.
672 1498 751 1534 viii..
770 1508 845 1538 cap.
863 1498 944 1536 xxi.,
963 1508 1036 1538 cap.
1054 1499 1151 1530 xxiii.
1167 1508 1173 1536 ;
1199 1507 1217 1529 2
1235 1500 1315 1541 Reg.
1333 1510 1408 1540 cap.
1426 1501 1546 1540 xviii.).

406 1598 540 1652 Quod
562 1599 775 1640 historica
797 1599 873 1640 illa
890 1599 999 1641 talia
1016 1600 1266 1650 involvant,
1287 1615 1376 1643 non
1400 1608 1553 1655 potest
1576 1603 1658 1644 nisi
1679 1615 1813 1657 quam
1834 1595 1894 1647 ex
1929 1628 1937 1647 i

407 1663 518 1702 serie
536 1675 682 1702 rerum
700 1662 758 1702 ibi
776 1663 1102 1716 descriptarum
1125 1665 1167 1704 in
1186 1678 1318 1704 sensu
1337 1665 1516 1706 interno
1534 1665 1725 1707 lustrata
1740 1666 1892 1716 videri,

407 1739 540 1779 quam
568 1726 637 1766 hic
665 1726 822 1767 sistere
850 1741 940 1767 non
967 1734 1127 1778 vacat;
1161 1741 1295 1781 quare
1322 1727 1467 1768 solum
1494 1742 1630 1769 unum
1657 1728 1804 1770 locum
1834 1744 1894 1772 ex
1949 1731 2001 1786 ¹123.

405 1789 681 1841 propheticis
724 1789 864 1830 Verbi
907 1790 1012 1833 lieet
1053 1790 1291 1839 adducere,
1334 1805 1393 1831 ex
1433 1805 1521 1844 quo
1563 1792 1736 1844 patebit
1755 1794 1916 1847 quod
1937 1797 1944 1818 s
1972 1814 2006 1846 ·'.;

406 1852 515 1892 talia
537 1853 753 1894 ecclesiae
781 1854 824 1894 in
852 1854 1073 1894 historicis
1100 1853 1187 1894 illis
1213 1866 1291 1906 per
1317 1852 1614 1895 Philisthaeos
1635 1868 1894 1908 repraesen-

405 1922 504 1955 tata
529 1916 618 1957 sint
636 1916 773 1957 :—Ut
801 1916 919 1969 apud
946 1915 1150 1964 Esaiam,

473 2008 532 2040 “N
537 2019 555 2040 e
572 2010 722 2048 laeteris,
740 2010 961 2042 philisthaea
980 2016 1070 2042 tota.
1086 2035 1109 2048 .,
1124 2010 1217 2051 quod
1236 2008 1349 2051 fracsta
1361 2010 1407 2042 sit
1423 2011 1524 2051 virga
1537 2011 1737 2051 percutiens
1753 2018 1799 2050 te,
1812 2023 1894 2046 nam
1969 2045 1972 2051 ,

581 2063 600 2084 e
624 2054 739 2085 radice
759 2055 936 2094 serpentis
964 2054 1074 2085 exibit
1098 2053 1292 2091 basiliscus,
1312 2053 1412 2094 cujus
1437 2052 1570 2086 fruetus
1595 2061 1732 2095 prester
1749 2056 1895 2095 voians:
1931 2062 1933 2064 '
1958 2060 1961 2066 ’

583 2103 666 2128 tunc
680 2104 826 2137 pascent
843 2097 1072 2137 primogeniti
1087 2107 1291 2137 pauperum,
1306 2104 1340 2128 et
1353 2097 1456 2137 egeni
1470 2097 1687 2130 confidenter
1697 2099 1894 2134 cubabunt:

583 2147 618 2172 et
641 2141 798 2172 occidam
825 2141 920 2173 fame
949 2141 1101 2179 radicem
1129 2147 1236 2179 tuam,
1257 2147 1292 2172 et
1316 2141 1476 2172 residuos
1501 2148 1581 2174 tuos
1601 2143 1745 2175 occidet.
1793 2143 1898 2184 Ejula

581 2190 693 2224 porta,
710 2185 825 2216 clama
843 2187 936 2224 urbs,
954 2185 1143 2227 liquefacta
1156 2192 1209 2218 est
1231 2186 1457 2224 philisthaea,
1471 2193 1508 2218 tu
1524 2193 1608 2224 tota,
1623 2188 1704 2228 quia
1719 2197 1741 2219 a
1756 2194 1897 2229 septen·
1956 2184 1961 2202 ³
1983 2201 1986 2206 ⁴

582 2228 698 2259 trione
716 2228 834 2260 fumus
853 2231 960 2267 venit,
981 2240 1044 2261 nec
1063 2230 1240 2261 solitarius
1265 2230 1300 2260 in
1323 2230 1557 2261 conventibus
1575 2230 1653 2262 tuis.
1701 2231 1794 2272 Quid
1814 2237 1896 2264 tunc
1936 2250 1937 2253 =

583 2272 823 2311 respondebit,
842 2273 948 2312 legati
967 2274 1107 2313 gentis?
1131 2273 1223 2314 quod
1240 2273 1402 2314 Jehovah
1416 2273 1618 2305 fundaverit
1633 2273 1792 2313 Zionem‚
1808 2281 1843 2307 e't
1860 2275 1896 2307 in
1928 2273 1930 2277 ’

580 2324 624 2345 ea
639 2316 834 2355 sperabunt
851 2317 972 2348 miseri
990 2317 1111 2357 populi
1127 2316 1205 2357 ejus
1218 2316 1235 2328 '¹
1253 2317 1336 2354 (xiv.
1355 2316 1492 2357 29-32):

408 2417 675 2457 describitur
706 2417 775 2458 hic
811 2418 1099 2467 Philisthaea,
1134 2433 1247 2472 quae
1279 2417 1502 2470 significat
1533 2418 1784 2468 ecclesiam,
1817 2434 1895 2462 seu

407 2480 508 2520 illos
531 2480 574 2520 in
593 2480 795 2528 ecclesia,
818 2482 891 2535 qui
910 2482 1089 2535 quidem
1113 2483 1156 2522 in
1173 2483 1287 2522 veris
1310 2495 1368 2521 ex
1391 2494 1524 2521 sensu
1542 2480 1720 2523 litterae
1738 2482 1893 2531 Verbi,

407 2549 484 2583 aut
507 2557 565 2582 ex
592 2543 678 2582 alia
700 2544 988 2593 revelatione,
1014 2552 1132 2593 sunt,
1157 2552 1202 2586 et
1229 2559 1367 2598 usque
1389 2544 1432 2583 in
1455 2545 1622 2596 spurcis
1644 2546 1867 2587 amoribus
1879 2561 1893 2597 3

408 2605 525 2646 unde
557 2619 662 2645 vera
694 2607 870 2647 illorum
905 2622 995 2648 non
1027 2610 1210 2657 vivunt;
1249 2615 1294 2648 et
1327 2621 1431 2647 vera
1462 2620 1576 2660 quae
1607 2620 1697 2647 non
1722 2608 1892 2657 vivunt,

408 2675 646 2710 vertuntur
676 2670 719 2709 in
753 2670 875 2720 falsa,
912 2671 1017 2712 dum
1049 2686 1072 2713 e
1105 2673 1382 2726 cogitatione
1414 2672 1653 2718 exteriore,
1681 2685 1794 2724 quae
1824 2667 1894 2714 est
1975 2652 2008 2714 ”zi

407 2732 627 2784 cogitatio
666 2735 873 2785 proxima
914 2734 1134 2788 loquelae,
1173 2737 1215 2776 in
1259 2736 1583 2789 cogitationem
1620 2734 1891 2783 interiorem,

407 2809 520 2849 quae
553 2802 623 2836 est
656 2796 928 2846 intellectus,
962 2805 1008 2839 et
1041 2800 1220 2853 quando
1252 2801 1320 2841 hic
1354 2800 1574 2854 expendit
1605 2812 1711 2838 vera
1741 2797 1785 2838 in
1815 2811 1894 2838 sua

407 2859 592 2911 origine,
623 2874 736 2914 quae
769 2862 830 2902 illi
863 2863 935 2916 qui
967 2876 1046 2915 per
1073 2864 1438 2907 “Philisthaeos”
1465 2863 1778 2916 intelliguntur
1802 2873 1892 2901 non

406 2922 586 2964 vident:
623 2926 741 2979 quod
769 2939 858 2966 non
884 2927 1081 2976 videant,
1110 2935 1179 2970 est
1212 2943 1357 2978 causa,
1387 2930 1487 2984 quia
1512 2927 1701 2969 facultas
1726 2922 1891 2965 intelli-

407 2988 543 3037 gendi
590 2995 658 3030 est
704 2990 840 3030 cuivis
885 2990 1067 3039 homini,
1111 2993 1246 3034 etiam
1288 2992 1420 3040 malo,
1465 2992 1543 3032 sed
1589 3003 1679 3031 non
1723 2988 1891 3029 bonum

407 3051 667 3102 voluntatis
707 3052 826 3107 quod
867 3060 935 3096 est
977 3053 1144 3096 bonum
1180 3056 1325 3108 vitae;
1370 3055 1454 3097 hoc
1494 3055 1613 3096 enim
1654 3052 1793 3094 oritur
1831 3063 1891 3091 ex
1979 3046 2008 3095 ‘i
