<?xml version="1.0" encoding="UTF-8"?>
<!DOCTYPE html PUBLIC "-//W3C//DTD XHTML 1.0 Transitional//EN"
    "http://www.w3.org/TR/xhtml1/DTD/xhtml1-transitional.dtd">
<html xmlns="http://www.w3.org/1999/xhtml" xml:lang="en" lang="en">
 <head>
  <title>
</title>
<meta http-equiv="Content-Type" content="text/html;charset=utf-8" />
  <meta name='ocr-system' content='tesseract 3.04.00' />
  <meta name='ocr-capabilities' content='ocr_page ocr_carea ocr_par ocr_line ocrx_word'/>
</head>
<body>
  <div class='ocr_page' id='page_1' title='image "apocalypsisexpli04sweduoft_0389.png"; bbox 0 0 2008 3458; ppageno 0'>
   <div class='ocr_carea' id='block_1_1' title="bbox 0 0 522 3458">
    <p class='ocr_par' dir='ltr' id='par_1_1' title="bbox 0 0 522 3458">
     <span class='ocr_line' id='line_1_1' title="bbox 0 0 522 3458; baseline 0 -2986"><span class='ocrx_word' id='word_1_1' title='bbox 0 0 522 3458; x_wconf 95' lang='lat' dir='ltr'>    </span> 
     </span>
    </p>
   </div>
   <div class='ocr_carea' id='block_1_2' title="bbox 545 375 1696 433">
    <p class='ocr_par' dir='ltr' id='par_1_2' title="bbox 545 375 1696 433">
     <span class='ocr_line' id='line_1_2' title="bbox 545 375 1696 433; baseline -0.008 -6"><span class='ocrx_word' id='word_1_2' title='bbox 545 393 652 427; x_wconf 84' lang='lat' dir='ltr'>CAP.</span> <span class='ocrx_word' id='word_1_3' title='bbox 677 392 801 433; x_wconf 65' lang='lat' dir='ltr'>xm„</span> <span class='ocrx_word' id='word_1_4' title='bbox 824 375 964 423; x_wconf 76' lang='lat' dir='ltr'>vERs.</span> <span class='ocrx_word' id='word_1_5' title='bbox 994 389 1164 421; x_wconf 87' lang='lat' dir='ltr'>11.-N.</span> <span class='ocrx_word' id='word_1_6' title='bbox 1189 379 1355 433; x_wconf 75' lang='lat' dir='ltr'><em>817[‘b].</em></span> <span class='ocrx_word' id='word_1_7' title='bbox 1380 419 1383 422; x_wconf 86' lang='grc'><em>,</em></span> <span class='ocrx_word' id='word_1_8' title='bbox 1591 388 1696 431; x_wconf 86' lang='lat'>2291</span> 
     </span>
    </p>
   </div>
   <div class='ocr_carea' id='block_1_3' title="bbox 194 502 1708 3106">
    <p class='ocr_par' dir='ltr' id='par_1_3' title="bbox 194 502 1708 3106">
     <span class='ocr_line' id='line_1_3' title="bbox 195 502 1700 563; baseline -0.009 -8"><span class='ocrx_word' id='word_1_9' title='bbox 195 503 454 555; x_wconf 77' lang='lat' dir='ltr'>Sciendum&#39;</span> <span class='ocrx_word' id='word_1_10' title='bbox 483 502 555 552; x_wconf 87' lang='lat' dir='ltr'>est</span> <span class='ocrx_word' id='word_1_11' title='bbox 597 507 718 563; x_wconf 87' lang='lat' dir='ltr'>quod</span> <span class='ocrx_word' id='word_1_12' title='bbox 764 520 844 561; x_wconf 90' lang='lat' dir='ltr'>per</span> <span class='ocrx_word' id='word_1_13' title='bbox 886 504 1040 546; x_wconf 89' lang='lat' dir='ltr'>omnia</span> <span class='ocrx_word' id='word_1_14' title='bbox 1085 503 1271 545; x_wconf 87' lang='lat' dir='ltr'>nomina</span> <span class='ocrx_word' id='word_1_15' title='bbox 1314 515 1611 557; x_wconf 87' lang='lat' dir='ltr'>personarum</span> <span class='ocrx_word' id='word_1_16' title='bbox 1653 507 1700 543; x_wconf 91' lang='lat' dir='ltr'>et</span> 
     </span>
     <span class='ocr_line' id='line_1_4' title="bbox 194 564 1700 624; baseline -0.008 -7"><span class='ocrx_word' id='word_1_17' title='bbox 194 574 402 616; x_wconf 85' lang='lat' dir='ltr'>locorum</span> <span class='ocrx_word' id='word_1_18' title='bbox 433 573 477 614; x_wconf 93' lang='lat' dir='ltr'>in</span> <span class='ocrx_word' id='word_1_19' title='bbox 505 571 662 614; x_wconf 89' lang='lat' dir='ltr'>Verbo</span> <span class='ocrx_word' id='word_1_20' title='bbox 689 569 1003 624; x_wconf 84' lang='lat' dir='ltr'>significentur</span> <span class='ocrx_word' id='word_1_21' title='bbox 1027 581 1098 609; x_wconf 90' lang='lat' dir='ltr'>res</span> <span class='ocrx_word' id='word_1_22' title='bbox 1131 573 1177 608; x_wconf 90' lang='lat' dir='ltr'>et</span> <span class='ocrx_word' id='word_1_23' title='bbox 1211 572 1360 607; x_wconf 87' lang='lat' dir='ltr'>status</span> <span class='ocrx_word' id='word_1_24' title='bbox 1386 564 1624 615; x_wconf 87' lang='lat' dir='ltr'>ecclesiae,</span> <span class='ocrx_word' id='word_1_25' title='bbox 1653 571 1700 606; x_wconf 91' lang='lat' dir='ltr'>et</span> 
     </span>
     <span class='ocr_line' id='line_1_5' title="bbox 194 629 1702 693; baseline -0.007 -13"><span class='ocrx_word' id='word_1_26' title='bbox 194 637 438 693; x_wconf 85' lang='lat' dir='ltr'>praecipue</span> <span class='ocrx_word' id='word_1_27' title='bbox 469 649 549 691; x_wconf 85' lang='lat' dir='ltr'>per</span> <span class='ocrx_word' id='word_1_28' title='bbox 587 634 772 676; x_wconf 88' lang='lat' dir='ltr'>nomina</span> <span class='ocrx_word' id='word_1_29' title='bbox 808 633 853 674; x_wconf 91' lang='lat' dir='ltr'>in</span> <span class='ocrx_word' id='word_1_30' title='bbox 890 632 1044 686; x_wconf 89' lang='lat' dir='ltr'>primis</span> <span class='ocrx_word' id='word_1_31' title='bbox 1081 630 1304 684; x_wconf 85' lang='lat' dir='ltr'>capitibus</span> <span class='ocrx_word' id='word_1_32' title='bbox 1340 629 1565 679; x_wconf 83' lang='lat' dir='ltr'>Geneseos,</span> <span class='ocrx_word' id='word_1_33' title='bbox 1598 629 1702 683; x_wconf 88' lang='lat' dir='ltr'>quia</span> 
     </span>
     <span class='ocr_line' id='line_1_6' title="bbox 196 692 1700 743; baseline -0.007 0"><span class='ocrx_word' id='word_1_34' title='bbox 196 700 417 743; x_wconf 88' lang='lat' dir='ltr'>historica</span> <span class='ocrx_word' id='word_1_35' title='bbox 452 699 498 740; x_wconf 89' lang='lat' dir='ltr'>in</span> <span class='ocrx_word' id='word_1_36' title='bbox 534 697 623 739; x_wconf 89' lang='lat' dir='ltr'>illis</span> <span class='ocrx_word' id='word_1_37' title='bbox 660 702 767 738; x_wconf 90' lang='lat' dir='ltr'>sunt</span> <span class='ocrx_word' id='word_1_38' title='bbox 809 695 1030 736; x_wconf 87' lang='lat' dir='ltr'>historica</span> <span class='ocrx_word' id='word_1_39' title='bbox 1071 692 1204 743; x_wconf 60' lang='lat' dir='ltr'>faeta,</span> <span class='ocrx_word' id='word_1_40' title='bbox 1244 693 1531 734; x_wconf 85' lang='lat' dir='ltr'>continentia</span> <span class='ocrx_word' id='word_1_41' title='bbox 1572 705 1700 734; x_wconf 86' lang='lat' dir='ltr'>arca-</span> 
     </span>
     <span class='ocr_line' id='line_1_7' title="bbox 197 755 1702 814; baseline -0.007 -8"><span class='ocrx_word' id='word_1_42' title='bbox 197 764 384 806; x_wconf 84' lang='lat' dir='ltr'>nissima</span> <span class='ocrx_word' id='word_1_43' title='bbox 406 761 535 811; x_wconf 89' lang='lat' dir='ltr'>caeli,</span> <span class='ocrx_word' id='word_1_44' title='bbox 560 761 640 803; x_wconf 89' lang='lat' dir='ltr'>sed</span> <span class='ocrx_word' id='word_1_45' title='bbox 663 773 804 814; x_wconf 89' lang='lat' dir='ltr'>usque</span> <span class='ocrx_word' id='word_1_46' title='bbox 828 756 1116 800; x_wconf 68' lang='lat' dir='ltr'>sanctissima</span> <span class='ocrx_word' id='word_1_47' title='bbox 1142 757 1186 798; x_wconf 91' lang='lat' dir='ltr'>in</span> <span class='ocrx_word' id='word_1_48' title='bbox 1213 770 1348 798; x_wconf 90' lang='lat' dir='ltr'>sensu</span> <span class='ocrx_word' id='word_1_49' title='bbox 1375 755 1572 805; x_wconf 83' lang='lat' dir='ltr'><strong>litterae,</strong></span> <span class='ocrx_word' id='word_1_50' title='bbox 1597 755 1702 810; x_wconf 87' lang='lat' dir='ltr'>quia</span> 
     </span>
     <span class='ocr_line' id='line_1_8' title="bbox 195 820 1701 887; baseline -0.007 -17"><span class='ocrx_word' id='word_1_51' title='bbox 195 829 241 870; x_wconf 88' lang='lat' dir='ltr'>in</span> <span class='ocrx_word' id='word_1_52' title='bbox 279 826 469 882; x_wconf 88' lang='lat' dir='ltr'>singulis</span> <span class='ocrx_word' id='word_1_53' title='bbox 505 826 694 887; x_wconf 58' lang='lat' dir='ltr'>vocibus</span> <span class='ocrx_word' id='word_1_54' title='bbox 731 824 791 866; x_wconf 94' lang='lat' dir='ltr'>ibi</span> <span class='ocrx_word' id='word_1_55' title='bbox 828 829 900 865; x_wconf 91' lang='lat' dir='ltr'>est</span> <span class='ocrx_word' id='word_1_56' title='bbox 938 835 1097 863; x_wconf 90' lang='lat' dir='ltr'>sensus</span> <span class='ocrx_word' id='word_1_57' title='bbox 1135 821 1380 875; x_wconf 88' lang='lat' dir='ltr'>spiritualis</span> <span class='ocrx_word' id='word_1_58' title='bbox 1417 820 1701 874; x_wconf 86' lang='lat' dir='ltr'>conjungens</span> 
     </span>
     <span class='ocr_line' id='line_1_9' title="bbox 194 884 1701 940; baseline -0.007 -5"><span class='ocrx_word' id='word_1_59' title='bbox 194 891 353 934; x_wconf 84' lang='lat' dir='ltr'>caelos</span> <span class='ocrx_word' id='word_1_60' title='bbox 389 904 492 934; x_wconf 90' lang='lat' dir='ltr'>cum</span> <span class='ocrx_word' id='word_1_61' title='bbox 530 889 788 932; x_wconf 90' lang='lat' dir='ltr'>hominibus</span> <span class='ocrx_word' id='word_1_62' title='bbox 824 887 1059 930; x_wconf 88' lang='lat' dir='ltr'>ecclesiae.</span> <span class='ocrx_word' id='word_1_63' title='bbox 1135 886 1255 940; x_wconf 80' lang='lat' dir='ltr'>Quid</span> <span class='ocrx_word' id='word_1_64' title='bbox 1294 885 1511 927; x_wconf 84' lang='lat' dir='ltr'>historica</span> <span class='ocrx_word' id='word_1_65' title='bbox 1547 884 1624 926; x_wconf 87' lang='lat' dir='ltr'>illa</span> <span class='ocrx_word' id='word_1_66' title='bbox 1656 885 1701 925; x_wconf 91' lang='lat' dir='ltr'>in</span> 
     </span>
     <span class='ocr_line' id='line_1_10' title="bbox 197 946 1702 1010; baseline -0.007 -12"><span class='ocrx_word' id='word_1_67' title='bbox 197 969 335 998; x_wconf 90' lang='lat' dir='ltr'>sensu</span> <span class='ocrx_word' id='word_1_68' title='bbox 361 954 581 1010; x_wconf 72' lang='lat' dir='ltr'>spirituali</span> <span class='ocrx_word' id='word_1_69' title='bbox 606 953 862 1002; x_wconf 91' lang='lat' dir='ltr'>involvunt,</span> <span class='ocrx_word' id='word_1_70' title='bbox 891 958 938 993; x_wconf 93' lang='lat' dir='ltr'>et</span> <span class='ocrx_word' id='word_1_71' title='bbox 965 951 1071 1005; x_wconf 88' lang='lat' dir='ltr'>quid</span> <span class='ocrx_word' id='word_1_72' title='bbox 1104 951 1290 991; x_wconf 88' lang='lat' dir='ltr'>nomina</span> <span class='ocrx_word' id='word_1_73' title='bbox 1316 960 1610 1003; x_wconf 86' lang='lat' dir='ltr'>personarum</span> <span class='ocrx_word' id='word_1_74' title='bbox 1642 946 1702 987; x_wconf 90' lang='lat' dir='ltr'>ibi</span> 
     </span>
     <span class='ocr_line' id='line_1_11' title="bbox 198 1010 1703 1073; baseline -0.007 -12"><span class='ocrx_word' id='word_1_75' title='bbox 198 1017 472 1073; x_wconf 84' lang='lat' dir='ltr'>significant,</span> <span class='ocrx_word' id='word_1_76' title='bbox 509 1017 794 1072; x_wconf 87' lang='lat' dir='ltr'>explicatum</span> <span class='ocrx_word' id='word_1_77' title='bbox 831 1021 902 1057; x_wconf 91' lang='lat' dir='ltr'>est</span> <span class='ocrx_word' id='word_1_78' title='bbox 939 1015 984 1055; x_wconf 89' lang='lat' dir='ltr'>in</span> <span class='ocrx_word' id='word_1_79' title='bbox 1017 1013 1218 1054; x_wconf 82' lang='lat' dir='ltr'>Arcam&#39;s</span> <span class='ocrx_word' id='word_1_80' title='bbox 1256 1011 1545 1054; x_wconf 77' lang='lat' dir='ltr'>caelestibus.</span> <span class='ocrx_word' id='word_1_81' title='bbox 1619 1010 1703 1051; x_wconf 89' lang='lat' dir='ltr'>Per</span> 
     </span>
     <span class='ocr_line' id='line_1_12' title="bbox 201 1075 1701 1135; baseline -0.007 -11"><span class='ocrx_word' id='word_1_82' title='bbox 201 1081 464 1124; x_wconf 60' lang='lat' dir='ltr'>“Canium’&#39;</span> <span class='ocrx_word' id='word_1_83' title='bbox 495 1080 810 1135; x_wconf 86' lang='lat' dir='ltr'>significantur</span> <span class='ocrx_word' id='word_1_84' title='bbox 840 1078 1132 1132; x_wconf 84' lang='lat' dir='ltr'>cognitiones</span> <span class='ocrx_word' id='word_1_85' title='bbox 1162 1077 1257 1117; x_wconf 88' lang='lat' dir='ltr'>veri</span> <span class='ocrx_word' id='word_1_86' title='bbox 1294 1082 1341 1117; x_wconf 93' lang='lat' dir='ltr'>et</span> <span class='ocrx_word' id='word_1_87' title='bbox 1379 1075 1485 1116; x_wconf 88' lang='lat' dir='ltr'>boni</span> <span class='ocrx_word' id='word_1_88' title='bbox 1518 1087 1701 1128; x_wconf 89' lang='lat' dir='ltr'>separa-</span> 
     </span>
     <span class='ocr_line' id='line_1_13' title="bbox 198 1138 1704 1197; baseline -0.007 -8"><span class='ocrx_word' id='word_1_89' title='bbox 198 1151 275 1188; x_wconf 86' lang='lat' dir='ltr'>tae</span> <span class='ocrx_word' id='word_1_90' title='bbox 306 1159 334 1188; x_wconf 88' lang='lat' dir='ltr'>a</span> <span class='ocrx_word' id='word_1_91' title='bbox 362 1146 459 1197; x_wconf 84' lang='lat' dir='ltr'>vita</span> <span class='ocrx_word' id='word_1_92' title='bbox 490 1144 738 1187; x_wconf 90' lang='lat' dir='ltr'>secundum</span> <span class='ocrx_word' id='word_1_93' title='bbox 770 1142 885 1192; x_wconf 83' lang='lat' dir='ltr'>illas,</span> <span class='ocrx_word' id='word_1_94' title='bbox 919 1143 985 1183; x_wconf 89' lang='lat' dir='ltr'>ita</span> <span class='ocrx_word' id='word_1_95' title='bbox 1015 1141 1074 1182; x_wconf 90' lang='lat' dir='ltr'>ab</span> <span class='ocrx_word' id='word_1_96' title='bbox 1105 1154 1258 1182; x_wconf 88' lang='lat' dir='ltr'>amore</span> <span class='ocrx_word' id='word_1_97' title='bbox 1290 1138 1507 1189; x_wconf 89' lang='lat' dir='ltr'>caelesti;</span> <span class='ocrx_word' id='word_1_98' title='bbox 1546 1144 1592 1180; x_wconf 93' lang='lat' dir='ltr'>et</span> <span class='ocrx_word' id='word_1_99' title='bbox 1625 1150 1704 1191; x_wconf 86' lang='lat' dir='ltr'>per</span> 
     </span>
     <span class='ocr_line' id='line_1_14' title="bbox 201 1201 1701 1262; baseline -0.007 -11"><span class='ocrx_word' id='word_1_100' title='bbox 201 1207 474 1251; x_wconf 83' lang='lat' dir='ltr'>“Abelem&#39;’</span> <span class='ocrx_word' id='word_1_101' title='bbox 513 1207 797 1262; x_wconf 86' lang='lat' dir='ltr'>significatur</span> <span class='ocrx_word' id='word_1_102' title='bbox 837 1220 964 1247; x_wconf 89' lang='lat' dir='ltr'>amor</span> <span class='ocrx_word' id='word_1_103' title='bbox 1001 1204 1239 1246; x_wconf 84' lang='lat' dir='ltr'>caelestis:</span> <span class='ocrx_word' id='word_1_104' title='bbox 1288 1217 1368 1243; x_wconf 90' lang='lat' dir='ltr'>seu</span> <span class='ocrx_word' id='word_1_105' title='bbox 1409 1201 1530 1256; x_wconf 91' lang='lat' dir='ltr'>quod</span> <span class='ocrx_word' id='word_1_106' title='bbox 1567 1201 1701 1250; x_wconf 88' lang='lat' dir='ltr'>idem,</span> 
     </span>
     <span class='ocr_line' id='line_1_15' title="bbox 199 1266 1705 1327; baseline -0.007 -12"><span class='ocrx_word' id='word_1_107' title='bbox 199 1286 280 1327; x_wconf 91' lang='lat' dir='ltr'>per</span> <span class='ocrx_word' id='word_1_108' title='bbox 303 1275 330 1294; x_wconf 87' lang='lat'>“</span> <span class='ocrx_word' id='word_1_109' title='bbox 345 1271 568 1314; x_wconf 85' lang='lat' dir='ltr'>Cainum”</span> <span class='ocrx_word' id='word_1_110' title='bbox 586 1270 867 1325; x_wconf 86' lang='lat' dir='ltr'>significatur</span> <span class='ocrx_word' id='word_1_111' title='bbox 888 1282 1044 1311; x_wconf 89' lang='lat' dir='ltr'>verum</span> <span class='ocrx_word' id='word_1_112' title='bbox 1067 1274 1328 1322; x_wconf 87' lang='lat' dir='ltr'>separatum</span> <span class='ocrx_word' id='word_1_113' title='bbox 1351 1280 1377 1307; x_wconf 86' lang='lat' dir='ltr'>a</span> <span class='ocrx_word' id='word_1_114' title='bbox 1399 1266 1536 1315; x_wconf 85' lang='lat' dir='ltr'>bono,</span> <span class='ocrx_word' id='word_1_115' title='bbox 1556 1271 1603 1306; x_wconf 93' lang='lat' dir='ltr'>et</span> <span class='ocrx_word' id='word_1_116' title='bbox 1626 1279 1705 1319; x_wconf 89' lang='lat' dir='ltr'>per</span> 
     </span>
     <span class='ocr_line' id='line_1_16' title="bbox 202 1330 1704 1387; baseline -0.006 -9"><span class='ocrx_word' id='word_1_117' title='bbox 202 1334 474 1377; x_wconf 79' lang='lat' dir='ltr'>“Abelem’&#39;</span> <span class='ocrx_word' id='word_1_118' title='bbox 505 1335 675 1376; x_wconf 90' lang='lat' dir='ltr'>bonum</span> <span class='ocrx_word' id='word_1_119' title='bbox 707 1331 1000 1387; x_wconf 66' lang='lat' dir='ltr'>conjunctum</span> <span class='ocrx_word' id='word_1_120' title='bbox 1031 1345 1154 1373; x_wconf 90' lang='lat' dir='ltr'>vero.</span> <span class='ocrx_word' id='word_1_121' title='bbox 1216 1330 1278 1372; x_wconf 88' lang='lat' dir='ltr'>Et</span> <span class='ocrx_word' id='word_1_122' title='bbox 1311 1330 1415 1384; x_wconf 90' lang='lat' dir='ltr'>quia</span> <span class='ocrx_word' id='word_1_123' title='bbox 1445 1342 1601 1370; x_wconf 88' lang='lat' dir='ltr'>verum</span> <span class='ocrx_word' id='word_1_124' title='bbox 1633 1335 1704 1370; x_wconf 90' lang='lat' dir='ltr'>est</span> 
     </span>
     <span class='ocr_line' id='line_1_17' title="bbox 200 1394 1702 1454; baseline -0.005 -13"><span class='ocrx_word' id='word_1_125' title='bbox 200 1399 394 1454; x_wconf 89' lang='lat' dir='ltr'>primum</span> <span class='ocrx_word' id='word_1_126' title='bbox 420 1398 658 1447; x_wconf 89' lang='lat' dir='ltr'>ecclesiae,</span> <span class='ocrx_word' id='word_1_127' title='bbox 683 1411 790 1438; x_wconf 88' lang='lat' dir='ltr'>nam</span> <span class='ocrx_word' id='word_1_128' title='bbox 822 1397 969 1438; x_wconf 90' lang='lat' dir='ltr'>omnis</span> <span class='ocrx_word' id='word_1_129' title='bbox 1001 1395 1197 1437; x_wconf 88' lang='lat' dir='ltr'>ecclesia</span> <span class='ocrx_word' id='word_1_130' title='bbox 1227 1394 1448 1435; x_wconf 85' lang='lat' dir='ltr'>formatur</span> <span class='ocrx_word' id='word_1_131' title='bbox 1480 1407 1559 1447; x_wconf 89' lang='lat' dir='ltr'>per</span> <span class='ocrx_word' id='word_1_132' title='bbox 1582 1406 1702 1441; x_wconf 91' lang='lat' dir='ltr'>vera,</span> 
     </span>
     <span class='ocr_line' id='line_1_18' title="bbox 200 1456 1705 1514; baseline -0.005 -10"><span class='ocrx_word' id='word_1_133' title='bbox 200 1476 228 1504; x_wconf 89' lang='lat' dir='ltr'>a</span> <span class='ocrx_word' id='word_1_134' title='bbox 261 1462 380 1504; x_wconf 89' lang='lat' dir='ltr'>veris</span> <span class='ocrx_word' id='word_1_135' title='bbox 417 1463 552 1511; x_wconf 90' lang='lat' dir='ltr'>enim,</span> <span class='ocrx_word' id='word_1_136' title='bbox 587 1476 665 1503; x_wconf 90' lang='lat' dir='ltr'>seu</span> <span class='ocrx_word' id='word_1_137' title='bbox 701 1475 729 1502; x_wconf 87' lang='lat' dir='ltr'>a</span> <span class='ocrx_word' id='word_1_138' title='bbox 765 1459 1107 1514; x_wconf 86' lang='lat' dir='ltr'>cognitionibus</span> <span class='ocrx_word' id='word_1_139' title='bbox 1143 1458 1237 1499; x_wconf 89' lang='lat' dir='ltr'>veri</span> <span class='ocrx_word' id='word_1_140' title='bbox 1279 1463 1326 1499; x_wconf 93' lang='lat' dir='ltr'>et</span> <span class='ocrx_word' id='word_1_141' title='bbox 1368 1457 1476 1498; x_wconf 91' lang='lat' dir='ltr'>boni</span> <span class='ocrx_word' id='word_1_142' title='bbox 1517 1456 1705 1498; x_wconf 82' lang='lat' dir='ltr'>incohat</span> 
     </span>
     <span class='ocr_line' id='line_1_19' title="bbox 200 1521 1705 1577; baseline -0.005 -9"><span class='ocrx_word' id='word_1_143' title='bbox 200 1525 348 1568; x_wconf 90' lang='lat' dir='ltr'>omnis</span> <span class='ocrx_word' id='word_1_144' title='bbox 384 1525 592 1575; x_wconf 87' lang='lat' dir='ltr'>ecclesia,</span> <span class='ocrx_word' id='word_1_145' title='bbox 626 1525 729 1566; x_wconf 89' lang='lat' dir='ltr'>ideo</span> <span class='ocrx_word' id='word_1_146' title='bbox 765 1524 846 1566; x_wconf 88' lang='lat' dir='ltr'>fuit</span> <span class='ocrx_word' id='word_1_147' title='bbox 885 1523 1052 1565; x_wconf 87' lang='lat' dir='ltr'>Cainus</span> <span class='ocrx_word' id='word_1_148' title='bbox 1090 1522 1436 1577; x_wconf 87' lang='lat' dir='ltr'>primogenitus,</span> <span class='ocrx_word' id='word_1_149' title='bbox 1475 1526 1522 1562; x_wconf 91' lang='lat' dir='ltr'>et</span> <span class='ocrx_word' id='word_1_150' title='bbox 1560 1521 1705 1561; x_wconf 89' lang='lat' dir='ltr'>nomi-</span> 
     </span>
     <span class='ocr_line' id='line_1_20' title="bbox 201 1583 1706 1643; baseline -0.005 -12"><span class='ocrx_word' id='word_1_151' title='bbox 201 1595 337 1631; x_wconf 86' lang='lat' dir='ltr'>natus</span> <span class='ocrx_word' id='word_1_152' title='bbox 373 1595 444 1631; x_wconf 90' lang='lat' dir='ltr'>est</span> <span class='ocrx_word' id='word_1_153' title='bbox 479 1589 584 1630; x_wconf 90' lang='lat' dir='ltr'>“vir</span> <span class='ocrx_word' id='word_1_154' title='bbox 617 1587 882 1643; x_wconf 75' lang='lat' dir='ltr'>Jehovae;&#39;&#39;.</span> <span class='ocrx_word' id='word_1_155' title='bbox 913 1601 993 1642; x_wconf 88' lang='lat' dir='ltr'>per</span> <span class='ocrx_word' id='word_1_156' title='bbox 1027 1585 1241 1627; x_wconf 89' lang='lat' dir='ltr'>“virum”</span> <span class='ocrx_word' id='word_1_157' title='bbox 1279 1585 1399 1626; x_wconf 92' lang='lat' dir='ltr'>enim</span> <span class='ocrx_word' id='word_1_158' title='bbox 1435 1583 1706 1638; x_wconf 85' lang='lat' dir='ltr'>“Jehovae”</span> 
     </span>
     <span class='ocr_line' id='line_1_21' title="bbox 201 1648 1707 1706; baseline -0.004 -12"><span class='ocrx_word' id='word_1_159' title='bbox 201 1653 248 1694; x_wconf 87' lang='lat' dir='ltr'>in</span> <span class='ocrx_word' id='word_1_160' title='bbox 283 1651 442 1695; x_wconf 91' lang='lat' dir='ltr'>Verbo</span> <span class='ocrx_word' id='word_1_161' title='bbox 478 1651 760 1706; x_wconf 85' lang='lat' dir='ltr'>significatur</span> <span class='ocrx_word' id='word_1_162' title='bbox 795 1664 952 1693; x_wconf 90' lang='lat' dir='ltr'>verum</span> <span class='ocrx_word' id='word_1_163' title='bbox 994 1649 1108 1692; x_wconf 90' lang='lat' dir='ltr'>caeli</span> <span class='ocrx_word' id='word_1_164' title='bbox 1150 1656 1198 1691; x_wconf 88' lang='lat' dir='ltr'>et</span> <span class='ocrx_word' id='word_1_165' title='bbox 1240 1648 1489 1699; x_wconf 82' lang='lat' dir='ltr'>ecclesiae3</span> <span class='ocrx_word' id='word_1_166' title='bbox 1537 1661 1588 1689; x_wconf 90' lang='lat' dir='ltr'>ac</span> <span class='ocrx_word' id='word_1_167' title='bbox 1627 1661 1707 1702; x_wconf 89' lang='lat' dir='ltr'>per</span> 
     </span>
     <span class='ocr_line' id='line_1_22' title="bbox 203 1712 1705 1770; baseline -0.004 -12"><span class='ocrx_word' id='word_1_168' title='bbox 203 1715 470 1765; x_wconf 82' lang='lat' dir='ltr'>“humum,”</span> <span class='ocrx_word' id='word_1_169' title='bbox 500 1729 636 1770; x_wconf 87' lang='lat' dir='ltr'>quam</span> <span class='ocrx_word' id='word_1_170' title='bbox 668 1715 810 1757; x_wconf 91' lang='lat' dir='ltr'>coluit</span> <span class='ocrx_word' id='word_1_171' title='bbox 843 1714 970 1763; x_wconf 87' lang='lat' dir='ltr'>Cain,</span> <span class='ocrx_word' id='word_1_172' title='bbox 1004 1712 1285 1767; x_wconf 84' lang='lat' dir='ltr'>significatur</span> <span class='ocrx_word' id='word_1_173' title='bbox 1316 1712 1535 1754; x_wconf 88' lang='lat' dir='ltr'>ecclesia:</span> <span class='ocrx_word' id='word_1_174' title='bbox 1574 1725 1705 1766; x_wconf 86' lang='lat' dir='ltr'>sepa-</span> 
     </span>
     <span class='ocr_line' id='line_1_23' title="bbox 201 1775 1706 1833; baseline -0.003 -12"><span class='ocrx_word' id='word_1_175' title='bbox 201 1780 322 1821; x_wconf 87' lang='lat' dir='ltr'>ratio</span> <span class='ocrx_word' id='word_1_176' title='bbox 342 1780 436 1821; x_wconf 92' lang='lat' dir='ltr'>veri</span> <span class='ocrx_word' id='word_1_177' title='bbox 458 1793 485 1821; x_wconf 89' lang='lat' dir='ltr'>a</span> <span class='ocrx_word' id='word_1_178' title='bbox 506 1779 630 1820; x_wconf 92' lang='lat' dir='ltr'>bono</span> <span class='ocrx_word' id='word_1_179' title='bbox 651 1778 932 1833; x_wconf 87' lang='lat' dir='ltr'>significatur</span> <span class='ocrx_word' id='word_1_180' title='bbox 954 1792 1033 1832; x_wconf 92' lang='lat' dir='ltr'>per</span> <span class='ocrx_word' id='word_1_181' title='bbox 1054 1782 1253 1818; x_wconf 86' lang='lat' dir='ltr'>“necem</span> <span class='ocrx_word' id='word_1_182' title='bbox 1276 1775 1440 1817; x_wconf 86' lang='lat' dir='ltr'>Abelis</span> <span class='ocrx_word' id='word_1_183' title='bbox 1462 1790 1489 1817; x_wconf 86' lang='lat' dir='ltr'>a</span> <span class='ocrx_word' id='word_1_184' title='bbox 1511 1775 1654 1817; x_wconf 92' lang='lat' dir='ltr'>Caino</span> <span class='ocrx_word' id='word_1_185' title='bbox 1673 1775 1706 1826; x_wconf 92' lang='lat'>;”</span> 
     </span>
     <span class='ocr_line' id='line_1_24' title="bbox 201 1839 1706 1900; baseline -0.003 -16"><span class='ocrx_word' id='word_1_186' title='bbox 201 1855 308 1884; x_wconf 90' lang='lat' dir='ltr'>nam</span> <span class='ocrx_word' id='word_1_187' title='bbox 345 1843 454 1885; x_wconf 89' lang='lat' dir='ltr'>dum</span> <span class='ocrx_word' id='word_1_188' title='bbox 485 1856 622 1900; x_wconf 85' lang='lat' dir='ltr'>omne</span> <span class='ocrx_word' id='word_1_189' title='bbox 653 1842 876 1884; x_wconf 87' lang='lat' dir='ltr'>ecclesiae</span> <span class='ocrx_word' id='word_1_190' title='bbox 909 1842 1092 1896; x_wconf 91' lang='lat' dir='ltr'>ponitur</span> <span class='ocrx_word' id='word_1_191' title='bbox 1123 1841 1167 1881; x_wconf 87' lang='lat' dir='ltr'>in</span> <span class='ocrx_word' id='word_1_192' title='bbox 1200 1839 1317 1881; x_wconf 88' lang='lat' dir='ltr'>veris</span> <span class='ocrx_word' id='word_1_193' title='bbox 1354 1846 1433 1880; x_wconf 90' lang='lat' dir='ltr'>aut</span> <span class='ocrx_word' id='word_1_194' title='bbox 1470 1840 1515 1880; x_wconf 89' lang='lat' dir='ltr'>in</span> <span class='ocrx_word' id='word_1_195' title='bbox 1547 1840 1706 1893; x_wconf 88' lang='lat' dir='ltr'>cogni-</span> 
     </span>
     <span class='ocr_line' id='line_1_25' title="bbox 202 1902 1706 1956; baseline -0.003 -8"><span class='ocrx_word' id='word_1_196' title='bbox 202 1906 416 1956; x_wconf 87' lang='lat' dir='ltr'>tionibus,</span> <span class='ocrx_word' id='word_1_197' title='bbox 432 1912 479 1948; x_wconf 91' lang='lat' dir='ltr'>et</span> <span class='ocrx_word' id='word_1_198' title='bbox 502 1919 593 1947; x_wconf 92' lang='lat' dir='ltr'>non</span> <span class='ocrx_word' id='word_1_199' title='bbox 616 1907 660 1947; x_wconf 90' lang='lat' dir='ltr'>in</span> <span class='ocrx_word' id='word_1_200' title='bbox 682 1906 814 1947; x_wconf 86' lang='lat' dir='ltr'>bonis</span> <span class='ocrx_word' id='word_1_201' title='bbox 836 1913 914 1947; x_wconf 86' lang='lat' dir='ltr'>aut</span> <span class='ocrx_word' id='word_1_202' title='bbox 938 1906 982 1946; x_wconf 91' lang='lat' dir='ltr'>in</span> <span class='ocrx_word' id='word_1_203' title='bbox 1005 1902 1317 1946; x_wconf 64' lang='lat' dir='ltr'>affectionibus</span> <span class='ocrx_word' id='word_1_204' title='bbox 1340 1903 1522 1944; x_wconf 91' lang='lat' dir='ltr'>vivendi</span> <span class='ocrx_word' id='word_1_205' title='bbox 1545 1916 1706 1944; x_wconf 89' lang='lat' dir='ltr'>secun-</span> 
     </span>
     <span class='ocr_line' id='line_1_26' title="bbox 201 1967 1704 2023; baseline -0.003 -11"><span class='ocrx_word' id='word_1_206' title='bbox 201 1969 310 2012; x_wconf 91' lang='lat' dir='ltr'>dum</span> <span class='ocrx_word' id='word_1_207' title='bbox 340 1984 462 2021; x_wconf 87' lang='lat' dir='ltr'>vera,</span> <span class='ocrx_word' id='word_1_208' title='bbox 496 1976 605 2012; x_wconf 90' lang='lat' dir='ltr'>tunc</span> <span class='ocrx_word' id='word_1_209' title='bbox 637 1970 807 2011; x_wconf 90' lang='lat' dir='ltr'>bonum</span> <span class='ocrx_word' id='word_1_210' title='bbox 845 1983 947 2011; x_wconf 89' lang='lat' dir='ltr'>cum</span> <span class='ocrx_word' id='word_1_211' title='bbox 984 1969 1077 2023; x_wconf 91' lang='lat' dir='ltr'>ejus</span> <span class='ocrx_word' id='word_1_212' title='bbox 1110 1967 1423 2010; x_wconf 64' lang='lat' dir='ltr'>affectionibus</span> <span class='ocrx_word' id='word_1_213' title='bbox 1457 1968 1704 2009; x_wconf 89' lang='lat' dir='ltr'>occiditur:</span> 
     </span>
     <span class='ocr_line' id='line_1_27' title="bbox 201 2033 1708 2090; baseline -0.002 -14"><span class='ocrx_word' id='word_1_214' title='bbox 201 2039 250 2076; x_wconf 87' lang='lat' dir='ltr'>et</span> <span class='ocrx_word' id='word_1_215' title='bbox 285 2034 390 2090; x_wconf 86' lang='lat' dir='ltr'>quia</span> <span class='ocrx_word' id='word_1_216' title='bbox 426 2047 561 2076; x_wconf 91' lang='lat' dir='ltr'>omne</span> <span class='ocrx_word' id='word_1_217' title='bbox 598 2033 819 2076; x_wconf 88' lang='lat' dir='ltr'>ecclesiae</span> <span class='ocrx_word' id='word_1_218' title='bbox 852 2034 967 2088; x_wconf 91' lang='lat' dir='ltr'>perit</span> <span class='ocrx_word' id='word_1_219' title='bbox 1005 2034 1189 2088; x_wconf 88' lang='lat' dir='ltr'>quando</span> <span class='ocrx_word' id='word_1_220' title='bbox 1221 2046 1376 2074; x_wconf 90' lang='lat' dir='ltr'>verum</span> <span class='ocrx_word' id='word_1_221' title='bbox 1409 2038 1646 2086; x_wconf 89' lang='lat' dir='ltr'>separatur</span> <span class='ocrx_word' id='word_1_222' title='bbox 1681 2045 1708 2073; x_wconf 84' lang='lat' dir='ltr'>a</span> 
     </span>
     <span class='ocr_line' id='line_1_28' title="bbox 201 2096 1707 2152; baseline -0.001 -13"><span class='ocrx_word' id='word_1_223' title='bbox 201 2097 339 2148; x_wconf 90' lang='lat' dir='ltr'>bono,</span> <span class='ocrx_word' id='word_1_224' title='bbox 372 2098 476 2140; x_wconf 94' lang='lat' dir='ltr'>ideo</span> <span class='ocrx_word' id='word_1_225' title='bbox 510 2097 717 2140; x_wconf 89' lang='lat' dir='ltr'>“Cainus</span> <span class='ocrx_word' id='word_1_226' title='bbox 749 2096 918 2151; x_wconf 63' lang='lat' dir='ltr'>ejectus</span> <span class='ocrx_word' id='word_1_227' title='bbox 950 2105 1021 2139; x_wconf 88' lang='lat' dir='ltr'>est</span> <span class='ocrx_word' id='word_1_228' title='bbox 1060 2112 1119 2139; x_wconf 85' lang='lat' dir='ltr'>ex</span> <span class='ocrx_word' id='word_1_229' title='bbox 1151 2097 1332 2147; x_wconf 87' lang='lat' dir='ltr'>humo‚”</span> <span class='ocrx_word' id='word_1_230' title='bbox 1364 2111 1443 2152; x_wconf 86' lang='lat' dir='ltr'>per</span> <span class='ocrx_word' id='word_1_231' title='bbox 1474 2110 1624 2151; x_wconf 84' lang='lat' dir='ltr'>quam,</span> <span class='ocrx_word' id='word_1_232' title='bbox 1658 2103 1707 2138; x_wconf 91' lang='lat' dir='ltr'>ut</span> 
     </span>
     <span class='ocr_line' id='line_1_29' title="bbox 201 2159 1708 2215; baseline -0.002 -12"><span class='ocrx_word' id='word_1_233' title='bbox 201 2159 372 2204; x_wconf 62' lang='lat' dir='ltr'>dietum</span> <span class='ocrx_word' id='word_1_234' title='bbox 397 2167 484 2211; x_wconf 91' lang='lat' dir='ltr'>est,</span> <span class='ocrx_word' id='word_1_235' title='bbox 509 2161 790 2215; x_wconf 85' lang='lat' dir='ltr'>significatur</span> <span class='ocrx_word' id='word_1_236' title='bbox 811 2162 1019 2203; x_wconf 87' lang='lat' dir='ltr'>ecclesia.</span> <span class='ocrx_word' id='word_1_237' title='bbox 1084 2161 1151 2203; x_wconf 92' lang='lat' dir='ltr'>At</span> <span class='ocrx_word' id='word_1_238' title='bbox 1175 2162 1278 2215; x_wconf 89' lang='lat' dir='ltr'>quia</span> <span class='ocrx_word' id='word_1_239' title='bbox 1301 2175 1408 2202; x_wconf 88' lang='lat' dir='ltr'>vera</span> <span class='ocrx_word' id='word_1_240' title='bbox 1435 2167 1540 2202; x_wconf 90' lang='lat' dir='ltr'>sunt</span> <span class='ocrx_word' id='word_1_241' title='bbox 1563 2161 1708 2214; x_wconf 86' lang='lat' dir='ltr'>prima</span> 
     </span>
     <span class='ocr_line' id='line_1_30' title="bbox 201 2223 1706 2279; baseline -0.001 -13"><span class='ocrx_word' id='word_1_242' title='bbox 201 2223 438 2273; x_wconf 88' lang='lat' dir='ltr'>ecclesiae,</span> <span class='ocrx_word' id='word_1_243' title='bbox 472 2238 579 2266; x_wconf 88' lang='lat' dir='ltr'>nam</span> <span class='ocrx_word' id='word_1_244' title='bbox 610 2239 717 2266; x_wconf 84' lang='lat' dir='ltr'>vera</span> <span class='ocrx_word' id='word_1_245' title='bbox 749 2225 982 2267; x_wconf 87' lang='lat' dir='ltr'>docebunt</span> <span class='ocrx_word' id='word_1_246' title='bbox 1014 2226 1172 2274; x_wconf 84' lang='lat' dir='ltr'>vitam,</span> <span class='ocrx_word' id='word_1_247' title='bbox 1213 2225 1317 2266; x_wconf 90' lang='lat' dir='ltr'>ideo</span> <span class='ocrx_word' id='word_1_248' title='bbox 1358 2225 1594 2279; x_wconf 86' lang='lat' dir='ltr'>“positum</span> <span class='ocrx_word' id='word_1_249' title='bbox 1634 2229 1706 2265; x_wconf 91' lang='lat' dir='ltr'>est</span> 
     </span>
     <span class='ocr_line' id='line_1_31' title="bbox 202 2287 1704 2344; baseline -0.001 -14"><span class='ocrx_word' id='word_1_250' title='bbox 202 2288 384 2343; x_wconf 85' lang='lat' dir='ltr'>signum</span> <span class='ocrx_word' id='word_1_251' title='bbox 415 2289 461 2330; x_wconf 89' lang='lat' dir='ltr'>in</span> <span class='ocrx_word' id='word_1_252' title='bbox 493 2287 650 2338; x_wconf 88' lang='lat' dir='ltr'>Caino,</span> <span class='ocrx_word' id='word_1_253' title='bbox 685 2303 741 2331; x_wconf 88' lang='lat' dir='ltr'>ne</span> <span class='ocrx_word' id='word_1_254' title='bbox 777 2290 875 2344; x_wconf 91' lang='lat' dir='ltr'>quis</span> <span class='ocrx_word' id='word_1_255' title='bbox 913 2289 1040 2331; x_wconf 90' lang='lat' dir='ltr'>illum</span> <span class='ocrx_word' id='word_1_256' title='bbox 1079 2290 1310 2331; x_wconf 91' lang='lat' dir='ltr'>occideret</span> <span class='ocrx_word' id='word_1_257' title='bbox 1332 2288 1366 2340; x_wconf 89' lang='lat'>;&#39;’</span> <span class='ocrx_word' id='word_1_258' title='bbox 1398 2295 1445 2330; x_wconf 89' lang='lat' dir='ltr'>et</span> <span class='ocrx_word' id='word_1_259' title='bbox 1478 2294 1704 2330; x_wconf 88' lang='lat' dir='ltr'>statutum</span> 
     </span>
     <span class='ocr_line' id='line_1_32' title="bbox 202 2350 1707 2407; baseline -0.001 -13"><span class='ocrx_word' id='word_1_260' title='bbox 202 2358 276 2395; x_wconf 89' lang='lat' dir='ltr'>est</span> <span class='ocrx_word' id='word_1_261' title='bbox 293 2355 381 2394; x_wconf 91' lang='lat' dir='ltr'>“ut</span> <span class='ocrx_word' id='word_1_262' title='bbox 396 2352 759 2407; x_wconf 86' lang='lat' dir='ltr'>septempliciter</span> <span class='ocrx_word' id='word_1_263' title='bbox 772 2354 1091 2403; x_wconf 85' lang='lat' dir='ltr'>vindicaretur,</span> <span class='ocrx_word' id='word_1_264' title='bbox 1113 2354 1149 2394; x_wconf 93' lang='lat' dir='ltr'>si</span> <span class='ocrx_word' id='word_1_265' title='bbox 1168 2353 1266 2407; x_wconf 91' lang='lat' dir='ltr'>quis</span> <span class='ocrx_word' id='word_1_266' title='bbox 1289 2352 1416 2394; x_wconf 89' lang='lat' dir='ltr'>illum</span> <span class='ocrx_word' id='word_1_267' title='bbox 1439 2350 1707 2393; x_wconf 91' lang='lat' dir='ltr'>occideret.”</span> 
     </span>
     <span class='ocr_line' id='line_1_33' title="bbox 204 2415 1707 2472; baseline -0.001 -14"><span class='ocrx_word' id='word_1_268' title='bbox 204 2415 269 2458; x_wconf 86' lang='lat' dir='ltr'>Et</span> <span class='ocrx_word' id='word_1_269' title='bbox 290 2416 395 2471; x_wconf 84' lang='lat' dir='ltr'>quia</span> <span class='ocrx_word' id='word_1_270' title='bbox 415 2430 572 2458; x_wconf 90' lang='lat' dir='ltr'>verum</span> <span class='ocrx_word' id='word_1_271' title='bbox 593 2417 765 2472; x_wconf 87' lang='lat' dir='ltr'>absque</span> <span class='ocrx_word' id='word_1_272' title='bbox 787 2418 910 2459; x_wconf 92' lang='lat' dir='ltr'>bono</span> <span class='ocrx_word' id='word_1_273' title='bbox 935 2418 1075 2459; x_wconf 85' lang='lat' dir='ltr'>fertur</span> <span class='ocrx_word' id='word_1_274' title='bbox 1096 2417 1182 2458; x_wconf 90' lang='lat' dir='ltr'>huc</span> <span class='ocrx_word' id='word_1_275' title='bbox 1210 2417 1330 2466; x_wconf 90' lang='lat' dir='ltr'>illuc,</span> <span class='ocrx_word' id='word_1_276' title='bbox 1356 2416 1466 2457; x_wconf 89' lang='lat' dir='ltr'>nihil</span> <span class='ocrx_word' id='word_1_277' title='bbox 1493 2416 1613 2457; x_wconf 90' lang='lat' dir='ltr'>enim</span> <span class='ocrx_word' id='word_1_278' title='bbox 1635 2421 1707 2456; x_wconf 86' lang='lat' dir='ltr'>est</span> 
     </span>
     <span class='ocr_line' id='line_1_34' title="bbox 202 2479 1708 2535; baseline 0 -15"><span class='ocrx_word' id='word_1_279' title='bbox 202 2479 325 2535; x_wconf 92' lang='lat' dir='ltr'>quod</span> <span class='ocrx_word' id='word_1_280' title='bbox 351 2479 492 2529; x_wconf 86' lang='lat' dir='ltr'>ducit,</span> <span class='ocrx_word' id='word_1_281' title='bbox 516 2493 654 2534; x_wconf 87' lang='lat' dir='ltr'>quare</span> <span class='ocrx_word' id='word_1_282' title='bbox 676 2482 931 2522; x_wconf 88' lang='lat' dir='ltr'>successive</span> <span class='ocrx_word' id='word_1_283' title='bbox 955 2481 1122 2522; x_wconf 89' lang='lat' dir='ltr'>labitur</span> <span class='ocrx_word' id='word_1_284' title='bbox 1145 2481 1188 2522; x_wconf 87' lang='lat' dir='ltr'>in</span> <span class='ocrx_word' id='word_1_285' title='bbox 1216 2481 1342 2529; x_wconf 87' lang='lat' dir='ltr'>falsa,</span> <span class='ocrx_word' id='word_1_286' title='bbox 1368 2488 1415 2522; x_wconf 92' lang='lat' dir='ltr'>et</span> <span class='ocrx_word' id='word_1_287' title='bbox 1442 2479 1656 2521; x_wconf 89' lang='lat' dir='ltr'>dilabitur</span> <span class='ocrx_word' id='word_1_288' title='bbox 1681 2494 1708 2520; x_wconf 87' lang='lat' dir='ltr'>a</span> 
     </span>
     <span class='ocr_line' id='line_1_35' title="bbox 201 2541 1707 2599; baseline -0.001 -14"><span class='ocrx_word' id='word_1_289' title='bbox 201 2543 275 2585; x_wconf 89' lang='lat' dir='ltr'>via</span> <span class='ocrx_word' id='word_1_290' title='bbox 305 2557 422 2598; x_wconf 90' lang='lat' dir='ltr'>quae</span> <span class='ocrx_word' id='word_1_291' title='bbox 452 2543 578 2585; x_wconf 87' lang='lat' dir='ltr'>ducit</span> <span class='ocrx_word' id='word_1_292' title='bbox 609 2544 667 2585; x_wconf 91' lang='lat' dir='ltr'>ad</span> <span class='ocrx_word' id='word_1_293' title='bbox 699 2541 893 2594; x_wconf 79' lang='lat' dir='ltr'>caeluni,</span> <span class='ocrx_word' id='word_1_294' title='bbox 922 2546 1025 2586; x_wconf 91' lang='lat' dir='ltr'>ideo</span> <span class='ocrx_word' id='word_1_295' title='bbox 1054 2545 1208 2587; x_wconf 89' lang='lat' dir='ltr'>“Cain</span> <span class='ocrx_word' id='word_1_296' title='bbox 1242 2543 1413 2599; x_wconf 60' lang='lat' dir='ltr'>ejeaus</span> <span class='ocrx_word' id='word_1_297' title='bbox 1446 2550 1516 2586; x_wconf 90' lang='lat' dir='ltr'>est</span> <span class='ocrx_word' id='word_1_298' title='bbox 1542 2558 1568 2585; x_wconf 89' lang='lat' dir='ltr'>a</span> <span class='ocrx_word' id='word_1_299' title='bbox 1593 2543 1707 2585; x_wconf 89' lang='lat' dir='ltr'>facie</span> 
     </span>
     <span class='ocr_line' id='line_1_36' title="bbox 199 2605 1706 2663; baseline 0 -15"><span class='ocrx_word' id='word_1_300' title='bbox 199 2606 420 2661; x_wconf 90' lang='lat' dir='ltr'>Jehovae,</span> <span class='ocrx_word' id='word_1_301' title='bbox 453 2613 501 2648; x_wconf 95' lang='lat' dir='ltr'>et</span> <span class='ocrx_word' id='word_1_302' title='bbox 538 2605 684 2649; x_wconf 59' lang='lat' dir='ltr'>faetus</span> <span class='ocrx_word' id='word_1_303' title='bbox 714 2622 858 2662; x_wconf 89' lang='lat' dir='ltr'>vagus</span> <span class='ocrx_word' id='word_1_304' title='bbox 889 2615 937 2650; x_wconf 92' lang='lat' dir='ltr'>et</span> <span class='ocrx_word' id='word_1_305' title='bbox 969 2609 1224 2663; x_wconf 85' lang='lat' dir='ltr'>profugus.”</span> <span class='ocrx_word' id='word_1_306' title='bbox 1301 2608 1456 2651; x_wconf 87' lang='lat' dir='ltr'>Simile</span> <span class='ocrx_word' id='word_1_307' title='bbox 1495 2614 1566 2649; x_wconf 90' lang='lat' dir='ltr'>est</span> <span class='ocrx_word' id='word_1_308' title='bbox 1604 2621 1706 2649; x_wconf 90' lang='lat' dir='ltr'>cum</span> 
     </span>
     <span class='ocr_line' id='line_1_37' title="bbox 201 2669 1705 2727; baseline 0 -15"><span class='ocrx_word' id='word_1_309' title='bbox 201 2669 290 2712; x_wconf 89' lang='lat' dir='ltr'>fide</span> <span class='ocrx_word' id='word_1_310' title='bbox 315 2677 362 2713; x_wconf 90' lang='lat' dir='ltr'>et</span> <span class='ocrx_word' id='word_1_311' title='bbox 390 2670 631 2721; x_wconf 87' lang='lat' dir='ltr'>charitate,</span> <span class='ocrx_word' id='word_1_312' title='bbox 660 2672 763 2727; x_wconf 90' lang='lat' dir='ltr'>quia</span> <span class='ocrx_word' id='word_1_313' title='bbox 789 2671 901 2714; x_wconf 88' lang='lat' dir='ltr'>fides</span> <span class='ocrx_word' id='word_1_314' title='bbox 927 2680 998 2715; x_wconf 92' lang='lat' dir='ltr'>est</span> <span class='ocrx_word' id='word_1_315' title='bbox 1021 2674 1130 2722; x_wconf 89' lang='lat' dir='ltr'>veri,</span> <span class='ocrx_word' id='word_1_316' title='bbox 1160 2679 1207 2715; x_wconf 89' lang='lat' dir='ltr'>et</span> <span class='ocrx_word' id='word_1_317' title='bbox 1241 2673 1441 2715; x_wconf 88' lang='lat' dir='ltr'>charitas</span> <span class='ocrx_word' id='word_1_318' title='bbox 1474 2679 1544 2714; x_wconf 88' lang='lat' dir='ltr'>est</span> <span class='ocrx_word' id='word_1_319' title='bbox 1571 2672 1705 2723; x_wconf 90' lang='lat' dir='ltr'>boni;</span> 
     </span>
     <span class='ocr_line' id='line_1_38' title="bbox 200 2733 1707 2790; baseline 0.001 -15"><span class='ocrx_word' id='word_1_320' title='bbox 200 2734 267 2776; x_wconf 89' lang='lat' dir='ltr'>ita</span> <span class='ocrx_word' id='word_1_321' title='bbox 293 2747 397 2776; x_wconf 91' lang='lat' dir='ltr'>cum</span> <span class='ocrx_word' id='word_1_322' title='bbox 420 2733 508 2776; x_wconf 91' lang='lat' dir='ltr'>fide</span> <span class='ocrx_word' id='word_1_323' title='bbox 535 2742 747 2789; x_wconf 85' lang='lat' dir='ltr'>separata</span> <span class='ocrx_word' id='word_1_324' title='bbox 769 2750 796 2778; x_wconf 93' lang='lat' dir='ltr'>a</span> <span class='ocrx_word' id='word_1_325' title='bbox 822 2736 1048 2779; x_wconf 88' lang='lat' dir='ltr'>charitate</span> <span class='ocrx_word' id='word_1_326' title='bbox 1075 2737 1221 2779; x_wconf 90' lang='lat' dir='ltr'>simile</span> <span class='ocrx_word' id='word_1_327' title='bbox 1249 2744 1319 2779; x_wconf 91' lang='lat' dir='ltr'>est</span> <span class='ocrx_word' id='word_1_328' title='bbox 1353 2751 1455 2779; x_wconf 91' lang='lat' dir='ltr'>cum</span> <span class='ocrx_word' id='word_1_329' title='bbox 1478 2736 1565 2778; x_wconf 87' lang='lat' dir='ltr'>illis</span> <span class='ocrx_word' id='word_1_330' title='bbox 1592 2750 1707 2790; x_wconf 87' lang='lat' dir='ltr'>quae</span> 
     </span>
     <span class='ocr_line' id='line_1_39' title="bbox 201 2797 1706 2854; baseline 0.001 -16"><span class='ocrx_word' id='word_1_331' title='bbox 201 2797 415 2840; x_wconf 89' lang='lat' dir='ltr'>dicuntur</span> <span class='ocrx_word' id='word_1_332' title='bbox 441 2797 498 2839; x_wconf 95' lang='lat' dir='ltr'>de</span> <span class='ocrx_word' id='word_1_333' title='bbox 525 2797 682 2848; x_wconf 87' lang='lat' dir='ltr'>Caino,</span> <span class='ocrx_word' id='word_1_334' title='bbox 710 2799 831 2854; x_wconf 93' lang='lat' dir='ltr'>quod</span> <span class='ocrx_word' id='word_1_335' title='bbox 859 2813 1023 2854; x_wconf 87' lang='lat' dir='ltr'>nempe</span> <span class='ocrx_word' id='word_1_336' title='bbox 1049 2801 1274 2842; x_wconf 84' lang='lat' dir='ltr'>“occidat</span> <span class='ocrx_word' id='word_1_337' title='bbox 1297 2800 1496 2842; x_wconf 91' lang='lat' dir='ltr'>Abelem</span> <span class='ocrx_word' id='word_1_338' title='bbox 1522 2799 1706 2841; x_wconf 83' lang='lat' dir='ltr'>fratrem</span> 
     </span>
     <span class='ocr_line' id='line_1_40' title="bbox 201 2860 1706 2918; baseline 0 -16"><span class='ocrx_word' id='word_1_339' title='bbox 201 2860 374 2911; x_wconf 87' lang='lat' dir='ltr'>suum,&#39;&#39;</span> <span class='ocrx_word' id='word_1_340' title='bbox 392 2862 466 2915; x_wconf 85' lang='lat' dir='ltr'>qui</span> <span class='ocrx_word' id='word_1_341' title='bbox 493 2868 563 2903; x_wconf 90' lang='lat' dir='ltr'>est</span> <span class='ocrx_word' id='word_1_342' title='bbox 586 2862 799 2912; x_wconf 88' lang='lat' dir='ltr'>charitas,</span> <span class='ocrx_word' id='word_1_343' title='bbox 815 2869 863 2905; x_wconf 92' lang='lat' dir='ltr'>et</span> <span class='ocrx_word' id='word_1_344' title='bbox 889 2863 1011 2918; x_wconf 94' lang='lat' dir='ltr'>quod</span> <span class='ocrx_word' id='word_1_345' title='bbox 1037 2864 1142 2905; x_wconf 90' lang='lat' dir='ltr'>inde</span> <span class='ocrx_word' id='word_1_346' title='bbox 1169 2870 1325 2918; x_wconf 88' lang='lat' dir='ltr'>pereat</span> <span class='ocrx_word' id='word_1_347' title='bbox 1352 2863 1560 2912; x_wconf 89' lang='lat' dir='ltr'>ecclesia,</span> <span class='ocrx_word' id='word_1_348' title='bbox 1585 2862 1706 2916; x_wconf 91' lang='lat' dir='ltr'>quod</span> 
     </span>
     <span class='ocr_line' id='line_1_41' title="bbox 201 2924 1705 2981; baseline 0 -15"><span class='ocrx_word' id='word_1_349' title='bbox 201 2924 486 2980; x_wconf 86' lang='lat' dir='ltr'>significatur</span> <span class='ocrx_word' id='word_1_350' title='bbox 511 2939 591 2980; x_wconf 89' lang='lat' dir='ltr'>per</span> <span class='ocrx_word' id='word_1_351' title='bbox 615 2926 754 2981; x_wconf 90' lang='lat' dir='ltr'>“ejici</span> <span class='ocrx_word' id='word_1_352' title='bbox 786 2941 846 2968; x_wconf 86' lang='lat' dir='ltr'>ex</span> <span class='ocrx_word' id='word_1_353' title='bbox 874 2926 1053 2976; x_wconf 90' lang='lat' dir='ltr'>humo‚”</span> <span class='ocrx_word' id='word_1_354' title='bbox 1075 2940 1126 2969; x_wconf 87' lang='lat' dir='ltr'>ac</span> <span class='ocrx_word' id='word_1_355' title='bbox 1154 2926 1283 2968; x_wconf 85' lang='lat' dir='ltr'>“fieri</span> <span class='ocrx_word' id='word_1_356' title='bbox 1310 2940 1453 2980; x_wconf 88' lang='lat' dir='ltr'>vagus</span> <span class='ocrx_word' id='word_1_357' title='bbox 1479 2932 1526 2968; x_wconf 89' lang='lat' dir='ltr'>et</span> <span class='ocrx_word' id='word_1_358' title='bbox 1556 2925 1705 2980; x_wconf 84' lang='lat' dir='ltr'>prosu-</span> 
     </span>
     <span class='ocr_line' id='line_1_42' title="bbox 201 2986 1706 3044; baseline 0 -14"><span class='ocrx_word' id='word_1_359' title='bbox 201 2986 340 3042; x_wconf 48' lang='lat' dir='ltr'>gusJ’</span> <span class='ocrx_word' id='word_1_360' title='bbox 371 3003 477 3030; x_wconf 89' lang='lat' dir='ltr'>nam</span> <span class='ocrx_word' id='word_1_361' title='bbox 514 3003 616 3030; x_wconf 89' lang='lat' dir='ltr'>cum</span> <span class='ocrx_word' id='word_1_362' title='bbox 654 2988 765 3031; x_wconf 86' lang='lat' dir='ltr'>fides</span> <span class='ocrx_word' id='word_1_363' title='bbox 802 2997 1037 3044; x_wconf 90' lang='lat' dir='ltr'>separatur</span> <span class='ocrx_word' id='word_1_364' title='bbox 1070 3005 1096 3031; x_wconf 91' lang='lat' dir='ltr'>a</span> <span class='ocrx_word' id='word_1_365' title='bbox 1133 2990 1372 3040; x_wconf 90' lang='lat' dir='ltr'>charitate,</span> <span class='ocrx_word' id='word_1_366' title='bbox 1409 2995 1516 3031; x_wconf 86' lang='lat' dir='ltr'>tunc</span> <span class='ocrx_word' id='word_1_367' title='bbox 1550 3001 1706 3030; x_wconf 86' lang='lat' dir='ltr'>verum</span> 
     </span>
     <span class='ocr_line' id='line_1_43' title="bbox 202 3054 1264 3106; baseline 0.001 -11"><span class='ocrx_word' id='word_1_368' title='bbox 202 3055 459 3096; x_wconf 79' lang='lat' dir='ltr'>successive</span> <span class='ocrx_word' id='word_1_369' title='bbox 476 3055 672 3097; x_wconf 87' lang='lat' dir='ltr'>vertitur</span> <span class='ocrx_word' id='word_1_370' title='bbox 688 3055 734 3096; x_wconf 91' lang='lat' dir='ltr'>in</span> <span class='ocrx_word' id='word_1_371' title='bbox 755 3054 936 3106; x_wconf 80' lang='lat' dir='ltr'>falsum,</span> <span class='ocrx_word' id='word_1_372' title='bbox 960 3068 1012 3096; x_wconf 87' lang='lat' dir='ltr'>ac</span> <span class='ocrx_word' id='word_1_373' title='bbox 1032 3055 1264 3096; x_wconf 87' lang='lat' dir='ltr'>dilabitur.</span> 
     </span>
    </p>
   </div>
  </div>
 </body>
</html>
