2008 3458
386 368 409 397 2
416 368 437 409 3
444 367 497 409 34
798 365 1129 398 APOCALYPSIS
1160 364 1459 398 EXPLICATA.

384 478 492 519 tuali
524 478 729 527 naturali,
763 478 806 519 in
838 493 926 532 quo
957 485 1060 520 sunt
1093 478 1245 532 angeli
1272 479 1401 532 primi
1433 493 1510 520 seu
1543 477 1692 522 ultimi
1719 478 1865 531 cadi}
1914 497 1920 505 ·

382 540 452 580 hic
476 554 606 581 amor
629 542 799 594 est-qui
824 542 1433 593 propri-e‘vocaturcharitas
1462 554 1575 594 erga
1600 541 1868 594 proximum.

387 601 447 641 Hi
479 603 642 655 angeli,
678 605 780 656 quia
812 616 953 656 paene
991 603 1158 644 similes
1194 610 1297 644 sunt
1334 604 1586 644 hominibus
1622 604 1664 643 in
1701 601 1870 643 mundo

384 665 530 717 quoad
549 663 841 714 intellectum,
861 672 906 706 et
924 666 1025 719 quia
1047 672 1150 707 sunt
1173 665 1414 714 naturales,
1436 679 1524 706 non
1543 665 1714 706 habent
1733 663 1869 707 intel-

383 725 563 774 lectum,
588 728 669 767 nisi
693 741 862 780 parum,
887 728 1114 768 elevatum
1136 741 1269 781 supra
1291 742 1416 768 suum
1439 729 1483 768 in
1506 728 1700 778 mundo;
1732 739 1869 781 quare

383 802 472 829 non
504 790 658 830 vident
690 804 795 830 vera
834 791 877 830 in
915 790 1026 839 luce,
1060 791 1174 831 sicut
1214 790 1364 844 angeli
1395 791 1579 831 secundi
1610 789 1748 841 caeli;
1788 788 1868 830 sed

382 852 614 904 recipiunt,
649 859 902 905 agnoscunt
939 859 985 894 et
1024 853 1212 894 credunt
1243 853 1320 893 illa
1350 867 1408 893 ex
1441 851 1658 901 doctrina,
1689 853 1734 892 in
1765 865 1866 907 qua,

382 920 623 967 antequam
650 916 1011 956 intromittuntur
1036 917 1079 956 in
1112 915 1301 963 caelum,
1329 916 1633 956 instruuntur:
1666 915 1772 956 inde
1796 920 1869 956 est

382 977 500 1029 quod
536 977 679 1017 solum
720 978 1096 1031 intelligentiores
1136 978 1313 1018 illorum
1354 978 1499 1019 sciant
1531 977 1637 1031 quid
1673 977 1870 1019 charitas

381 1052 488 1092 erga
520 1041 801 1092 proximum;
844 1041 1068 1093 simplices
1106 1041 1164 1081 ibi
1196 1041 1386 1081 credunt
1418 1041 1538 1094 quod
1570 1040 1868 1094 unusquisque

381 1101 517 1142 homo
549 1103 605 1143 sit
633 1104 876 1156 proximuS,
905 1110 950 1144 et
978 1103 1096 1157 quod
1129 1103 1326 1147 charitas
1359 1103 1416 1143 sit
1449 1115 1581 1155 opem
1612 1102 1724 1144 ferre
1754 1101 1868 1143 indi·

380 1165 603 1216 gentibus,
638 1179 688 1206 ac
726 1166 870 1206 facere
907 1166 1075 1206 bonum
1112 1165 1394 1219 pauperibus
1428 1166 1685 1218 peregriniS,
1723 1170 1770 1206 et
1805 1164 1868 1205 sic

381 1240 539 1279 porro;
572 1227 781 1280 spe&ant
807 1228 1103 1281 imprimis-ad
1130 1241 1346 1280 personas
1371 1233 1418 1268 et
1450 1227 1506 1267 ad
1539 1226 1742 1281 loquelas
1766 1225 1870 1267 illo-‘

380 1303 489 1339 rum,
518 1297 563 1331 et
592 1304 680 1331 non
707 1292 763 1331 ad
790 1292 1003 1332 interiora
1029 1305 1087 1331 ex
1116 1291 1274 1344 quibus
1300 1296 1418 1330 sunt.
1479 1289 1625 1331 Causa
1656 1296 1739 1339 est,
1767 1289 1869 1344 quia

381 1353 607 1394 naturales
639 1361 756 1402 sunt,
790 1360 835 1394 et
873 1353 1087 1394 naturalis
1124 1354 1261 1394 homo
1299 1366 1389 1393 non
1427 1351 1656 1394 abstracte
1692 1353 1867 1405 cogitat

380 1415 437 1456 ab
458 1415 542 1456 illis
561 1420 672 1469 quae
695 1417 834 1457 oculis
853 1416 990 1465 videt,
1014 1416 1096 1456 nisi
1119 1422 1337 1469 quantum
1359 1416 1402 1455 in
1421 1415 1569 1456 lumen
1588 1428 1714 1456 suum
1737 1421 1867 1456 natu-

380 1478 471 1518 rale
503 1479 705 1520 admittit
738 1479 882 1520 lucem
914 1493 938 1519 e
975 1479 1115 1519 caelo.
1177 1478 1266 1519 Sed
1305 1492 1443 1532 usque
1480 1479 1757 1519 instruuntur
1791 1477 1864 1526 ibi,

380 1541 499 1594 quod
538 1555 615 1594 per
650 1541 975 1601 “prozimum'’
1008 1542 1051 1581 in
1090 1541 1244 1582 Verbo
1285 1554 1374 1581 non
1414 1540 1693 1594 intelligatur
1730 1539 1868 1581 homo

380 1603 524 1643 solum
566 1605 714 1657 quoad
757 1617 1008 1656 personam,
1052 1604 1131 1644 sed
1172 1603 1320 1657 quoad
1360 1603 1491 1657 quale
1530 1604 1574 1644 in
1613 1602 1705 1652 illo,
1747 1601 1866 1656 quod

380 1665 483 1706 facit
511 1673 557 1707 ut
583 1668 639 1707 sit
667 1667 804 1707 homo
827 1666 929 1707 talis
956 1673 1032 1707 aut
1060 1666 1189 1717 talis;
1222 1673 1267 1707 et
1294 1666 1414 1719 quod
1436 1659 1566 1719 quale
1593 1665 1784 1706 hominis
1809 1665 1867 1706 sit

379 1742 438 1768 ex
461 1728 693 1770 intellectu
716 1736 761 1770 et
780 1729 1015 1770 voluntate
1038 1729 1144 1782 ejus,
1166 1735 1212 1770 et
1234 1729 1364 1782 quale
1382 1727 1638 1770 intellchus
1659 1741 1718 1769 ex
1736 1728 1864 1776 veris,

380 1797 425 1831 et
452 1791 581 1844 quale
608 1792 854 1832 voluntatis
880 1807 938 1832 ex
966 1792 1107 1840 bonis,
1132 1798 1178 1833 et
1196 1791 1331 1845 *quale
1354 1792 1583 1845 utriusque
1610 1798 1705 1832 tam
1729 1790 1866 1832 intel-

381 1852 521 1894 lectus
554 1868 686 1908 quam
719 1854 966 1896 voluntatis
997 1869 1055 1895 ex
1088 1867 1241 1895 amore
1273 1854 1390 1907 ejus:
1434 1853 1536 1894 inde
1568 1854 1718 1902 scitur,
1745 1852 1865 1907 quod

380 1917 482 1969 quia
500 1918 800 1970 unusquisque
822 1917 958 1958 homo
976 1923 1044 1958 est
1064 1917 1308 1970 proximus,
1329 1917 1386 1957 sit
1409 1916 1707 1970 unusquisque
1729 1915 1866 1956 homo

380 1980 611 2031 proximus
649 1994 708 2020 ex
740 1979 858 2032 quali
896 1979 1002 2032 ejus,
1035 1986 1080 2020 et
1118 1979 1225 2019 inde
1257 1979 1374 2032 quod
1407 1978 1537 2032 quale
1568 1978 1772 2026 hominis,
1806 1991 1866 2018 ex
1894 1996 1898 2008 ι

379 2055 467 2094 quo
499 2049 567 2082 est
600 2042 749 2090 homo,
778 2043 821 2082 in
853 2056 987 2082 sensu
1019 2041 1236 2094 spirituali
1261 2041 1544 2094 intelligatur
1570 2055 1647 2094 per
1671 2041 1865 2094 “proxi-

380 2104 550 2144 mum:'’
576 2105 738 2158 alioqui
770 2105 883 2146 foret
915 2112 1009 2145 tam
1029 2104 1173 2145 malus
1206 2117 1340 2157 quarn
1371 2104 1514 2144 bonus
1546 2117 1685 2158 aeque
1712 2104 1864 2156 proxi-

381 2180 504 2217 mus;
537 2174 582 2208 et
607 2175 761 2208 tamen
785 2168 1047 2208 benefacere
1071 2167 1199 2207 malis
1219 2167 1486 2220 quandoque
1509 2172 1578 2207 est
1601 2165 1865 2207 malefacere

379 2230 523 2270 bonis.
585 2229 717 2282 Quod
755 2231 817 2270 ita
849 2231 919 2278 sit,
960 2231 1144 2283 quisque
1181 2236 1333 2282 potest
1371 2243 1429 2269 ex
1468 2229 1633 2269 lumine
1673 2228 1867 2270 naturali

379 2292 542 2332 videre.
603 2292 734 2344 Elige
758 2292 837 2332 tibi
859 2293 902 2332 in
927 2292 1246 2344 coadjutorem,
1267 2298 1343 2332 aut
1365 2292 1408 2331 in
1430 2291 1657 2339 famulum,
1677 2304 1735 2332 ex
1757 2291 1865 2331 vici-

381 2356 446 2395 nis
473 2355 679 2408 aliquem,
709 2362 753 2395 et
781 2356 887 2395 siste
913 2355 1070 2395 decem
1096 2361 1201 2394 ante
1228 2354 1399 2403 oculos,
1427 2368 1485 2395 ex
1513 2354 1670 2407 quibus
1695 2351 1864 2395 electu-

380 2431 453 2457 rus
479 2431 525 2458 es
549 2431 682 2457 unum
702 2431 710 2467 ;
745 2431 849 2457 num
873 2417 1000 2469 eligis
1018 2416 1209 2469 aliquem
1237 2431 1295 2457 ex
1317 2416 1427 2457 facie
1448 2416 1462 2457 ?
1493 2429 1642 2456 annon
1665 2430 1723 2456 ex
1746 2416 1865 2470 quali

380 2480 498 2533 quod
530 2493 668 2528 amas,
693 2480 811 2532 quod
838 2486 906 2520 est
935 2480 1169 2527 sincerum,
1194 2479 1462 2528 modestum,
1487 2480 1622 2531 pium,
1645 2478 1864 2532 probum?

379 2543 490 2582 haec
518 2540 695 2595 spectas
722 2555 821 2582 cum
848 2542 948 2582 illos
975 2542 1172 2581 intueris.
1233 2541 1385 2582 Simile
1411 2547 1481 2582 est
1513 2554 1613 2581 cum
1640 2541 1862 2594 proximo,

379 2605 498 2658 quod
524 2606 580 2645 sit
608 2604 738 2658 quale
765 2605 956 2644 hominis
978 2604 1097 2657 quod
1120 2604 1362 2644 amandum
1389 2610 1471 2644 est.
1533 2603 1643 2644 Inde
1666 2604 1865 2657 sequitur

380 2668 499 2721 quod
526 2668 756 2720 proximus
781 2668 824 2707 in
857 2666 1072 2719 spirituali
1098 2680 1230 2708 sensu
1257 2668 1314 2708 sit
1341 2666 1450 2707 illud
1477 2666 1594 2720 apud
1619 2666 1860 2715 hominem,

377 2744 436 2771 ex
463 2744 550 2784 quo
575 2730 678 2771 talis
704 2736 781 2771 aut
808 2729 909 2770 talis
941 2730 1078 2770 homo
1106 2735 1188 2771 est.
