2008 3458
354 370 462 422 2478
763 381 1092 415 APOCALYPSIS
1125 384 1420 417 EXPLICATA.

351 492 549 544 regimen
573 499 618 533 et
641 492 909 545 dominium;
943 508 1046 535 nam
1069 496 1263 536 insidens
1282 497 1404 550 equis
1427 511 1504 550 per
1520 498 1689 540 frenum
1710 501 1828 554 regit

350 553 453 592 illos
479 559 524 593 et
551 553 810 594 dominatur
831 569 964 607 super
986 556 1101 596 illos.
1161 567 1273 604 (Quod
1286 565 1302 576 ‘⁴
1315 568 1416 605 equi'·
1437 569 1613 606 significent
1631 571 1827 602 intelletstum

349 616 412 644 veri
432 625 470 645 ex
485 617 602 650 Verbo,
619 618 762 646 videatur
780 627 885 655 supra,
907 628 936 648 n.
960 618 1051 660 355,
1075 609 1174 660 364,
1204 625 1234 649 et
1254 622 1342 657 quod
1362 618 1506 651 “frena''
1522 623 1662 660 regimen
1681 628 1712 652 et
1726 625 1829 658 domi-

348 675 617 709 nium,videbitur
636 677 738 714 infra.)
796 666 930 719 Quod
962 668 1211 708 dominium
1242 683 1376 722 super
1405 670 1690 712 intellef‘cum
1715 673 1825 714 atti-

349 735 440 776 net,
479 736 547 769 est
589 728 843 770 intellectus
878 732 968 771 veri
1004 732 1047 771 in
1085 731 1238 773 Verbo
1274 734 1347 786 qui
1385 734 1673 787 intelligitur3
1719 736 1825 778 dum

348 792 465 831 en'im
488 792 597 832 falsa
622 792 848 845 religionis
874 793 1194 835 confirmantur
1219 810 1278 835 ex
1310 810 1442 837 sensu
1474 797 1652 839 litterae
1670 798 1823 848 Verbi,

348 861 454 894 tunc
496 854 750 895 intellectus
793 869 881 896 non
918 857 1106 909 amplius
1142 858 1265 898 videt
1301 872 1480 910 verum;
1528 862 1824 916 unusquisque

348 917 465 957 enim
491 918 562 970 qui
589 918 632 957 in
659 916 891 959 affectione
914 920 1003 959 veri
1026 920 1240 972 spirituali
1263 927 1346 967 est,
1364 935 1389 961 a
1412 921 1607 963 Domino
1629 923 1824 966 illustra·

348 986 419 1019 tur
449 980 554 1019 dum
587 980 696 1032 legit
729 980 944 1027 Verbum,
973 995 1022 1022 ac
1055 981 1310 1024 intellectus
1341 991 1410 1024 est
1442 985 1515 1038 qui
1551 985 1822 1028 illustratur:

348 1042 420 1094 qui
446 1049 596 1082 autem
630 1056 718 1083 non
750 1044 792 1083 in
825 1042 1057 1084 affe&ione
1083 1046 1174 1085 veri
1205 1046 1427 1097 spirituali,
1451 1054 1534 1095 est,
1563 1061 1652 1088 non
1677 1048 1824 1102 quoad

347 1103 625 1145 intellectum
657 1113 808 1158 potest
840 1106 1061 1156 illustrari,
1097 1121 1199 1148 nam
1236 1110 1270 1149 is
1301 1110 1423 1150 videt
1455 1124 1605 1151 verum
1638 1112 1750 1153 sicut
1781 1113 1825 1153 in

347 1165 492 1215 nocte,
521 1181 570 1208 ac
597 1168 755 1209 falsum
781 1170 894 1210 sicut
916 1170 958 1210 in
986 1170 1108 1210 luce:
1142 1178 1187 1211 et
1209 1173 1310 1225 quia
1335 1173 1523 1213 ecclesia
1547 1173 1650 1214 talis
1681 1181 1751 1216 est
1780 1175 1824 1216 in

346 1229 431 1270 fine
457 1229 560 1282 ejus,
582 1237 687 1272 tunc
715 1233 756 1271 in
781 1239 956 1273 tantum
980 1234 1092 1285 perit
1119 1233 1374 1275 intellefflms
1393 1237 1484 1276 veri
1510 1243 1557 1276 ut
1584 1249 1674 1277 non
1698 1237 1824 1278 illus-

346 1293 451 1332 trari
478 1294 632 1345 possit,
654 1307 756 1334 nam
783 1301 889 1335 tunc
918 1301 1093 1335 tantum
1120 1296 1229 1336 falsa
1255 1297 1482 1350 religionis
1507 1298 1825 1341 confirmantur

346 1368 404 1394 ex
432 1355 598 1404 Verbo,
628 1356 712 1396 hoc
741 1363 823 1405 est,
848 1357 1105 1398 falsificatur
1131 1358 1358 1409 Verbum3
1392 1360 1476 1401 hoc
1502 1360 1551 1401 fit
1577 1361 1693 1414 apud
1723 1361 1824 1403 illos

345 1418 418 1470 qui
449 1431 526 1471 per
554 1418 909 1471 “Babylonem‚'’
933 1434 1044 1460 vers,
1072 1422 1110 1467 8,
1139 1427 1184 1461 et
1217 1434 1294 1473 per
1321 1423 1592 1472 “bestiam,”
1618 1438 1729 1464 vers.
1761 1435 1822 1474 10,

345 1480 472 1532 hujus
504 1482 677 1534 capitis,
706 1482 1044 1535 intelliguntur;
1086 1483 1142 1524 de
1172 1484 1444 1537 “Babylone
1457 1485 1475 1500 ”
1501 1487 1619 1527 enim
1650 1487 1823 1536 dicitur,

346 1543 463 1595 quod
489 1547 585 1584 “ex
608 1546 711 1584 vino
733 1545 821 1585 irae
844 1546 1130 1586 scortationis
1154 1560 1259 1587 suae
1282 1548 1508 1599 potaverit
1533 1560 1689 1588 omnes
1713 1549 1824 1600 geri-

345 1613 414 1647 tes
432 1606 464 1655 ;’'
505 1613 550 1647 et
588 1607 642 1647 de
676 1607 888 1647 “bestia”
919 1608 991 1656 ibi,
1031 1609 1148 1661 quod
1183 1611 1294 1662 “qui
1330 1610 1582 1651 adoraverit
1617 1610 1822 1658 bestiam,

344 1669 467 1709 bibet
486 1683 544 1709 ex
563 1671 666 1710 vino
684 1670 771 1710 irae
796 1670 878 1710 Dei
898 1671 1043 1711 mixto
1062 1684 1185 1711 mero
1207 1673 1613 1713 excandescentiae
1632 1673 1774 1725 Ipsius
1791 1672 1825 1723 ;”

345 1732 463 1784 quod
487 1745 563 1784 per
585 1732 695 1772 haec
722 1739 767 1772 et
790 1746 868 1785 per
889 1733 964 1773 illa
990 1733 1296 1785 significentur
1316 1734 1647 1776 falsificationes
1669 1735 1822 1784 Verbi,

344 1796 552 1836 videatur
587 1810 720 1849 supra
750 1807 794 1845 (n.
825 1798 902 1837 881
937 1803 983 1837 et
1015 1798 1126 1849 887).
1185 1797 1320 1850 Quod
1350 1798 1613 1839 intellectus
1647 1800 1740 1840 veri
1779 1800 1823 1840 in

345 1859 512 1908 Verbo,
533 1861 650 1912 apud
673 1861 786 1901 tales
809 1862 881 1914 qui
903 1861 1215 1914 intelliguntur
1237 1876 1314 1914 per
1334 1863 1651 1904 “habitatores
1674 1863 1823 1916 Baby-

344 1922 487 1962 lonis“
519 1930 563 1963 et
596 1936 673 1975 per
706 1924 1006 1964 “adoratores
1038 1924 1248 1973 bestiae‚’'
1279 1926 1472 1978 perierit,
1506 1931 1575 1966 est
1606 1926 1709 1979 quia
1737 1925 1824 1966 illis

345 1998 433 2025 non
460 1985 638 2038 aliquod
661 1986 828 2026 bonum
851 1986 1078 2038 spirituale
1105 1993 1199 2036 est;
1233 1993 1278 2027 et
1301 1987 1384 2027 hoc
1411 1987 1592 2036 bonum,
1612 1988 1732 2041 quod
1754 1994 1823 2029 est

343 2048 510 2088 bonum
537 2049 767 2088 charitatis
793 2063 818 2088 a
845 2049 1052 2097 Domino,
1073 2050 1199 2089 unice
1226 2051 1367 2102 aperit
1394 2057 1592 2090 mentem
1618 2042 1822 2103 spiritua·
1851 2099 1859 2107 ¹

344 2110 446 2158 lem,
471 2124 548 2163 per
574 2124 706 2163 quam
733 2111 872 2151 influit
901 2110 1119 2151 Dominus
1141 2118 1185 2151 et
1212 2111 1422 2159 illustrat,
1447 2118 1493 2152 et
1517 2112 1683 2165 absque
1709 2112 1823 2153 illius

344 2175 507 2214 mentis
538 2174 784 2225 aperitione
817 2187 905 2213 non
938 2174 1030 2213 dari
1056 2180 1208 2226 potest
1241 2174 1492 2223 illustratio,
1525 2175 1710 2227 proinde
1741 2188 1822 2215 nec

343 2235 597 2277 intellectus
629 2237 743 2276 veri:
787 2237 859 2289 qui
892 2236 1032 2276 credit
1064 2237 1183 2289 quod
1215 2251 1273 2276 ex
1307 2237 1471 2277 lumine
1503 2237 1686 2277 rationis
1726 2237 1824 2278 solo

343 2300 485 2352 possit
526 2299 675 2339 videre
717 2298 896 2351 aliquod
938 2312 1091 2338 verum
1132 2299 1362 2347 ecclesiae,
1402 2299 1592 2340 multum
1631 2299 1821 2350 fallitur3

342 2363 453 2402 scire
485 2362 662 2415 quidem
694 2361 803 2400 illud
835 2375 893 2401 ex
925 2361 1012 2401 alio
1043 2367 1208 2413 potest,
1237 2362 1316 2401 sed
1347 2375 1436 2401 non
1459 2362 1608 2402 videre
1639 2362 1746 2402 illud
1778 2363 1822 2402 in

343 2425 467 2475 luce;
506 2424 610 2464 dum
637 2424 731 2463 vult
759 2424 907 2463 videre
939 2423 1046 2463 illud
1078 2437 1155 2464 seu
1187 2425 1462 2476 cogitatione
1494 2425 1668 2477 assequi
1698 2424 1820 2473 illud,

343 2487 552 2527 oberrant
576 2500 723 2526 merae
747 2486 927 2525 umbrae
953 2500 1011 2526 ex
1037 2486 1170 2533 salsis,
1199 2500 1312 2539 quae
1338 2487 1584 2526 scaturiunt
1610 2501 1668 2527 ex
1695 2487 1822 2527 falla-

344 2551 419 2590 ciis
442 2556 486 2590 et
505 2563 563 2590 ex
583 2550 760 2601 proprio
778 2549 980 2596 hominis,
998 2562 1109 2601 quae
1127 2555 1383 2589 occaecant.
1435 2549 1509 2589 Ex
1532 2549 1598 2589 his
1616 2555 1822 2590 constare

343 2619 494 2665 potest
526 2612 629 2665 quid
662 2611 926 2664 intelligitur
957 2624 1034 2663 per
1064 2610 1394 2651 falsificationes
1426 2611 1565 2652 Verbi
1596 2625 1734 2665 usque
1765 2611 1822 2652 ad

343 2676 586 2715 dominium
628 2688 758 2726 super
801 2672 1080 2714 intellectum
1122 2673 1390 2726 profluentes
1431 2688 1489 2714 ex
1535 2674 1667 2723 malo,
1710 2688 1822 2728 quae

343 2737 648 2790 significantur
675 2751 751 2790 per
779 2737 1079 2788 “sanguinem
1112 2750 1134 2776 e
1167 2735 1377 2776 torculari
1408 2742 1653 2776 exeuntem
1684 2750 1821 2790 usque

342 2800 398 2840 ad
430 2800 551 2840 frena
583 2798 831 2852 equorum.”
893 2799 943 2838 In
977 2798 1130 2838 Verbo
1167 2798 1385 2851 aliquibus
1425 2799 1468 2838 in
1511 2799 1620 2839 locis
1662 2798 1823 2839 dicitur

345 2862 595 2910 “frenum,’'
622 2868 667 2902 et
693 2875 770 2913 per
801 2861 844 2901 id
871 2861 914 2900 in
946 2874 1078 2900 sensu
1109 2860 1323 2912 spirituali
1355 2860 1628 2913 significatur
1654 2861 1822 2901 coerci-

342 2926 406 2965 tio
432 2931 478 2965 et
501 2925 714 2977 regimen,
739 2937 789 2964 ac
817 2923 1098 2975 praedicatur
1120 2923 1174 2963 de
1202 2921 1433 2963 intellectu
1459 2929 1504 2963 et
1531 2922 1622 2975 ejus
1648 2924 1821 2975 cogita·

343 2988 479 3036 tione,
513 3001 571 3027 ex
613 3000 745 3027 causa
786 2987 887 3039 quia
919 2986 1088 3026 frenum
1131 2992 1198 3026 est
1240 2986 1375 3038 equis,
1415 2992 1460 3026 et
1502 2999 1579 3038 per
1613 2985 1821 3039 “equos''
