2098 3476
429 346 534 399 1958
838 354 1168 388 APOCALYPSIS
1199 355 1495 388 EXPLICATA.

419 468 531 510 haec
565 468 620 510 de
649 468 831 518 Babele,
860 483 938 522 per
963 483 1095 523 quam
1123 469 1400 523 significatur
1426 469 1699 510 adulteratio
1726 475 1771 510 et
1803 483 1907 524 pro-

419 532 590 572 fanatio
616 532 722 572 boni
753 538 799 572 et
831 533 949 583 veri;
984 546 1061 586 per
1091 532 1330 585 “palatia''
1357 532 1448 584 ejus
1474 533 1517 572 in
1544 533 1702 585 quibus
1727 529 1832 585 ijim,
1861 538 1908 574 et

419 608 498 647 per
531 594 771 647 “templa'’
802 595 845 634 in
887 595 1044 648 quibus
1082 595 1316 643 dracones,
1351 594 1660 646 significantur
1701 595 1820 636 bona
1861 601 1908 636 et

418 669 524 697 vera
546 657 686 697 Verbi
713 663 759 697 et
786 656 1007 698 ecclesiae
1034 671 1147 710 quae
1174 657 1433 698 adulterata
1459 663 1504 698 et
1532 657 1797 710 profanata;
1830 671 1910 711 per

422 718 579 771 “ijim‘’
615 719 871 760 adulterata
907 726 954 759 et
992 720 1229 773 profanata
1265 734 1384 768 vera,
1422 727 1467 760 et
1505 733 1583 773 per
1617 720 1908 761 “dracones''

420 782 676 822 adulterata
703 789 748 822 et
776 782 1012 835 profanata
1037 783 1169 823 bona.
1231 782 1368 836 Apud
1394 782 1604 832 Mz'clzam,

480 872 498 885 ¹⁴
510 871 622 911 Super
638 871 704 902 hoc
722 872 887 911 plangam
902 878 936 903 et
953 871 1106 911 ejulabo,
1121 873 1179 903 ibo
1200 872 1370 912 spoliatus
1389 878 1423 903 et
1441 872 1565 911 nudus,
1581 873 1707 904 faciam
1725 871 1906 914 planctum

591 915 681 946 sicut
698 915 880 952 dracones,
898 922 932 946 et
949 914 1082 946 luctum
1100 916 1189 946 sicut
1207 916 1299 946 filiae
1320 914 1471 947 noctuae
1483 915 1500 927 ”
1518 916 1552 955 (i.
1571 914 1639 956 [¹18)
1655 927 1661 948 ;

417 999 530 1040 haec
554 1000 610 1040 de
628 1001 886 1040 vastatione
905 1000 1147 1049 Samariae,
1168 1015 1247 1054 per
1264 1015 1398 1054 quam
1418 1000 1695 1054 significatur
1712 1001 1906 1043 ecclesia.
1937 1040 1942 1043 .

418 1063 659 1115 spiritualis
692 1064 840 1116 quoad
878 1062 1143 1112 doffihinam,
1178 1064 1248 1104 hic
1286 1064 1364 1104 illa
1401 1071 1609 1105 vastata:
1648 1065 1906 1111 devastatio

417 1127 565 1179 quoad
592 1140 745 1166 verum
778 1133 824 1166 et
857 1127 1025 1166 bonum
1059 1126 1338 1179 significatur
1369 1141 1448 1179 per
1476 1128 1575 1167 “ire
1607 1127 1830 1180 spoliatus
1857 1134 1905 1168 et

417 1189 560 1229 nudus
578 1189 611 1239 ;⁷’
644 1189 914 1229 lamentatio
937 1203 1069 1242 super
1095 1190 1152 1238 id,
1178 1189 1456 1242 significatur
1478 1204 1557 1242 per
1582 1190 1836 1243 “plangere
1858 1196 1904 1231 et

416 1251 581 1304 ejulare
598 1251 630 1302 ;'’
658 1251 928 1292 lamentatio
951 1266 1083 1305 super
1105 1252 1395 1292 devastatum
1419 1252 1600 1300 bonum,
1622 1267 1699 1305 per
1720 1253 1904 1294 “facere

416 1313 647 1367 planctum
671 1315 785 1355 sicut
808 1315 1068 1363 dracones?
1091 1321 1137 1355 et
1164 1329 1295 1368 super
1317 1315 1607 1356 devastatum
1631 1330 1800 1364 verum,
1827 1330 1906 1369 per

419 1377 602 1418 “facere
629 1376 796 1418 luctum
825 1379 939 1418 sicut
966 1377 1082 1418 filiae
1110 1376 1302 1418 noctuae
1319 1378 1354 1417 :‘'
1380 1378 1589 1418 dicuntur
1614 1379 1873 1420 “dracones
1886 1379 1905 1394 '’

417 1446 463 1481 et
489 1439 643 1480 “filiae
670 1438 861 1480 noctuae
885 1439 1319 1493 '’repraesentative,
1345 1441 1463 1493 quod
1491 1440 1646 1480 similis
1671 1441 1759 1481 illis
1781 1448 1904 1482 esset

415 1503 563 1555 quoad
583 1501 812 1555 planctum
832 1509 877 1543 et
897 1502 1065 1543 luctum
1085 1517 1093 1553 ;
1118 1504 1232 1543 sicut
1251 1504 1389 1543 etiam
1404 1504 1523 1556 quod
1542 1504 1664 1544 “iret
1684 1504 1905 1556 spoliatus

415 1572 461 1606 et
485 1566 628 1606 nudus
646 1566 679 1616 ;⁷’
708 1566 965 1618 “spoliatus
978 1565 996 1580 ’'
1019 1565 1243 1618 significat
1267 1566 1386 1619 quod
1413 1566 1582 1619 absque
1610 1566 1739 1606 bonis
1764 1573 1902 1615 esset,

415 1628 557 1668 simile
580 1628 699 1681 quod
720 1629 895 1668 “draco
912 1628 946 1678 ;’'
969 1635 1014 1668 et
1037 1633 1061 1647 ‘⁴
1078 1628 1222 1668 nudus
1235 1628 1252 1642 ”
1271 1628 1392 1682 quod
1416 1629 1584 1682 absque
1608 1630 1737 1678 veris,
1759 1629 1903 1671 simile

414 1691 535 1744 quod
562 1691 689 1731 “filia
716 1690 948 1732 noctuae.”
1009 1691 1146 1744 Apud
1173 1691 1434 1740 Jeremz‘am,

479 1788 813 1819 “Nebuchadnezar
833 1798 894 1819 rex
915 1788 1057 1818 Babelis
1078 1788 1262 1819 constituit
1286 1797 1342 1818 me
1367 1798 1430 1819 vas
1455 1797 1615 1826 vacuum,
1636 1788 1823 1828 deglutivit
1847 1780 1908 1820 me

587 1832 677 1862 sicut
697 1838 805 1869 cetus,
823 1832 983 1871 implevit
1004 1838 1163 1862 ventrem
1187 1841 1228 1862 ex
1253 1831 1386 1862 deliciis
1407 1831 1505 1868 meis,
1526 1832 1671 1871 dispulit
1691 1841 1747 1863 me
1762 1843 1785 1863 z.
1801 1857 1808 1864 .
1821 1857 1828 1864 .
1843 1833 1905 1864 ‚sit

589 1875 698 1906 Babel
715 1885 872 1912 acervus,
888 1875 1127 1905 habitaculum
1143 1875 1347 1912 draconum,
1365 1875 1401 1905 in
1419 1875 1559 1905 sibilum
1578 1882 1612 1906 et
1629 1882 1821 1915 stuporem,
1839 1885 1904 1907 nec

587 1919 766 1949 habitator
778 1918 795 1930 ''
812 1919 859 1958 (li.
879 1927 929 1957 34,
945 1920 999 1957 37)
1014 1929 1020 1950 :

412 2004 550 2044 etiam
591 2003 662 2044 hic
704 2017 782 2056 per
825 2003 1113 2043 “Babelem''
1154 2009 1200 2043 et
1246 2017 1324 2056 per
1367 2003 1903 2045 “Nebuchadnezarem”

415 2066 692 2119 significatur
709 2066 981 2106 adulteratio
1000 2073 1045 2106 et
1069 2066 1321 2119 profanatio
1340 2066 1445 2106 boni
1468 2072 1513 2106 et
1537 2067 1652 2106 veri:
1682 2067 1902 2120 dispersio

413 2130 558 2169 omnis
583 2130 675 2169 veri
707 2135 753 2169 et
785 2127 1031 2169 destructio
1064 2130 1208 2169 omnis
1235 2129 1340 2169 boni
1372 2126 1489 2176 inde,
1519 2129 1797 2181 significatur
1823 2145 1902 2184 per

411 2192 530 2245 quod
551 2193 826 2232 “constituit
850 2205 920 2231 me
944 2205 1022 2231 vas
1041 2205 1245 2239 vacuum,
1266 2191 1507 2244 deglutivit
1529 2205 1600 2232 me
1618 2193 1733 2233 sicut
1753 2200 1898 2242 cetus,

411 2254 617 2307 implevit
643 2261 847 2294 ventrem
876 2268 934 2294 ex
961 2253 1132 2294 deliciis
1160 2255 1284 2301 meis,
1313 2253 1497 2307 dispulit
1525 2267 1596 2294 me
1614 2254 1648 2304 ;”
1680 2268 1759 2308 per
1787 2259 1901 2297 “ce-

412 2323 508 2357 tum
521 2317 539 2331 ’'
557 2317 701 2357 simile
719 2316 995 2369 significatur
1011 2317 1131 2369 quod
1150 2330 1228 2369 per
1245 2321 1269 2336 ‘⁶
1282 2317 1567 2364 draconem,'’
1586 2317 1723 2358 etiarn
1739 2319 1898 2360 eadem

412 2393 504 2419 vox
533 2380 707 2432 utrique
735 2386 804 2420 est
831 2380 875 2419 in
903 2379 1056 2431 lingua
1083 2379 1314 2431 originali:
1349 2380 1608 2420 devastatio
1635 2380 1780 2420 omnis
1806 2382 1900 2422 veri

412 2449 458 2483 et
481 2443 586 2482 boni
605 2456 662 2482 ex
681 2442 1013 2482 adulteratione
1031 2449 1077 2482 et
1100 2442 1413 2495 profanatione
1432 2456 1600 2498 eorum,
1619 2443 1900 2495 significatur

411 2519 490 2558 per
521 2505 641 2558 quod
671 2505 849 2545 “Babel
883 2506 966 2545 erit
999 2518 1199 2553 acervus,
1229 2505 1538 2545 habitaculum
1566 2505 1827 2554 draconum,
1855 2506 1899 2546 in

413 2567 591 2608 sibilum
633 2574 678 2607 et
721 2575 967 2620 stuporem,
1009 2581 1099 2607 non
1141 2567 1376 2607 habitator
1394 2567 1428 2617 ;”
1467 2572 1596 2607 “non
1638 2567 1869 2609 habitator
1881 2568 1900 2583 ’'

412 2629 637 2682 significat
665 2643 753 2669 non
781 2631 949 2670 bonurn
977 2630 1096 2683 apud
1123 2630 1333 2683 aliquem.
1395 2630 1533 2683 Apud
1559 2630 1765 2678 Hiobum,

477 2725 594 2756 “Ater
610 2726 787 2756 ambulavi
809 2726 886 2756 sine
907 2726 991 2762 sole,
1011 2726 1091 2756 steti
1113 2725 1148 2756 in
1169 2725 1455 2765 congregatione,
1474 2724 1634 2762 clamavi,
1653 2724 1761 2756 frater
1779 2723 1899 2757 fad’tus

584 2779 661 2800 sum
679 2769 902 2807 draconibus,
921 2776 955 2800 et
968 2770 1084 2800 socius
1103 2769 1240 2800 filiabus
1256 2768 1402 2799 ululae''
1419 2769 1512 2808 (xxx.
1531 2769 1582 2806 28,
1601 2768 1674 2808 29):

410 2855 496 2895 hoc
530 2855 586 2895 de
618 2860 742 2895 statu
774 2854 866 2907 ejus
898 2855 941 2894 in
969 2854 1311 2902 tentationibus,
1339 2854 1382 2893 in
1415 2853 1572 2906 quibus
1601 2853 1738 2893 homo
1765 2859 1897 2906 putat

410 2932 457 2958 se
480 2918 743 2958 damnatum
767 2931 891 2967 esse;
924 2931 1058 2970 quare
1084 2921 1220 2957 “ater
1241 2916 1470 2957 ambulare
1494 2917 1587 2956 sine
1611 2915 1735 2956 sole‘’
1756 2917 1895 2969 signi-

410 2979 516 3020 ficat
539 2981 652 3020 sicut
676 2980 880 3020 diabolus
902 2981 1070 3033 absque
1093 2980 1213 3020 bono
1236 2980 1424 3031 amoris;
1456 2982 1613 3019 “stare
1636 2979 1679 3018 in
1703 2992 1895 3031 congre-
