2008 3458
402 379 426 410 2
432 378 511 422 372
813 380 1144 415 APOCALYPSIS
1177 383 1473 417 EXPLICATA.

464 492 653 533 “Angelus
672 493 817 525 Domini
835 495 870 525 in
896 496 1036 526 somnio
1054 497 1215 536 apparuit
1225 496 1243 508 '’
1256 496 1424 538 Josepho,
1443 498 1621 538 “dicens,.
1636 523 1644 532 .
1657 498 1728 532 ‚Ne
1752 499 1879 532 timeas

571 538 729 577 accipere
746 538 894 569 Mariam
913 549 1082 579 sponsam
1100 546 1207 578 tuam,
1218 550 1299 571 nam
1318 542 1410 582 quod
1432 542 1466 572 in
1484 551 1527 573 ea
1543 547 1675 580 natum,
1688 552 1732 574 ex
1748 542 1880 583 Spiritu

571 579 701 611 San&o
719 587 772 611 est
786 581 830 619 ;‘’.
846 606 852 612 .
867 606 874 612 .
889 589 939 613 ,et
955 582 1088 623 Joseph
1107 584 1205 614 “non
1222 585 1390 624 cognovit
1407 594 1495 623 eam,
1512 595 1623 626 usque
1639 586 1723 617 dum
1740 585 1879 627 peperit

572 623 697 654 Filium
712 634 814 655 suum
834 624 1112 666 Primogenitum
1125 625 1143 638 ”
1161 627 1194 667 (i.
1209 635 1259 665 20,
1279 627 1353 667 25);
1840 636 1847 643 “

396 710 443 746 et
469 705 587 758 apud
619 705 796 755 Lucam,

462 780 560 811 Dixit
584 780 746 820 Angelus
772 781 916 820 Mariae,
938 782 1056 814 “Ecce
1080 783 1256 824 concipies
1281 784 1316 815 in
1341 791 1452 823 utero,
1477 791 1512 817 et
1535 785 1651 826 paries
1676 785 1814 823 Filium,
1839 791 1876 818 et

568 825 711 856 vocabis
732 835 863 857 nomen
885 826 1001 866 Ipsius
1018 826 1153 868 Jesum.
1204 827 1272 858 Hic
1292 829 1357 859 erit
1377 838 1536 868 magnus,
1555 835 1589 860 et
1610 829 1717 860 Filius
1734 829 1878 862 Altissi·

568 868 617 898 mi
634 869 825 900 vocabitur.
857 894 864 900 .
879 894 886 900 .
900 894 907 900 .
923 869 1007 901 ,Sed
1024 869 1138 901 Maria
1153 870 1243 901 dixit
1260 871 1303 902 ad
1320 871 1510 911 Angelum,
1525 872 1714 913 Quomodo
1731 871 1790 904 fiet
1799 872 1876 911 hoc,

570 911 737 951 quoniam
753 913 866 943 virum
883 923 954 944 non
972 915 1172 953 cognosco?
1218 914 1430 955 Respondit.
1446 915 1632 955 .Angelus,
1641 921 1676 947 et
1692 915 1878 956 dixit,Spi-

568 955 656 986 ritus
667 954 817 986 Sanetus
827 956 945 987 veniet
958 966 997 988 su
1003 967 1063 996 per
1071 963 1115 994 te,
1125 963 1160 988 et
1169 957 1280 989 virtus
1292 958 1465 989 Altissimi
1477 959 1701 990 obumbrabit
1711 965 1745 990 te
1758 968 1765 996 ;
1782 958 1876 990 unde

568 998 661 1038 quod
679 1005 843 1030 nascetur
859 1009 903 1030 ex
919 1006 953 1031 te
971 998 1150 1038 Sannum,
1168 1001 1350 1032 vocabitur
1368 1001 1476 1033 Filius
1494 1001 1561 1033 Dei
1571 1001 1589 1013 ”
1605 1002 1639 1042 (i.
1653 1009 1704 1041 31,
1720 999 1804 1044 [32]
1824 1010 1875 1041 34,

567 1042 641 1081 35)=

393 1142 452 1170 ex
479 1142 567 1182 quo
593 1135 721 1182 patet
753 1130 874 1183 quod
906 1130 1126 1171 Dominus
1158 1145 1216 1172 ex
1249 1132 1549 1185 conceptione
1581 1133 1640 1174 sit
1668 1131 1874 1186 Jehovah

394 1190 542 1243 Deus;
585 1198 631 1233 et
667 1206 726 1232 ex
758 1194 1057 1246 conceptione
1089 1207 1186 1234 esse
1216 1194 1421 1247 Jehovah
1455 1194 1592 1243 Deus,
1624 1200 1695 1236 est
1725 1194 1875 1251 quoad

392 1254 536 1307 ipsam
568 1256 723 1304 vitam,
752 1269 865 1308 quae
897 1262 1087 1296 vocatur
1111 1256 1260 1296 anima
1292 1270 1351 1297 ex
1383 1256 1530 1306 Patre,
1564 1270 1623 1298 ex
1655 1270 1743 1311 qua
1773 1269 1873 1298 cor-

392 1317 487 1370 pori
510 1323 580 1358 est
602 1318 696 1358 vita
715 1332 723 1369 3
757 1332 815 1358 ex
838 1332 892 1358 eo
914 1319 1051 1359 etiam
1074 1319 1310 1359 manifeste
1333 1325 1530 1368 constat,
1549 1319 1670 1373 quod
1697 1318 1874 1361 Huma÷

392 1392 497 1420 num
530 1380 713 1421 Domini
744 1382 801 1421 sit
832 1381 951 1434 quod
982 1387 1170 1422 vocatur
1203 1384 1228 1401 “
1247 1380 1386 1422 Filius
1418 1381 1543 1430 Dei,”
1575 1393 1679 1422 nam
1711 1381 1875 1422 dicitur
1906 1399 1907 1402 ¹

391 1442 511 1495 quod
550 1441 818 1501 “Sanctum,
858 1443 977 1496 quod
1015 1450 1227 1484 nascetur
1268 1457 1326 1484 ex
1363 1450 1424 1493 te,
1462 1442 1698 1485 vocabitur
1734 1442 1873 1484 Filius

392 1505 515 1546 Dei.'’

475 1566 558 1620 [lh]
602 1566 737 1619 Quod
770 1566 1033 1607 Humanum
1066 1567 1250 1608 Domini
1281 1568 1339 1608 sit
1370 1568 1490 1621 quod
1515 1573 1707 1622 vocatur
1731 1567 1873 1608 Filius

391 1626 490 1675 Dei,
512 1628 695 1668 ulterius
714 1634 923 1669 constare
942 1635 1098 1682 potest
1117 1643 1176 1670 ex
1195 1628 1349 1670 Verbo
1366 1629 1548 1670 Veteris
1567 1628 1870 1679 Testamenti,

390 1697 436 1732 et
462 1706 639 1745 quoque
665 1706 724 1732 ex
743 1692 897 1733 Verbo
925 1692 1041 1733 Novi
1062 1692 1261 1746 pluribus
1283 1693 1326 1733 in
1349 1692 1486 1743 locis;
1519 1693 1598 1734 secl
1621 1693 1677 1733 de
1698 1692 1784 1734 hac
1807 1706 1869 1743 re,

389 1754 575 1796 volente
607 1756 720 1804 Deo,
745 1756 850 1796 alibi
881 1757 925 1796 in
957 1757 1134 1810 specie:
1168 1756 1239 1797 hic
1273 1756 1419 1796 solum
1451 1756 1733 1797 adducentur
1754 1755 1869 1805 loca,

389 1831 503 1871 quae
535 1824 764 1859 testantur
795 1818 914 1871 quod
947 1818 1167 1859 Dominus
1199 1832 1277 1871 per
1311 1818 1560 1859 “Patrem‘’
1591 1817 1871 1860 intellexerit

390 1880 601 1920 Divinum
619 1881 662 1921 in
681 1879 751 1929 Se,
771 1881 835 1921 ita
853 1879 910 1921 Se
933 1880 1112 1933 Ipsum;
1146 1894 1260 1934 quae
1283 1886 1387 1921 sunt
1410 1880 1645 1934 sequentia
1661 1879 1870 1934 t—-Apud

388 1942 654 1994 Jolcannem,

455 2032 525 2064 “In
551 2033 724 2073 principio
749 2039 823 2064 erat
839 2033 1006 2070 Verbum,
1024 2038 1059 2064 et
1074 2031 1230 2063 Verbum
1255 2038 1330 2063 erat
1353 2032 1447 2072 apud
1472 2031 1597 2070 Deum,
1615 2037 1651 2064 et
1675 2031 1772 2063 Deus
1795 2036 1873 2064 erat

562 2077 717 2108 Verbum
731 2086 755 2114 ;,
769 2101 776 2108 .
791 2101 798 2107 .
813 2076 950 2108 ‚omnia
969 2085 1030 2116 per
1054 2075 1173 2116 Ipsum
1198 2074 1293 2107 facta
1317 2082 1409 2114 sunt,
1426 2084 1462 2107 et
1481 2076 1558 2107 sine
1580 2075 1646 2106 Illo
1665 2073 1798 2107 {adium
1818 2081 1873 2107 est

562 2120 648 2151 nihil
662 2120 755 2160 quod
772 2118 903 2150 saelum
918 2125 981 2150 est.
1012 2144 1019 2151 .
1034 2144 1040 2150 .
1056 2144 1063 2150 .
1077 2144 1084 2151 .
1095 2119 1138 2150 Et
1151 2119 1305 2150 Verbum
1321 2118 1413 2150 Caro
1426 2117 1559 2150 factum
1574 2124 1638 2156 est,
1650 2124 1684 2150 et
1700 2118 1873 2150 habitavit

562 2164 597 2195 in
615 2164 728 2201 nobis,
740 2169 775 2194 et
791 2163 943 2194 vidimus
956 2163 1106 2202 gloriam
1123 2162 1237 2202 Ipsius
1251 2163 1342 2193 sicut
1357 2163 1508 2202 gloriam
1521 2161 1704 2202 Unigeniti
1717 2171 1739 2193 a
1756 2161 1871 2199 Patre,

562 2207 687 2247 plenus
704 2207 818 2247 gratia
833 2213 868 2237 et
885 2206 1033 2237 veritate
1046 2205 1063 2217 '’
1081 2206 1115 2245 (i.
1136 2214 1162 2244 1,
1182 2214 1210 2244 2,
1231 2206 1283 2246 14)
1298 2217 1304 2238 :

388 2295 507 2350 quod
535 2308 612 2348 per
636 2294 874 2334 “Verbum
890 2293 908 2308 ”
930 2292 1215 2345 intelligatur
1241 2293 1460 2333 Dominus
1486 2292 1634 2346 quoad
1658 2291 1870 2333 Divinum

390 2358 665 2405 Humanum,
694 2362 852 2409 patet;
886 2368 990 2395 nam
1017 2356 1178 2395 dicitur
1203 2355 1325 2408 quod
1354 2358 1379 2375 ‘⁴
1397 2355 1597 2395 Verbum
1630 2353 1746 2395 Caro
1776 2354 1869 2395 fac-

389 2427 485 2461 tum
508 2421 579 2468 sit,
604 2426 650 2460 et
676 2420 866 2459 vidimus
893 2418 1083 2470 gloriam
1109 2418 1252 2470 Ipsius
1280 2418 1394 2458 sicut
1421 2416 1612 2470 gloriam
1635 2416 1871 2470 Unigeniti

388 2497 414 2523 a
441 2483 572 2523 Patre
590 2481 624 2522 :”
642 2481 760 2535 quod
785 2481 1005 2521 Dominus
1029 2481 1086 2520 sit
1114 2479 1235 2519 Deus
1259 2480 1396 2519 etiam
1420 2479 1567 2532 quoad
1595 2479 1869 2525 Humanum,

389 2559 467 2586 seu
506 2544 626 2598 quod
670 2544 929 2584 Humanum
974 2542 1155 2582 Domini
1192 2542 1329 2582 etiam
1369 2542 1427 2582 sit
1469 2542 1696 2590 Divinum,
1734 2542 1872 2582 etiam

389 2613 550 2661 patet;
593 2620 696 2647 nam
728 2606 902 2654 dicitur,
931 2604 1170 2645 “Verbum
1204 2610 1302 2644 erat
1335 2604 1451 2656 apud
1485 2604 1645 2652 Deum,
1670 2609 1716 2644 et
1749 2603 1871 2644 Deus

389 2677 486 2711 erat
513 2669 754 2717 Verbum,'’
774 2675 819 2709 et
842 2669 927 2709 hoc
944 2668 1144 2708 Verbum
1170 2666 1285 2708 Caro
1307 2665 1472 2707 factum
1495 2673 1591 2707 est:
1619 2680 1698 2720 per
1716 2665 1872 2707 “Ver-

388 2733 526 2774 bum”
544 2732 813 2785 intelligitur
839 2731 1059 2771 Dominus
1081 2730 1234 2783 quoad
1261 2730 1471 2770 Divinum
1490 2729 1673 2770 Verum.
1733 2727 1871 2782 Apud

388 2797 596 2845 eundem,

454 2886 472 2899 “
485 2885 700 2917 Patermeus
718 2894 827 2924 usque
842 2893 934 2914 nunc
948 2888 1120 2923 operatur,
1135 2882 1214 2913 ideo
1231 2882 1336 2913 etiarn
1357 2881 1433 2921 Ego
1450 2890 1590 2921 operor:
1616 2880 1695 2912 sed.
1708 2904 1717 2912 .
1731 2879 1871 2921 ‚Judaei

561 2929 777 2968 quaerebant
803 2927 923 2967 Ipsum
948 2926 1314 2966 interficere‚...quod
1344 2925 1484 2956 Patrem
1513 2924 1695 2964 proprium
1722 2923 1872 2954 dixisset

562 2972 687 3009 Deum,
717 2980 837 3010 parem
867 2971 910 3001 Se
944 2969 1065 3009 Ipsum
1097 2969 1231 3000 faciens
1265 2969 1359 3000 Deo:
1396 2968 1458 2999 sed
1486 2967 1669 3007 respondit
1696 2966 1811 3008 Jesus,
1836 2972 1872 2998 et

561 3015 662 3047 dixit.
678 3039 700 3053 .,
720 3014 800 3046 Non
819 3019 934 3054 potest
953 3013 1060 3044 Filius
1078 3013 1192 3044 facere
1210 3022 1230 3043 a
1247 3012 1290 3044 Se
1309 3011 1392 3052 Ipso
1410 3012 1606 3052 quicquam,
1625 3010 1693 3042 nisi
1710 3010 1804 3051 quod
1820 3010 1871 3042 vi-
