2054 3464
411 388 523 431 2090
821 385 1151 418 APOCALYPSIS
1182 386 1479 419 EXPLICATA.

1016 540 1151 564 VERSUS
1170 541 1249 564 10-1
1256 541 1283 564 2.

485 611 613 656 ⁷43·
652 617 712 643 “ft
727 617 824 643 audiui
840 624 933 643 vocem
948 624 1079 649 maonam
1096 617 1237 644 dIoentem
1253 618 1282 644 in
1297 619 1385 648 caelo,
1401 618 1478 644 Nunc
1489 618 1574 651 facta
1589 620 1637 645 eet
1648 619 1730 646 salus
1745 620 1775 645 ot
1788 620 1898 651 poten-v

405 656 449 682 tia
465 659 495 682 et
510 664 626 688 reqnum
646 658 695 683 Dei
710 657 813 687 nostri,
830 659 860 683 et
875 657 1029 688 [potestas]
1045 657 1156 684 Christi
1169 657 1272 689 Ipsius,
1290 658 1356 690 quia
1371 658 1518 690 projectus
1533 660 1580 684 est
1594 660 1748 686 accusator
1760 658 1888 691 fratrum

404 695 576 725 nostrorum,
595 702 737 720 accusans
753 694 818 721 ῘΙΙοε
838 702 932 721 coram
953 694 1007 721 Deo
1023 697 1123 721 nostro
1141 695 1205 722 dies
1224 697 1253 721 et
1268 698 1376 722 noctes.
1414 696 1449 722 Εΐ
1467 696 1511 722 llll
1526 696 1654 723 vicerunt
1668 704 1731 723 eum
1749 703 1802 729 per
1819 704 1890 724 san-

402 732 515 763 un'nem
531 732 610 764 Aqm',
627 734 657 758 et
674 740 727 764 per
748 733 863 758 Verbum
882 733 1040 759 testimonii
1058 734 1180 764 illorum,
1198 736 1227 760 et
1246 741 1300 760 non
1319 734 1485 760 dilexerunt
1499 734 1623 760 animam
1642 742 1724 761 suam
1743 742 1833 768 usque
1851 737 1890 762 ad

404 771 533 795 mortem.
562 770 683 801 Propter
697 771 747 796 hoc
757 771 888 802 qaudete,
902 771 984 800 caeli,
996 773 1026 796 et
1039 771 1067 796 Ῑη
1080 771 1141 797 ῘΙΙίε
1154 772 1341 802 habitantem
1359 779 1410 798 vae
1423 772 1622 799 habitantibus
1635 774 1743 799 terram
1757 774 1787 799 et
1798 780 1886 805 mare,

405 807 473 839 quia
486 808 637 833 descendit
649 808 781 834 diabolus
794 809 832 834 od
847 816 904 838 vos,
920 809 1029 835 habens
1042 809 1115 835 iram
1129 817 1269 842 magnam,
1284 810 1380 836 sciens
1394 811 1468 843 quod
1479 811 1611 842 exiyuum
1624 812 1738 843 tempus
1750 811 1878 838 habeat!

426 897 477 920 10.
510 888 572 922 “ft
592 888 712 922 audivi
726 899 840 923 rocem
864 900 1024 933 magnam·
1045 890 1212 925 dicentem
1233 891 1267 925 in
1292 892 1415 930 caelo‚''
1430 892 1767 933 significatgaudium
1790 904 1888 936 ange-

577 934 686 965 lorum
703 935 786 966 caeli
799 945 840 965 ex
862 936 934 965 luce
948 940 980 966 et
992 936 1154 976 sapientia
1170 941 1252 967 tunc
1267 938 1360 977 apud
1372 937 1443 968 illos
1463 937 1513 979 [n.
1533 936 1634 979 744];
1664 937 1779 970 “Nunc
1795 937 1888 971 facia

523 986 526 987 ⁷
579 980 635 1010 est
648 979 747 1011 salus
764 981 799 1011 et
810 978 962 1020 potentia
976 981 1011 1011 et
1026 989 1167 1022 regnum
1181 979 1243 1013 Dei
1254 980 1373 1017 nostri,
1389 983 1425 1013 et
1435 983 1593 1023 potestas
1608 979 1734 1014 chr-isti
1748 980 1888 1024 Ipsius?

574 1020 734 1062 significat
746 1023 835 1064 quod
844 1033 935 1053 nunc
942 1025 1091 1064 potentia
1104 1023 1251 1056 Domino
1262 1025 1424 1056 salvandi
1435 1025 1506 1056 illos
1516 1025 1577 1066 qui
1587 1025 1627 1055 ab
1638 1025 1766 1057 ecclesia
1779 1025 1889 1067 Ipsius

574 1070 664 1103 sunt,
672 1071 738 1107 per
754 1067 927 1097 Divinum
942 1078 1040 1098 suum
1067 1067 1197 1105 Verum,
1214 1069 1274 1110 qui
1296 1069 1388 1099 corde
1410 1073 1442 1100 et
1461 1069 1579 1099 anima
1596 1069 1635 1099 icl
1646 1069 1813 1110 recipiunt
1835 1069 1885 1112 [n.

578 1110 679 1150 745];
711 1109 809 1153 “quia
829 1111 1005 1153 profectus
1029 1114 1086 1144 est
1106 1115 1290 1145 accusator
1314 1113 1459 1145 fratrum
1483 1113 1706 1150 nostrorumst
1729 1112 1888 1154 significat

567 1158 744 1195 postquam
759 1155 904 1195 separati
917 1166 938 1185 a
954 1156 1040 1186 caelo
1054 1160 1136 1187 sunt
1147 1167 1187 1187 ac
1201 1157 1358 1187 damnati
1372 1157 1506 1198 inferno
1522 1157 1576 1188 illi
1596 1157 1658 1198 qui
1671 1157 1885 1199 impugnave—

575 1201 660 1228 runt
680 1198 787 1229 vitam
799 1198 890 1240 fidei
910 1210 995 1239 quae
1017 1204 1063 1230 est
1084 1200 1231 1231 charitas
1257 1200 1307 1242 [n.
1327 1199 1428 1241 746];
1460 1205 1650 1234 “accusans
1670 1200 1748 1234 Illos
1771 1210 1886 1234 coram

574 1241 642 1274 veo
661 1241 814 1284 [nostro]
835 1242 908 1275 dies
926 1245 961 1275 et
974 1244 1120 1279 noctesl'
1136 1243 1295 1285 signifieat
1311 1249 1341 1275 et
1358 1244 1583 1286 objurgarunt
1597 1245 1668 1276 illos
1685 1249 1717 1276 et
1736 1245 1886 1287 litigave-
1929 1286 1932 1290 ἡ

574 1290 660 1317 runt
673 1297 748 1317 cum
764 1287 833 1318 illis
847 1297 889 1317 ex
914 1287 1010 1318 Verbo
1026 1288 1180 1319 continue
1198 1288 1248 1330 [n.
1267 1287 1363 1330 747].
1538 1292 1546 1300 '

1715 1341 1759 1348 ωιτν.
1763 1341 1884 1349 mam—o·—

422 1361 473 1385 11.
506 1354 569 1387 “ft
585 1353 636 1386 illi
652 1354 805 1388 vicerunt
819 1365 894 1388 eum
909 1366 973 1398 pet·
988 1355 1188 1399 sanguinem
1205 1356 1313 1400 Agnis
1329 1356 1490 1398 significat
1505 1358 1723 1390 resistentiam
1739 1363 1770 1390 et
1783 1359 1885 1392 viae-

573 1399 663 1430 riam
680 1404 746 1440 per
758 1399 931 1431 Divinum
958 1400 1077 1431 Verum
1093 1402 1271 1442 procedens
1285 1412 1327 1432 ex
1342 1401 1475 1433 Divino
1491 1402 1654 1434 Humano
1669 1402 1816 1435 Domini
1832 1403 1884 1446 [n.

575 1442 656 1485 748]
670 1454 678 1481 ;
706 1445 762 1476 “et
772 1453 836 1486 per
855 1443 991 1476 verbum
1009 1444 1195 1477 testimonii
1208 1446 1354 1482 eorum,''
1366 1444 1526 1486 significat
1541 1450 1572 1477 et
1577 1451 1644 1488 per
1657 1447 1885 1489 confisa-ionem

572 1491 604 1517 et
618 1487 820 1528 agnitionem
837 1488 969 1519 Divini
984 1489 1021 1519 in
1039 1489 1200 1520 Humano
1217 1490 1325 1530 Ipsius
1344 1489 1393 1532 [n.
1413 1489 1494 1532 749]
1508 1501 1517 1528 ;
1543 1492 1600 1523 “et
1613 1499 1678 1523 non
1695 1490 1888 1525 dilexerunt

573 1530 719 1563 animam
736 1541 834 1564 suam
848 1541 956 1574 usque
971 1532 1018 1565 αρ’
1031 1533 1201 1570 mot-tems
1214 1533 1372 1574 signifieat
1375 1534 1494 1575 fideles
1508 1535 1569 1576 qui
1574 1539 1713 1576 propter
1726 1535 1786 1566 illa
1802 1546 1884 1567 vera

571 1575 763 1606 tentationes
770 1576 866 1617 passi
878 1581 967 1614 sunt,
985 1587 1025 1607 ac
1046 1577 1151 1608 vitam
1173 1578 1296 1608 mundi
1308 1583 1396 1619 prae
1417 1578 1489 1609 vita
1514 1579 1597 1610 caeli
1617 1579 1723 1610 nihili
1726 1579 1886 1621 ficerunt

578 1619 628 1661 [n-
649 1618 743 1670 7502]

421 1688 470 1712 12.
505 1681 667 1724 “Pr-optet·
681 1681 744 1715 hoc
755 1682 913 1725 gaudete,
929 1683 1020 1716 caeli
1032 1686 1069 1716 et
1082 1683 1114 1717 in
1131 1683 1199 1717 illis
1215 1683 1436 1722 habitantes?
1448 1684 1607 1727 significat
1621 1686 1838 1730 salvationem
1853 1691 1887 1719 et

571 1727 649 1758 inde
658 1728 825 1767 gaudium
842 1728 976 1758 illorum
993 1729 1054 1769 qui
1063 1729 1250 1769 spirituales
1259 1734 1323 1769 per
1333 1730 1543 1771 receptionem
1556 1730 1687 1761 Divim'
1706 1730 1784 1762 Veri
1783 1730 1886 1773 fiunt

576 1770 625 1812 [n.
641 1777 679 1810 75
688 1770 722 1812 1]
734 1783 742 1808 ;
770 1775 854 1804 “rae
866 1771 1095 1805 habitantibus
1108 1774 1236 1805 terram
1253 1775 1289 1805 et
1303 1774 1427 1810 mure,''
1438 1773 1598 1814 significat
1613 1774 1883 1806 lamentationem

570 1819 669 1855 super
684 1815 754 1846 illos
776 1816 837 1856 qui
859 1826 944 1846 mere
960 1817 1133 1847 naturales
1154 1821 1185 1847 et
1205 1818 1367 1848 sensuales
1377 1817 1480 1859 fiunt
1497 1817 1547 1860 [n.
1569 1825 1586 1857 7
1591 1817 1669 1860 52];
1700 1817 1798 1862 “qula
1821 1818 1882 1852 do-

571 1858 706 1891 scendJ'f
720 1858 874 1892 dlabolus
890 1859 938 1892 ad
953 1861 1040 1896 vos‚''
1056 1860 1214 1901 significat
1229 1862 1310 1902 quia
1327 1862 1492 1902 recipiunt
1506 1863 1596 1893 mala
1617 1873 1658 1893 ex
1676 1862 1880 1906 inferno-[n.

570 1902 671 1944 753];
703 1902 851 1936 “habens
874 1903 961 1935 imm
985 1905 1170 1946 maynam,''
1185 1903 1344 1945 significat
1367 1906 1479 1936 odium
1503 1911 1617 1937 contra
1640 1917 1722 1937 vera
1745 1911 1777 1938 et
1797 1907 1882 1938 bona

568 1947 773 1986 spiritualia,
789 1958 874 1988 quae
887 1948 1061 1989 suntfidei
1074 1953 1106 1979 et
1119 1949 1210 1980 vitae
1225 1959 1265 1980 ex
1291 1949 1399 1987 Verbo,
1408 1950 1554 1991 proinde
1569 1954 1684 1981 contra
1700 1961 1749 1982 eos
1763 1951 1825 1992 qui
1843 1951 1881 1982 in

570 1991 638 2021 illis
660 1995 741 2021 sunt
766 1991 815 2034 [n.
835 1998 852 2031 7
857 1990 936 2033 54];
967 1991 1102 2025 “sc-fens
1125 1992 1216 2035 quod
1236 1992 1394 2036 exiyuum
1407 1996 1541 2036 tempus
1556 1993 1708 2031 habeat,''
1722 1994 1882 2037 significat

570 2034 651 2075 quia
667 2039 773 2066 status
788 2040 936 2066 mutatus
951 2041 996 2066 est
1013 2036 1063 2078 [n.
1082 2043 1099 2076 7
1104 2042 1121 2076 5
1127 2035 1178 2079 5].

472 2143 602 2189 744.
645 2146 830 2184 [Vers.10.]
862 2137 939 2176 “ft
965 2137 1099 2176 audivi
1125 2150 1257 2177 vocem
1281 2151 1467 2191 maynam
1490 2139 1688 2179 dicentem
1716 2139 1756 2179 l'n
1785 2152 1882 2180 cae-

394 2194 666 2246 lo.''—Quod
702 2194 927 2247 significet
954 2196 1175 2248 gaudium
1204 2197 1459 2249 angelorum
1488 2198 1600 2238 caeli
1630 2212 1687 2238 ex
1719 2198 1809 2239 luce
1839 2205 1882 2240 et

396 2255 615 2306 sapientia
641 2262 739 2295 tanc
768 2256 892 2307 apud
918 2256 1029 2304 illos,
1059 2262 1240 2298 constat
1273 2272 1331 2298 ex
1361 2258 1691 2311 significatione
1721 2260 1880 2300 “vocis

394 2330 588 2370 magnae
615 2318 847 2366 dicentis‚''
870 2319 988 2371 quod
1017 2320 1073 2360 sit
1101 2319 1363 2361 testificatio
1389 2322 1539 2373 gaudii
1566 2336 1624 2362 ex
1651 2322 1799 2370 corde,
1824 2322 1879 2363 de

394 2393 480 2433 qua
517 2381 747 2433 sequitur;
793 2387 838 2421 et
877 2395 936 2422 ex
974 2381 1302 2434 significatione
1343 2384 1423 2423 “in
1461 2384 1628 2432 caelo‚''
1664 2384 1783 2438 quod
1821 2385 1878 2425 sit

393 2444 510 2496 apud
530 2443 718 2495 angelos
737 2443 848 2483 caeli
868 2457 875 2483 :
911 2445 1029 2497 quod
1048 2445 1105 2484 sit
1129 2459 1187 2484 ex
1211 2444 1308 2486 luce
1332 2451 1377 2486 et
1397 2447 1618 2499 sapientia
1637 2453 1742 2487 tunc
1761 2447 1879 2500 apud

393 2505 508 2553 illos,
543 2506 767 2558 sequitur;
806 2519 909 2545 nam
943 2519 1042 2546 cum
1078 2507 1375 2557 “dracones,”
1406 2522 1485 2561 per
1516 2523 1626 2562 quos
1658 2506 1877 2550 intelletffi

393 2574 497 2607 sunt
534 2568 606 2620 qui
644 2567 822 2620 quidem
859 2569 902 2608 in
944 2568 1092 2621 aliqua
1128 2570 1318 2610 scientia
1355 2571 1666 2623 cognitionum
1703 2572 1794 2613 veri
1831 2578 1878 2612 et

393 2630 497 2669 boni
525 2644 583 2670 ex
610 2630 764 2670 Verbo
791 2637 909 2678 sunt,
939 2631 1016 2671 sed
1044 2645 1181 2684 usque
1209 2645 1298 2672 non
1325 2633 1368 2672 in
1395 2634 1510 2673 veris
1543 2639 1588 2674 et
1621 2633 1750 2674 bonis
1776 2636 1890 2688 quia*

394 2705 485 2732 non
511 2693 554 2732 in
581 2693 674 2732 vita
700 2692 891 2740 illorum,
917 2692 1100 2746 projeffi
1122 2693 1313 2742 fuerunt,
1338 2701 1383 2735 et
1411 2696 1471 2735 sic
1500 2709 1588 2736 non
1616 2696 1806 2750 amplius
1832 2697 1877 2737 in

393 2753 707 2806 conjun6fi0ne
734 2768 833 2795 cum
861 2756 1001 2802 caelo,
1031 2762 1137 2796 tunc
1164 2757 1315 2809 angeli
1341 2765 1561 2798 venerunt
1587 2759 1630 2798 in
1657 2758 1802 2799 lucem
1829 2767 1876 2800 et

334 2833 338 2838 ·
394 2818 688 2870 sapientiam;
730 2819 833 2858 inde
871 2832 1023 2858 eorum
1056 2819 1280 2871 gaudium.
1344 2819 1476 2872 Quod
1511 2821 1660 2874 angeli
1693 2828 1799 2863 tunc
1832 2824 1875 2864 in

394 2879 544 2920 lucem·
572 2887 617 2921 et
649 2882 916 2934 sapientiam
946 2883 1164 2930 venerint,
1194 2895 1328 2922 causa
1359 2889 1469 2932 erat,
1497 2885 1598 2937 quia
1630 2892 1699 2926 est
1731 2899 1876 2926 nexus

394 2943 592 2982 omnium
619 2944 662 2983 in
689 2943 824 2983 caelis
846 2948 881 2983 'a
914 2945 1063 2996 primis
1091 2958 1243 2984 eorum
1269 2945 1325 2985 ad
1352 2952 1633 2998 postremos3
1671 2947 1757 2988 hoc
1789 2955 1872 2997 est,

390 3018 415 3044 a
441 3006 592 3057 primis
620 3006 691 3059 qui
719 3006 761 3046 in
789 3007 948 3047 intimo
976 3020 1051 3047 seu
1078 3007 1214 3048 tertio
1241 3007 1366 3048 caelo
1393 3014 1509 3058 sunt,
1535 3009 1591 3050 ad
1619 3015 1873 3064 postremos
