2054 3464
392 361 504 403 2116
802 370 1131 403 APOCALYPSIS
1162 370 1457 403 EXPLICATA.

591 483 708 515 “Cum
728 483 891 515 deficeret
907 493 1013 524 super
1029 493 1085 515 me
1102 483 1220 515 anima
1236 483 1342 515 mea’'
1359 484 1405 524 (ii.
1424 484 1441 515 8
1461 481 1520 526 [B.
1537 484 1581 515 A.
1600 481 1668 525 7]):

389 575 538 627 agitur
568 575 626 615 ibi
658 575 712 615 de
745 575 1088 623 tentationibus,
1122 581 1168 616 et
1199 589 1277 628 per
1307 575 1426 629 quod
1455 573 1706 616 “deficeret
1737 587 1869 628 super

390 650 491 677 eum
519 638 667 677 anima
692 637 821 689 ejus,'’
843 637 1117 690 significatur
1142 638 1260 691 quod
1286 637 1499 678 deficeret
1525 649 1680 678 verum
1705 635 1794 678 fide
1819 642 1867 678 et

391 697 640 740 intellectu.
701 699 838 752 Apud
863 699 1093 749 Davidem,

458 787 679 819 “Contabuit
696 798 779 828 prae
797 788 1006 828 indignitate
1019 788 1140 820 oculus
1158 798 1266 827 meus,
1283 786 1418 830 [anima
1433 785 1538 829 mea,]
1554 794 1589 819 et
1601 794 1725 819 venter
1740 796 1840 819 meus
1850 785 1868 799 ’¹

563 831 635 870 (Ps.
654 832 746 862 xxxi.
770 840 809 862 10
827 829 885 872 [B.
902 832 947 862 A.
965 829 1036 872 9]);

390 903 508 959 apud
535 906 741 954 eundem,

457 981 475 995 ‘¹
487 980 689 1013 Incurvata.
704 987 772 1013 .est
791 981 835 1012 ad
859 981 1039 1021 pulverem
1060 982 1179 1013 anima
1198 979 1324 1020 fflmea,
1338 981 1497 1014 adhaesit
1515 987 1629 1014 terrae
1645 987 1769 1013 venter
1787 990 1868 1014 nos-

564 1024 646 1055 ter”
663 1024 734 1062 (Ps.
752 1025 834 1056 xliv.
853 1025 894 1055 26
913 1023 971 1066 [B.
984 1026 1028 1056 A.
1047 1023 1138 1066 25]):

391 1117 539 1152 status
585 1112 891 1152 tentationum
941 1126 1018 1165 per
1065 1110 1177 1152 haec
1227 1126 1402 1165 quoque
1450 1112 1738 1153 describitur:
1774 1126 1871 1166 ·per

394 1173 610 1214 “oculum
623 1173 642 1189 ”
673 1173 950 1226 significatur
980 1173 1250 1222 intellectus,
1284 1188 1363 1227 per
1396 1174 1658 1215 “animam''
1683 1173 1793 1215 fides
1823 1180 1869 1215 et

391 1234 649 1276 intellechis
681 1236 786 1284 veri,
821 1250 898 1289 per
926 1236 1202 1277 “ventrem”
1233 1236 1341 1276 fides
1374 1242 1419 1277 et
1450 1235 1706 1277 intelle&us
1737 1236 1868 1287 boni;

392 1298 511 1351 quod
537 1298 622 1338 hoc
650 1312 728 1351 per
753 1302 994 1339 “ventrem
1009 1298 1027 1313 ”
1049 1297 1336 1350 significetur,
1361 1304 1430 1339 est
1452 1299 1552 1351 quia
1575 1304 1733 1339 venter
1757 1299 1869 1339 reci-

392 1361 458 1413 pit
480 1360 642 1409 cibum,
667 1367 712 1400 et
739 1374 816 1413 per
841 1360 1057 1400 “cibum”
1079 1366 1126 1400 et
1151 1364 1352 1413 “panem
1365 1360 1383 1375 '’
1405 1359 1681 1413 significatur
1703 1360 1870 1401 bonum

393 1422 608 1470 nutriens,
654 1422 724 1462 hic
767 1421 1047 1463 intellectum
1088 1428 1134 1462 et
1180 1421 1342 1462 fidem:
1394 1420 1591 1463 defectus
1633 1435 1786 1463 eorum
1825 1422 1870 1462 in

394 1484 662 1532 tentatione,
702 1484 979 1536 significatur
1014 1498 1093 1537 per
1131 1485 1491 1525 “contabescere
1532 1498 1637 1537 prae
1676 1484 1870 1536 indigni·-

393 1546 530 1594 tate,‘’
552 1560 717 1600 perque
743 1547 998 1587 “incurvari
1024 1547 1080 1587 ad
1106 1546 1374 1600 pulverem,”
1396 1553 1442 1588 et
1467 1546 1750 1588 “adhaerere
1775 1553 1869 1588 ter-

395 1609 507 1649 rae.''
566 1609 703 1662 Apud
723 1609 891 1658 Mosen,

458 1697 670 1734 “Dixerunt,
689 1697 805 1729 Nunc.
821 1698 955 1729 .anima
974 1703 1096 1729 nostra
1114 1697 1212 1728 arida
1230 1703 1293 1735 est,
1312 1707 1383 1729 non
1404 1697 1588 1738 quicquam
1611 1697 1680 1729 nisi
1699 1706 1804 1738 quam
1823 1696 1869 1729 ad

566 1751 733 1772 mannam
751 1741 842 1772 oculi
859 1740 1000 1772 nostr1”
1016 1740 1138 1779 (Num.
1156 1741 1200 1772 xi.
1218 1741 1270 1779 6):

392 1826 603 1881 quoniam
640 1840 719 1880 per
758 1826 1041 1867 “mannam’'
1077 1825 1355 1879 significatur
1390 1826 1577 1867 nutritio
1613 1825 1869 1879 spiritualiS,

393 1890 532 1931 etiam
573 1889 684 1930 fides
725 1895 772 1930 et
813 1887 1071 1930 intellectus
1112 1903 1190 1930 seu
1231 1888 1536 1941 intelligentia
1571 1888 1765 1929 hominis
1801 1894 1871 1929 est

394 1966 508 2006 quae
531 1952 821 2005 spiritualiter
843 1953 1111 2000 nutriuntur,
1136 1958 1182 1992 et
1208 1952 1309 2005 quia
1331 1950 1430 1991 filiis
1458 1950 1636 1992 Israelis
1658 1964 1748 1991 non
1774 1956 1871 1991 erat

394 2015 581 2055 nutritio
599 2014 829 2063 naturalis,
849 2027 982 2067 quarn
1000 2020 1153 2055 tamen
1171 2014 1504 2062 desiderabant,
1524 2013 1625 2054 ideo
1642 2013 1870 2061 dixerunt,

397 2076 604 2117 “Anima
629 2083 785 2117 nostra
810 2077 933 2117 arida
959 2083 1043 2125 est,
1072 2090 1162 2117 non
1188 2077 1426 2130 quicquam
1457 2076 1539 2116 nisi
1570 2076 1627 2116 ad
1659 2088 1871 2116 mannam

395 2138 512 2180 oculi
538 2139 681 2179 nostri
698 2139 733 2189 ;''
765 2153 843 2192 per
871 2139 1103 2179 “animam
1130 2139 1298 2179 aridam
1311 2139 1330 2154 ''
1352 2137 1629 2191 significatur
1653 2139 1747 2179 vita
1771 2137 1874 2179 fidei

395 2207 442 2243 et
464 2199 722 2242 intellectus
741 2201 951 2242 deficiens
970 2201 1150 2254 quando
1167 2215 1256 2241 non
1275 2201 1404 2242 simul
1423 2202 1610 2242 nutritio
1628 2195 1845 2242 naturalis
1862 2214 1872 2251 ;

395 2278 475 2318 per
507 2267 635 2303 “non
666 2265 903 2317 quicquam
937 2265 1018 2304 nisi
1056 2264 1176 2317 quod
1208 2264 1265 2304 ad
1303 2277 1515 2304 mannam
1547 2264 1664 2305 oculi
1700 2262 1875 2305 nostri”

396 2325 673 2379 significatur
708 2326 827 2379 quod
864 2326 1010 2366 solum
1048 2327 1105 2367 sit
1148 2327 1334 2367 nutritio
1370 2326 1640 2380 spiritualis;
1686 2333 1732 2367 et
1773 2326 1875 2380 quia

395 2390 512 2430 hanc
543 2389 872 2436 fastidiverunt‚
907 2389 1015 2429 data
1051 2395 1121 2430 est
1156 2389 1244 2429 illis
1279 2402 1384 2430 caro
1418 2388 1766 2430 “coturnicum'’
1797 2402 1876 2430 seu

398 2450 601 2499 “selav‚’'
623 2465 701 2504 per
723 2464 909 2504 quarum
932 2464 1114 2491 carnem
1137 2451 1415 2504 significatur
1437 2452 1623 2492 nutritio
1644 2451 1873 2492 naturalis.

397 2513 449 2555 In
473 2513 608 2554 Libro
628 2513 786 2553 Primo
812 2513 1043 2561 Samuelis,

472 2602 570 2634 Dixit
587 2601 760 2634 Channah
777 2602 821 2633 ad
840 2601 904 2638 Eli,
923 2603 941 2616 ‘⁴
953 2601 1069 2634 Effudi
1086 2602 1240 2643 animam
1260 2612 1375 2634 meam
1393 2613 1511 2634 coram
1527 2602 1689 2644 Jehovah
1702 2602 1720 2615 ”
1737 2602 1771 2643 (i.
1787 2603 1858 2644 15);

398 2704 476 2744 per
495 2689 758 2730 “effundere
776 2689 971 2729 animam
994 2703 1144 2730 coram
1160 2690 1364 2742 Jehovah
1377 2689 1397 2706 ''
1413 2690 1690 2743 significatur
1711 2705 1875 2744 expro-

399 2766 520 2794 mere
557 2752 859 2805 cogitationes
896 2753 1031 2792 animi
1071 2759 1118 2793 et
1154 2753 1301 2794 cordis
1342 2753 1420 2793 sui.
1494 2752 1632 2806 Apud
1667 2753 1875 2806 Evange-

401 2815 547 2865 listas,

466 2903 577 2936 “Non
598 2904 738 2935 solliciti
759 2904 835 2935 sitis
852 2904 992 2935 animae
1010 2910 1158 2943 vestrae,
1176 2904 1259 2945 quid
1278 2904 1371 2936 esuri
1391 2904 1476 2942 sitis,
1495 2911 1530 2936 et
1549 2905 1631 2946 quid
1647 2904 1798 2943 bibituri,
1817 2915 1877 2936 ne-

574 2957 641 2988 que
658 2948 806 2987 corpori,
821 2948 902 2987 quid
921 2948 1074 2979 induturi
1088 2958 1095 2986 ;
1120 2958 1239 2979 nonne
1256 2948 1376 2979 anima
1392 2949 1469 2988 plus
1487 2955 1540 2979 est
1557 2949 1735 2986 alimento,
1750 2955 1785 2980 et
1801 2958 1876 2980 cor-

574 3000 638 3031 pus
657 2990 864 3022 indumento
875 2990 908 3023 ?''
926 2991 1066 3031 (Matth.
1084 2991 1129 3023 vi.
1147 2998 1207 3031 25;
1231 2991 1312 3024 Luc.
1330 2991 1387 3023 xii.
1406 2999 1457 3030 22,
1478 3000 1518 3030 23
1533 2992 1554 3031 z)
