2008 3458
596 412 703 447 CAP.
727 412 850 452 xm„
875 411 1012 444 VERs.
1043 409 1212 443 12.—N.
1238 400 1333 442 822.
1602 407 1710 450 2311

215 531 295 575 aut
326 531 372 573 in
402 529 535 572 bonis
567 527 776 583 operibus
809 532 930 574 sunt,
959 531 1006 567 et
1039 538 1129 566 non
1162 523 1280 578 apud
1312 521 1415 564 illos
1447 520 1520 576 qui
1552 521 1596 562 in
1628 519 1718 561 fide

216 600 430 650 separata
446 593 505 635 ab
522 592 624 641 illis,
643 589 924 644 significatur
942 589 1081 630 etiam
1105 602 1183 642 per
1204 587 1282 628 illa
1299 599 1414 640 quae
1437 585 1494 626 de
1517 584 1652 626 Petro
1670 590 1718 624 et

192 658 425 713 ,Johanne
451 661 775 703 memorantur,

291 757 396 800 Quod
410 766 539 796 nempe
553 757 572 770 “
584 754 709 787 Petrus
723 762 919 785 conversus
933 751 1061 783 viderit
1074 750 1300 791 discipulum,
1314 759 1418 791 quem
1434 748 1579 780 amabat
1593 747 1719 778 Domi-

393 810 470 839 nus,
491 805 712 840 sequentem,
733 798 791 838 qui
812 797 920 828 etiam
940 796 1173 827 accumbebat
1199 795 1235 825 in
1261 803 1349 825 cena
1373 801 1481 833 super
1500 789 1645 832 pectore
1665 790 1720 831 Ip-

394 843 674 881 sius;.‚..hunc
696 841 823 872 videns
855 840 982 871 Petrus
1010 839 1094 870 dicit
1119 838 1164 870 ad
1193 837 1327 879 Jesum‚
1354 836 1520 874 Domine,
1549 835 1606 866 hic
1634 845 1720 866 vero

393 888 500 929 quid?
546 886 641 918 Dicit
658 886 726 926 ipsi
743 885 858 926 Jesus,
874 883 909 915 Si
928 883 1027 914 illum
1046 882 1130 914 volo
1144 891 1290 913 manere
1307 881 1422 912 donee
1440 880 1558 918 venio,
1576 879 1660 920 quid
1676 878 1720 910 ad

394 932 455 965 te?
477 937 515 963 tu
532 939 680 972 sequere
699 928 788 961 Me‘'
806 928 905 970 (Jolz.
925 927 995 959 xxi.
1015 926 1155 966 20—22):

220 1037 342 1093 quod
380 1050 461 1092 per
493 1035 716 1076 “Petrum
729 1034 748 1049 ’⁸
780 1034 840 1074 ibi
877 1031 1158 1086 significetur
1188 1043 1344 1071 verum
1377 1029 1547 1083 absque
1583 1027 1720 1076 bono,

222 1115 300 1144 seu
325 1100 438 1142 fides
460 1105 672 1154 separata
698 1112 724 1139 a
749 1098 881 1138 bonis
904 1096 1128 1150 operibus,
1154 1094 1299 1149 qualis
1321 1093 1406 1134 erit
1429 1092 1541 1133 fides
1563 1093 1607 1132 in
1634 1091 1723 1132 fine

221 1162 464 1212 ecclesiae,
486 1161 698 1203 videatur
719 1173 855 1213 supra
878 1169 923 1208 (n.
941 1159 1105 1206 820[b]),
1129 1157 1204 1197 ubi
1229 1157 1370 1197 etiam
1397 1153 1725 1208 praecedentia

221 1224 457 1280 explicata
498 1229 635 1273 sunt;
682 1228 728 1262 et
770 1221 872 1275 quia
914 1234 994 1274 per
1038 1217 1370 1272 “Johannem''
1412 1215 1726 1270 significantur

222 1288 345 1331 bona
380 1286 633 1334 charitatis,
672 1298 787 1339 quae
824 1290 1049 1349 vocantur
1088 1282 1209 1323 bona
1246 1294 1398 1335 opera,
1438 1286 1486 1321 et
1523 1293 1577 1320 ea
1619 1284 1725 1319 sunt

227 1351 346 1406 apud
387 1350 490 1392 illos
531 1350 606 1404 qui
643 1349 932 1390 constituunt
971 1346 1213 1388 ecclesiam
1252 1345 1450 1394 Domini,
1490 1344 1593 1384 ideo
1635 1356 1726 1384 non

227 1415 386 1457 Petrus
417 1413 498 1455 sed
522 1413 756 1467 Johannes
783 1417 967 1453 secutus
994 1416 1064 1452 est
1098 1410 1360 1458 Dominum,
1389 1414 1436 1449 et
1469 1421 1495 1448 a
1522 1407 1727 1447 Domino

225 1475 396 1520 dictum
422 1483 494 1519 est
521 1477 671 1524 Petro,
694 1474 787 1529 (qui
815 1475 947 1524 dixit,
974 1472 1135 1527 “Quid
1168 1487 1276 1514 vero
1307 1472 1379 1513 hic
1397 1470 1456 1526 ?'')
1484 1470 1568 1512 “Si
1601 1470 1726 1511 illum

228 1539 337 1582 volo
368 1553 552 1582 manere
584 1539 730 1580 donec
763 1538 912 1585 venio,
947 1537 1053 1592 quid
1085 1536 1142 1577 ad
1175 1536 1252 1577 te?
1295 1542 1344 1577 tu
1377 1548 1565 1589 sequere
1598 1533 1674 1574 Me
1693 1532 1728 1583 ;''

227 1617 308 1659 per
337 1617 453 1659 quae
489 1602 775 1656 intelligitur,
810 1601 931 1655 quod
969 1614 1108 1654 usque
1144 1599 1314 1640 bonum
1352 1598 1590 1640 charitatis
1627 1611 1728 1651 per-

229 1674 491 1709 mansurum
517 1667 575 1708 sit
603 1666 721 1720 apud
749 1664 851 1706 illos
877 1664 952 1719 qui
979 1663 1164 1704 Domini
1191 1669 1312 1711 sunt,
1341 1676 1482 1717 usque
1509 1661 1566 1702 ad
1593 1660 1729 1702 finem

231 1729 467 1779 ecclesiae,
495 1737 542 1771 et
569 1729 751 1784 quando
784 1742 903 1768 nova
929 1726 1138 1776 ecclesia,
1167 1733 1214 1768 et
1246 1740 1338 1767 non
1370 1725 1490 1780 apud
1522 1725 1624 1766 illos
1656 1725 1731 1779 qui

229 1794 275 1835 in
306 1790 395 1835 fide
426 1799 639 1848 separata
669 1792 728 1833 ab
758 1791 838 1832 illo
869 1791 993 1832 bono
1025 1796 1157 1840 sunt;
1195 1790 1316 1844 quod
1346 1788 1627 1843 significatur
1653 1802 1732 1842 per

228 1856 310 1898 illa
334 1856 473 1898 verba
497 1856 555 1897 ad
582 1856 780 1903 Petrum,
812 1853 971 1908 “Quid
998 1854 1056 1895 ad
1083 1860 1129 1895 te
1144 1853 1183 1894 ?”
1545 1905 1550 1909 ρ

309 1921 435 1964 822·
474 1919 625 1974 “cujus
651 1922 804 1960 sanata
838 1923 907 1960 est
931 1919 1058 1972 playa
1086 1916 1467 1970 mortis.”—Quod
1503 1916 1732 1970 significet

231 1993 275 2029 et
308 1987 373 2029 sic
405 1986 654 2028 submotam
685 1984 1037 2026 discordantiam
1067 1990 1154 2037 per
1182 1983 1387 2024 inventas
1418 1982 1733 2037 conjunHz’ones

231 2056 414 2104 operum
438 2063 534 2090 cum
547 2048 659 2103 fide,
682 2054 868 2089 constat
895 2061 955 2088 ex
982 2045 1316 2100 significatione
1342 2045 1546 2099 “plagae
1574 2045 1733 2086 mortis

234 2112 456 2155 sanatae‘’
497 2112 617 2166 apud
663 2111 859 2152 bestiam
906 2111 1115 2164 priorem,
1159 2110 1279 2164 quod
1325 2109 1383 2150 sit
1425 2108 1734 2150 discordantia

232 2181 507 2231 apparenter
544 2175 757 2216 submota
795 2188 874 2228 per
909 2175 1122 2215 inventas
1160 2171 1505 2227 conjunctiones
1547 2185 1734 2226 operum

234 2237 339 2281 cum
368 2236 456 2279 fide
487 2247 544 2286 (de
563 2257 628 2286 qua
646 2257 753 2285 supra,
774 2256 804 2276 n.
827 2236 922 2288 786,
938 2247 994 2276 ubi
1014 2247 1127 2276 eadem
1147 2246 1273 2283 verba).
1334 2234 1527 2283 Dicitur,
1560 2235 1734 2274 diSCOI‘-

235 2300 394 2342 dantia
425 2299 640 2341 submota
676 2313 756 2353 per
787 2299 999 2339 inventas
1032 2295 1376 2350 conjunctiones
1410 2310 1596 2350 operum
1634 2309 1734 2337 cum

235 2362 350 2415 fide;
383 2363 464 2404 sed
486 2362 644 2417 quales
667 2368 772 2403 sunt
795 2359 1140 2415 conjunctiones
1163 2362 1221 2402 ab
1248 2360 1334 2401 illis
1361 2361 1590 2408 inventae,
1616 2359 1736 2413 quod

237 2440 402 2481 nempe
439 2427 530 2467 sint
569 2426 719 2480 potius
756 2425 1085 2479 separationes,
1123 2424 1331 2465 videatur
1371 2424 1415 2464 in
1459 2422 1562 2464 loco
1604 2436 1739 2476 supra

237 2491 396 2532 citato.
459 2482 687 2543 Quoniam
706 2495 944 2530 ostensum
967 2494 1038 2529 est
1061 2488 1182 2542 quod
1206 2501 1285 2542 per
1304 2486 1563 2540 Johannem
1582 2485 1738 2539 Apos-

237 2553 384 2596 tolum
409 2553 453 2594 in
481 2552 638 2594 Verbo
664 2551 1070 2605 Evangelistarum
1097 2550 1411 2605 significentur
1437 2550 1558 2590 bona
1584 2563 1736 2603 opera,

238 2631 354 2673 quae
389 2617 528 2658 etiam
566 2622 790 2657 vocantur
827 2616 950 2657 bona
986 2615 1239 2663 charitatis,
1279 2621 1326 2656 et
1363 2614 1484 2654 bona
1520 2614 1657 2662 vitae,
1692 2620 1739 2654 et

239 2680 360 2735 quod
380 2679 628 2734 Johannes,
653 2680 757 2733 quia
782 2679 860 2720 illa
883 2678 1185 2733 significabat,
1211 2678 1474 2719 accubuerit
1497 2677 1554 2717 ad
1581 2675 1739 2730 pectus

241 2743 439 2791 Domini,
473 2742 610 2783 velim
646 2743 691 2782 in
729 2755 847 2783 nunc
885 2742 1181 2796 sequentibus
1214 2741 1459 2782 ostendere
1491 2740 1597 2794 quid
1634 2747 1740 2781 sunt

239 2807 361 2848 bona
387 2819 552 2859 opera3
591 2805 671 2846 sed
698 2804 769 2846 hic
798 2805 950 2853 modo,
979 2805 1099 2858 quod
1126 2804 1248 2845 bona
1275 2817 1412 2857 opera
1439 2804 1482 2844 in
1516 2817 1564 2844 se
1591 2804 1739 2844 conti-

241 2875 383 2910 neant
409 2868 563 2909 omnia
587 2867 826 2909 charitatis
853 2874 900 2909 et
926 2867 1031 2909 fidei
1062 2881 1176 2922 quae
1209 2874 1314 2907 sunt
1347 2866 1465 2920 apud
1492 2865 1739 2907 hominem.

244 2929 481 2974 Haerenus
513 2944 648 2972 nemo
681 2932 809 2972 novit
841 2931 961 2985 quod
993 2932 1037 2971 in
1070 2931 1279 2985 operibus
1311 2931 1402 2971 sint
1434 2930 1587 2971 omnia
1618 2930 1742 2972 vitae

242 2995 453 3044 hominis,
482 2995 585 3048 quia
611 3001 833 3048 apparent
861 2993 1008 3035 solum
1042 2995 1158 3035 sicut
1186 2999 1352 3042 motus,
1381 2993 1454 3047 qui
1486 2993 1590 3047 quia
1621 2993 1740 3047 apud

242 3058 474 3100 hominem
497 3058 669 3108 vivunt,
693 3064 914 3099 vocantur
936 3056 1155 3108 actiones,
1181 3063 1226 3099 et
1254 3057 1327 3111 qui
1350 3055 1463 3098 fiunt
1486 3070 1565 3111 per
1588 3062 1741 3098 motus
