2054 3464
372 350 490 402 2058*
783 359 1113 394 APOCALYPS1S
1144 361 1439 395 EXPLICATA.

545 480 628 502 num
654 477 777 502 contra
801 482 966 512 regnum,
982 479 1016 504 et
1040 479 1143 505 erunt
1166 474 1291 512 fames,
1311 481 1345 506 et
1369 480 1487 515 pestes
1513 481 1547 506 et
1571 481 1686 506 terrae
1705 474 1851 508 motus”

548 514 688 553 (splattlz.
706 517 797 546 xxiv.
818 513 915 554 [ΗΞ-7
932 525 938 553 ;
971 517 1080 548 Marc.
1097 517 1167 549 xiii.
1186 515 1284 549 [²]6-8
1300 527 1306 556 ;
1334 519 1416 549 Luc.
1434 519 1501 549 xxi.
1522 516 1584 559 [8‚]
1603 519 1720 559 9—11):

367 601 478 642 haec
502 616 527 642 a
554 602 749 643 Domino
772 603 828 643 ad
852 603 1093 655 discipulos
1116 603 1234 646 dieta
1255 612 1358 646 sunt
1385 605 1441 646 de
1460 606 1850 647 ‘consummatione

369 665 546 713 saeculi,
578 679 655 717 per
686 679 819 719 quam
846 666 1121 718 significatur
1152 674 1298 708 status
1331 668 1547 708 ecclesiae
1574 669 1721 722 quoad
1747 668 1850 710 ulti-

370 740 488 767 mum
521 727 625 779 ejus,
660 728 733 780 qui
768 729 811 767 in
844 728 930 768 illis
962 729 1181 782 capitibus
1213 730 1503 780 describitur;
1547 744 1682 783 quare
1714 732 1850 771 etiam

369 789 634 842 intelligitur
660 791 911 831 successiva
938 793 1163 843 perversio
1189 799 1234 833 et
1266 792 1516 833 falsificatio
1546 794 1638 833 veri
1669 799 1714 834 et
1746 793 1851 834 boni

369 852 521 900 Verbi,
543 866 679 906 usque
703 853 807 893 dum
831 866 920 894 non
944 855 1000 894 sit
1023 855 1104 894 nisi
1126 868 1258 907 quarn
1281 854 1439 894 falsum
1462 862 1507 895 et
1531 855 1633 895 inde
1656 854 1821 895 malum
1840 870 1848 906 ;

367 929 445 968 per
485 916 585 955 illos
626 916 736 968 “qui
773 917 947 956 venturi
987 917 1031 956 in
1071 918 1249 957 nomine
1288 917 1443 969 Ipsius,
1483 924 1528 958 et
1568 931 1615 958 se
1655 915 1850 958 dietum

367 977 607 1026 Christum,
641 985 687 1018 et
719 978 886 1018 multos
919 977 1179 1027 sedu&uri,''
1212 979 1486 1032 significatur
1523 980 1642 1033 quod
1673 981 1850 1021 venturi

367 1041 440 1093 qui
463 1041 613 1080 dicent
637 1041 720 1081 hoc
745 1055 841 1081 esse
865 1041 1075 1081 Divinum
1098 1041 1281 1090 Verum,
1307 1055 1405 1082 cum
1430 1049 1582 1082 tamen
1605 1048 1675 1083 est
1697 1054 1849 1083 verum

367 1102 661 1151 falsificatum,
690 1103 809 1155 quod
837 1103 879 1142 in
911 1117 958 1143 se
985 1110 1054 1144 est
1079 1103 1264 1154 falsum;
1304 1118 1381 1156 per
1409 1104 1705 1145 “Christum'’
1731 1105 1850 1145 enim

366 1164 633 1217 intelligitur
678 1164 897 1205 Dominus
943 1165 1090 1218 quoad
1136 1166 1346 1206 Divinum
1387 1166 1570 1215 Verum,
1613 1174 1659 1208 at
1703 1167 1762 1208 ibi
1805 1168 1850 1208 in

366 1228 576 1279 opposito
608 1241 741 1267 sensu
773 1227 1078 1268 falsificatum:
1116 1229 1234 1281 quod
1269 1229 1497 1269 “audituri
1530 1230 1618 1270 sint
1650 1229 1771 1270 bella
1801 1236 1847 1271 et

365 1301 564 1328 rumores
582 1289 840 1338 bellorum,”
858 1290 1078 1342 significat
1096 1290 1214 1343 quod
1231 1292 1479 1331 exstiturae
1497 1291 1849 1344 disceptationes

366 1357 412 1390 et
439 1350 540 1391 lites
567 1352 623 1391 de
648 1353 774 1399 veris,
800 1359 845 1392 et
872 1353 974 1392 inde
1001 1352 1358 1394 falsificationes:
1392 1354 1510 1407 quod
1536 1355 1850 1395 “excitabitur

366 1426 479 1465 gens
506 1420 664 1454 contra
685 1421 885 1467 gentem,
911 1421 956 1455 et
983 1429 1170 1468 regnum
1197 1423 1355 1456 contra
1381 1416 1606 1468 regnum‚”
1629 1416 1849 1469 significat

366 1476 485 1529 quod
513 1483 814 1528 pugnaturum
842 1477 1009 1517 malum
1041 1490 1142 1518 curn
1174 1478 1293 1518 malo
1319 1485 1365 1519 et
1390 1478 1549 1518 salsum
1581 1492 1682 1519 cum
1710 1478 1848 1530 falso;

367 1552 470 1578 nam
498 1539 615 1579 mala
640 1539 756 1579 inter
783 1553 828 1579 se
852 1553 1070 1592 nusquam
1093 1541 1379 1590 conveniunt,
1405 1554 1486 1581 nec
1514 1540 1624 1581 falsa
1645 1541 1761 1581 inter
1786 1554 1847 1590 se,

366 1615 479 1654 quae
506 1615 640 1641 causa
665 1608 735 1642 est
767 1602 886 1655 quod
913 1602 1129 1643 ecclesiae
1156 1604 1272 1643 inter
1297 1617 1344 1643 se
1376 1604 1543 1644 divisae
1570 1604 1672 1651 sint,
1701 1609 1747 1644 et
1778 1609 1849 1644 tot

365 1664 574 1704 haereses
606 1665 880 1716 prodierint;
928 1665 1107 1718 “gens'‘
1138 1666 1359 1718 significat
1396 1666 1496 1706 illos
1533 1667 1606 1719 qui
1641 1667 1684 1706 in
1721 1666 1850 1706 malis

366 1733 484 1775 sunt,
519 1733 564 1767 et
595 1731 819 1779 “regnum
833 1727 850 1742 ”
876 1727 976 1768 illos
1009 1729 1081 1780 qui
1112 1729 1156 1768 in
1187 1728 1320 1776 falsis,
1355 1743 1413 1768 ex
1445 1729 1603 1781 quibus
1634 1728 1847 1769 ecclesia:

365 1790 485 1842 quod
516 1793 683 1830 “erunt
715 1790 866 1837 fames,
899 1797 944 1831 et
977 1797 1127 1842 pestes
1160 1797 1205 1831 et
1237 1797 1381 1831 terrae
1413 1790 1601 1839 motus,’'
1627 1789 1849 1843 significat

366 1852 486 1905 quod
528 1852 717 1905 amplius
761 1853 909 1892 nullae
948 1854 1231 1905 cognitiones
1266 1854 1358 1893 veri
1399 1861 1444 1894 et
1485 1853 1604 1902 boni,
1643 1859 1689 1894 et
1729 1849 1848 1906 quod

365 1922 551 1967 propter
575 1916 686 1955 falsa
713 1929 824 1968 quae
851 1913 1065 1955 infectura
1092 1923 1210 1964 sunt,
1239 1922 1384 1956 status
1410 1916 1626 1956 ecclesiae
1653 1922 1847 1956 mutare-

365 1986 462 2027 tur;
500 1978 707 2018 “fames”
729 1984 797 2018 est
825 1979 1015 2031 privatio
1041 1979 1350 2030 cognitionum
1372 1979 1463 2018 veri
1489 1985 1535 2019 et
1561 1978 1679 2027 boni,
1707 1981 1847 2031 “pes-

364 2040 466 2080 tes''
507 2047 611 2080 sunt
656 2039 918 2081 infe<ffiones
964 2055 989 2080 a
1033 2041 1166 2089 falsis,
1209 2047 1254 2081 et
1297 2044 1480 2081 “terrae
1525 2040 1704 2081 motus”
1745 2047 1848 2081 sunt

366 2103 582 2143 ecclesiae
609 2105 896 2144 mutationes.
959 2103 1182 2156 Quoniam
1212 2103 1400 2143 “bella'’
1426 2105 1469 2144 in
1497 2103 1650 2144 Verbo
1679 2102 1846 2156 signifi-

365 2172 471 2206 cant
494 2166 613 2206 bella
637 2166 895 2218 spiritualia,
921 2180 1032 2219 quae
1054 2173 1156 2206 sunt
1180 2179 1357 2218 pugnae
1380 2166 1475 2206 falsi
1499 2172 1658 2206 contra
1678 2178 1845 2213 verum,

365 2236 413 2269 et
444 2230 536 2269 veri
569 2236 727 2269 contra
758 2229 931 2277 falsum,
959 2229 1060 2269 ideo
1092 2242 1268 2281 pugnae
1299 2228 1401 2268 illae
1434 2229 1746 2269 describuntur
1771 2242 1849 2281 per

368 2292 573 2331 “bellum
597 2293 714 2332 inter
736 2305 888 2344 regem
912 2292 1230 2344 septentrionis
1258 2298 1415 2332 contra
1437 2304 1588 2344 regem
1611 2291 1848 2339 meridiei,''

364 2362 409 2395 et
430 2368 506 2406 per
523 2358 758 2407 “pugnam
777 2355 884 2394 hirci
901 2367 1131 2406 caprarum
1147 2360 1302 2394 contra
1314 2353 1538 2402 arietem‚''
1551 2354 1669 2406 apud
1683 2354 1847 2395 Danie-

364 2418 475 2464 leam
507 2417 562 2457 de
586 2417 706 2457 bello
732 2419 848 2457 inter
873 2430 1024 2469 regem
1048 2417 1365 2469 septentrionis
1388 2423 1432 2457 et
1458 2429 1610 2469 regem
1633 2417 1844 2465 meridiei,

364 2494 458 2533 cap.
486 2480 565 2530 xi.;
605 2486 650 2520 et
683 2480 738 2520 de
771 2493 922 2532 pugna
947 2480 1055 2519 hirci
1081 2492 1313 2531 caprarum
1339 2485 1496 2519 contra
1522 2480 1721 2526 arietem,
1750 2492 1845 2531 cap.

363 2543 467 2592 viii.;
501 2549 546 2582 et
571 2542 629 2582 ibi
658 2555 735 2594 per
760 2546 953 2594 “regem
979 2542 1298 2594 septentrionis
1311 2541 1328 2556 ”
1350 2541 1662 2593 intelliguntur
1686 2540 1748 2580 illi
1774 2541 1847 2594 qui

364 2606 408 2644 in
440 2605 559 2644 falsis
592 2611 709 2652 sunt,
745 2611 790 2644 et
823 2618 901 2656 per
934 2608 1125 2656 “regem
1157 2603 1383 2643 meridiei’'
1409 2604 1481 2656 qui
1513 2604 1556 2642 in
1588 2603 1729 2643 veris:
1768 2615 1847 2655 per

367 2669 575 2708 “hircum
589 2667 606 2682 '’
630 2666 937 2719 significantur
962 2667 1034 2720 qui
1060 2667 1103 2706 in
1129 2666 1249 2706 falsis
1276 2664 1504 2706 doctrinae
1530 2666 1631 2718 quia
1656 2666 1700 2705 in
1726 2665 1846 2706 malo

362 2733 497 2779 vitae,
522 2737 567 2770 et
594 2744 672 2782 per
697 2733 721 2750 “
737 2730 953 2770 arietem’'
975 2731 1047 2782 qui
1072 2731 1115 2769 in
1141 2730 1255 2769 veris
1277 2727 1506 2768 doctrinae
1529 2729 1630 2781 quia
1655 2729 1699 2768 in
1726 2728 1846 2768 bono

362 2795 495 2834 vitae.
557 2793 630 2832 Ex
662 2792 729 2832 his
762 2799 969 2832 constare
996 2798 1147 2844 potest
1173 2791 1277 2844 quid
1304 2790 1579 2843 significatur
1605 2804 1683 2843 per
1711 2790 1844 2830 “bel-

363 2857 454 2897 lum
466 2856 485 2871 ”
511 2856 648 2896 etiam
674 2855 778 2895 alibi
805 2856 847 2894 in
874 2854 1158 2907 Apocalypsi,
1187 2860 1235 2894 ut
1260 2854 1303 2893 in
1330 2853 1620 2906 sequentibus
1638 2867 1706 2893 :-
1748 2866 1751 2867 ⁷

429 2947 446 2960 ¹*
458 2946 589 2987 Quum.
605 2944 639 2976 .'’
657 2950 765 2976 testes
784 2945 1029 2975 “absolverint
1046 2943 1288 2974 testimonium
1306 2952 1418 2980 suum,
1433 2943 1556 2980 bestia,
1571 2952 1659 2982 quae
1677 2942 1844 2974 ascendet

536 2999 580 3019 ex
599 2990 739 3028 abysso,
758 2988 862 3019 faciet
882 2988 1013 3019 bellum
1034 2997 1112 3018 cum
1133 2987 1212 3025 illis,
1233 2992 1268 3018 et
1287 2986 1403 3017 vincet
1424 2986 1503 3017 illos
1524 2993 1558 3017 et
1578 2986 1712 3017 occidet
1735 2986 1814 3018 illos
1827 2985 1844 2998 ’¹

537 3032 594 3072 (xi-
614 3034 667 3071 7>;
