2008 3458
413 368 523 422 2258
824 378 1154 412 APOCALvPffls
1185 380 1483 413 EXPLICATA.

410 490 522 532 alius
545 492 659 533 sicut
683 491 796 532 filius
820 492 1015 544 Mariae;
1049 499 1095 535 et
1118 494 1220 548 quia
1241 494 1305 536 ita
1327 495 1612 549 distinguunt
1635 492 1894 546 Dominum,
1936 539 1940 541 ,
1996 479 2008 527 ⁴³

416 570 549 597 nemo
582 557 735 609 Ipsum
761 556 883 597 adire
910 563 1078 609 potest,
1107 558 1189 598 nisi
1214 557 1324 599 velit
1351 559 1472 599 adire
1506 559 1658 612 Ipsum
1685 565 1733 600 ut
1757 559 1896 600 alium

412 620 526 659 sicut
555 619 715 665 Deum,
744 625 789 659 et
817 619 952 659 alium
979 620 1095 660 sicut
1127 619 1368 661 hominem.
1431 621 1555 661 Talis
1586 621 1687 662 idea
1712 621 1768 663 de
1800 621 1894 664 Do-

412 683 533 722 mino
573 682 653 722 fuit
694 696 720 722 a
765 682 907 734 prima
951 682 1277 724 instauratione
1318 683 1550 732 ecclesiae,
1595 690 1643 725 ut
1683 690 1896 727 constare

409 751 562 797 potest
602 759 661 785 ex
699 745 877 797 scriptis
915 744 1111 793 Panum,
1145 751 1191 786 et
1229 753 1389 798 postea
1426 760 1451 786 a
1489 747 1666 799 scriptis
1703 745 1895 788 filiorum
1968 800 1979 810 ·

410 820 575 847 eorum.
650 806 784 860 Quod
820 807 1040 847 Dominus
1077 808 1120 847 in
1159 808 1351 849 ecclesia
1389 823 1413 848 a
1451 810 1668 862 principio
1705 808 1797 862 ejus
1831 809 1895 851 ita

408 870 573 910 divisus
596 870 668 916 sit,
693 875 762 910 est
789 870 891 922 quia
917 882 1006 909 non
1033 869 1360 911 intellexerunt
1385 871 1614 921 Verbum;
1639 879 1743 912 nam
1769 871 1843 912 ubi
1867 885 1894 918 a

408 932 603 972 Domino
622 933 879 972 nominatur
898 932 1042 980 Pater,
1063 933 1282 973 creditum
1305 940 1374 974 est
1393 934 1512 986 quod
1536 940 1657 974 esset
1681 933 1894 975 Divinum

409 993 673 1035 distinetum
688 995 745 1034 ab
761 994 903 1047 Ipsius
921 994 1152 1045 Human03
1172 1008 1272 1035 cum
1289 1002 1442 1036 tamen
1459 996 1695 1036 manifeste
1709 1002 1894 1046 constat

406 1057 523 1109 apud
549 1057 826 1097 Mattlcaemn
852 1063 898 1097 et
925 1057 1041 1110 apud
1064 1057 1226 1098 Lucam
1252 1058 1371 1111 quod
1399 1058 1618 1098 Dominus
1644 1064 1893 1111 conceptus

407 1120 464 1160 sit
491 1120 548 1160 ab
573 1120 670 1172 ipso
698 1120 876 1168 Divino,
901 1119 1020 1172 quod
1048 1120 1180 1160 Pater
1205 1119 1410 1169 vocatur,
1439 1127 1484 1161 et
1513 1121 1574 1160 sic
1602 1120 1721 1174 quod
1747 1121 1892 1174 ipsum

406 1182 517 1223 illud
557 1183 768 1223 Divinum
800 1183 858 1223 sit
893 1183 937 1223 in
970 1183 1114 1236 Ipsius
1153 1183 1379 1231 Humano,
1415 1184 1529 1223 sicut
1561 1190 1630 1224 est
1662 1183 1812 1238 anima
1846 1183 1892 1224 in

406 1259 487 1286 suo
518 1259 731 1298 corpore;
775 1258 826 1286 ac
861 1245 1011 1285 anima
1043 1251 1088 1285 et
1121 1258 1282 1298 corpus
1317 1252 1420 1286 sunt
1458 1259 1545 1286 una
1579 1246 1799 1286 Persona:
1844 1252 1891 1288 et

406 1309 526 1362 quod
559 1310 717 1349 mirum
749 1314 833 1357 est,
862 1308 948 1348 hoc
981 1307 1113 1348 claris
1145 1308 1292 1348 verbis
1323 1309 1462 1349 etiam
1489 1309 1624 1350 docet
1658 1307 1892 1350 Confessio

406 1371 738 1420 Athanasiana,
759 1382 872 1424 quae
895 1377 964 1411 est
983 1369 1188 1411 doetrina
1206 1370 1261 1411 de
1285 1370 1384 1413 Deo
1407 1372 1449 1411 in
1474 1372 1680 1412 universo
1699 1370 1890 1412 Christi-

406 1448 493 1474 ano
520 1434 642 1482 orbe,
671 1427 903 1475 ettamen
929 1434 1007 1474 vix
1039 1433 1196 1486 aliquis
1228 1434 1272 1473 in
1299 1447 1351 1474 ea
1378 1434 1659 1475 confessione
1690 1433 1890 1474 attendit

405 1497 462 1537 ad
488 1497 624 1546 illud;
658 1497 777 1550 quod
804 1509 893 1536 non
921 1496 1218 1544 attenderint,
1247 1497 1395 1549 patuit
1424 1496 1530 1536 mihi
1557 1510 1582 1536 a
1613 1496 1768 1537 multis
1794 1501 1890 1536 tam

405 1560 589 1600 eruditis
612 1572 745 1612 quam
769 1572 859 1599 non
882 1559 1067 1599 eruditis
1094 1564 1197 1611 post
1226 1565 1434 1607 mortem,
1459 1572 1560 1599 cum
1583 1559 1741 1612 quibus
1763 1557 1888 1599 locu-

405 1629 477 1663 tus
515 1635 626 1670 sum,
661 1622 915 1662 dicentibus
946 1621 1066 1675 quod
1101 1634 1191 1662 non
1228 1621 1272 1661 id
1310 1621 1537 1669 sciverint,
1571 1621 1650 1662 sed
1681 1620 1802 1675 quod
1832 1620 1889 1661 de

405 1684 520 1725 Filio
547 1685 630 1725 Dei
657 1685 714 1725 ab
735 1691 923 1726 aeterno
949 1685 1251 1737 cogitaverint
1278 1685 1392 1725 sicut
1420 1684 1474 1725 de
1502 1685 1665 1724 Divina
1692 1684 1888 1725 Persona

405 1761 535 1800 supra
560 1747 819 1787 Humanum
843 1747 1000 1800 Ipsius,
1020 1747 1249 1787 assidente
1272 1747 1328 1787 ad
1352 1747 1563 1788 dextram
1588 1747 1731 1788 Patris
1747 1740 1762 1786 ε’
1791 1752 1888 1787 tum

404 1811 541 1850 etiam
573 1810 692 1863 quod
730 1823 812 1850 nec
846 1809 1126 1850 attenderint
1163 1810 1220 1850 ad
1257 1809 1334 1850 illa
1365 1810 1500 1850 verba
1538 1809 1734 1859 Domini,
1768 1809 1888 1863 quod

406 1873 578 1913 “Pater
604 1879 650 1913 et
684 1873 785 1925 Ipse
812 1885 948 1912 unum
979 1871 1110 1920 sint‚'’
1136 1878 1231 1913 tum
1258 1872 1378 1925 quod
1404 1873 1576 1913 “Pater
1601 1873 1645 1912 in
1677 1872 1782 1925 Ipso
1813 1871 1886 1920 sit,

403 1948 454 1975 ac
489 1935 589 1988 Ipse
616 1936 660 1975 in
693 1934 863 1975 Patre.”
925 1934 999 1975 Ex
1032 1934 1101 1975 his
1127 1941 1337 1975 constare
1370 1941 1523 1988 potest
1551 1934 1670 1988 quod
1697 1933 1889 1975 ecclesia

404 2011 494 2038 non
513 1998 751 2050 agnoverit
774 1997 986 2037 Divinum
1010 1997 1192 2038 Domini
1215 1998 1258 2038 in
1284 1997 1497 2038 Humano
1516 1997 1660 2050 Ipsius
1677 2010 1703 2037 a
1724 1997 1887 2050 princi-

403 2061 476 2113 pio
494 2059 584 2112 ejus
603 2074 611 2110 ;
639 2066 685 2100 et
703 2059 822 2113 quod
841 2059 926 2100 hoc
946 2060 1003 2100 sit
1024 2060 1143 2113 quod
1162 2059 1440 2112 significatur
1456 2073 1534 2113 per
1551 2059 1671 2113 quod
1692 2058 1887 2112 “Agnus

404 2121 627 2163 mactatus
654 2123 712 2162 sit
738 2135 764 2162 a
790 2122 1052 2162 fundatione
1080 2121 1271 2162 mundi.”

482 2190 618 2232 808.
649 2200 754 2238 [Vm.
770 2200 813 2238 9.]
840 2189 915 2230 “Si
930 2189 1019 2242 quis
1034 2189 1157 2230 habet
1170 2202 1325 2236 aut-em,
1343 2189 1719 2242 audiat,''—Quod
1741 2189 1886 2242 signi·

403 2250 506 2291 ficet
537 2250 815 2302 receptionem
848 2249 902 2290 ab
940 2250 1031 2290 illis
1068 2250 1146 2303 qui
1177 2250 1222 2290 in
1253 2250 1472 2290 z'ntellec‘lu
1503 2250 1601 2290 veri
1632 2256 1674 2290 et
1707 2249 1808 2291 inde
1841 2250 1887 2291 in

396 2313 669 2366 perceptione
703 2312 804 2352 boni
834 2318 949 2361 sunt,
989 2319 1168 2353 constat
1204 2326 1263 2353 ex
1300 2311 1628 2364 significatione
1667 2311 1751 2353 “Si
1787 2313 1885 2366 quis

402 2376 540 2416 habet
571 2388 735 2423 aurem,
769 2374 960 2423 audiatss'
991 2375 1109 2428 quod
1140 2376 1197 2416 sit
1228 2375 1301 2428 qui
1332 2375 1545 2428 intelligit
1577 2382 1623 2416 et
1659 2375 1885 2417 auscultat

402 2437 524 2490 quod
551 2436 773 2476 Dominus
799 2436 843 2475 in
869 2435 1026 2476 Verbo
1052 2436 1190 2476 docet
1218 2447 1272 2483 (de
1292 2455 1355 2483 qua
1370 2455 1474 2483 supra,
1490 2455 1520 2476 n.
1543 2437 1631 2481 108,
1654 2437 1742 2481 180.
1759 2445 1884 2489 255);

402 2498 505 2539 inde
536 2498 672 2538 etiam
704 2510 781 2566 per
812 2496 887 2536 illa
914 2497 1050 2536 verba
1078 2496 1354 2549 significatur
1380 2497 1579 2549 receptio
1606 2496 1755 2537 Divini
1777 2496 1886 2537 Veri

402 2559 459 2599 ab
489 2558 573 2599 illis
599 2559 672 2612 qui
703 2560 745 2598 in
771 2557 1004 2599 intellectu
1031 2558 1123 2611 ejus
1148 2566 1276 2599 sunt:
1312 2559 1430 2612 quod
1457 2560 1594 2600 etiam
1625 2559 1713 2599 sint
1739 2559 1812 2612 qui
1841 2558 1885 2599 in

402 2622 690 2674 perceptione
713 2621 830 2670 boni,
855 2627 924 2661 est
948 2622 1050 2674 quia
1075 2624 1198 2673 per“
1211 2634 1360 2662 aurem
1383 2621 1578 2661 habere”
1596 2627 1642 2662 et
1667 2621 1854 2661 “audire
1865 2620 1886 2636 ”

402 2684 675 2737 significatur
702 2691 796 2725 tam
827 2684 1079 2737 intelligere
1109 2697 1261 2725 verum
1284 2698 1416 2738 quam
1439 2685 1664 2738 percipere
1690 2684 1883 2735 bonum3

402 2746 652 2799 intelligere
679 2760 831 2787 verum
858 2753 927 2787 est
956 2747 1260 2799 cogitationis,
1288 2760 1339 2787 ac
1372 2748 1597 2800 percipere
1623 2747 1790 2787 bonurn
1814 2753 1884 2787 est

401 2808 659 2858 affe6>cionis‚
693 2823 744 2850 ac
781 2817 1017 2862 utrumque
1049 2816 1117 2850 est
1153 2810 1269 2849 auris
1308 2823 1384 2849 seu
1417 2810 1680 2859 auditionis;
1723 2809 1911 2850 transit'

401 2872 519 2912 enim
551 2872 670 2925 quod
706 2873 844 2912 intrat
880 2885 1031 2912 aurem
1068 2871 1111 2911 in
1147 2872 1289 2911 visum
1326 2870 1595 2919 intellectus,
1629 2877 1675 2911 et
1706 2884 1882 2924 quoque

400 2935 443 2974 in
473 2933 751 2975 affe<ffionem
778 2934 1050 2984 voluntatis3
1083 2947 1216 2987 quare
1243 2947 1321 2986 per
1350 2933 1566 2974 “aurem’'
1593 2939 1638 2974 et
1665 2947 1742 2986 per
1770 2936 1883 2973 “au-

400 2997 521 3038 dire’'
535 2996 808 3050 significatur
825 2996 1092 3038 auscultatio
1109 3003 1155 3038 et
1173 2996 1453 3047 obedientia3
1482 2997 1582 3037 inde
1600 3010 1677 3050 per
1693 2996 1880 3038 “audire
