2098 3476
415 359 518 412 1968
821 369 1151 402 APOCALYPSIS
1182 370 1479 403 EXPLICATA.

408 495 596 534 regnum
642 481 840 522 caeleste
884 482 1045 522 dicitur
1090 482 1162 523 ubi
1206 483 1416 537 recipitur
1458 483 1668 523 Divinum
1711 482 1886 524 Bonum

407 545 658 597 procedens
700 559 724 584 a
767 544 978 593 Domino,
1011 551 1057 585 et
1094 559 1280 598 regnum
1313 546 1541 599 spirituale
1573 546 1645 586 ubi
1676 545 1887 598 recipitur

409 607 619 648 Divinum
643 607 814 647 Verum
833 621 840 657 ;
874 621 1009 660 quare
1030 607 1241 648 Divinum
1259 608 1429 649 Verum
1453 623 1529 662 per
1550 612 1574 628 “
1588 615 1739 649 vestes
1757 607 1885 648 Aha-

407 669 556 709 ronis’'
583 671 626 709 in
658 683 824 722 genere
851 668 1138 721 significatur,
1167 683 1217 710 ac
1246 684 1324 723 per
1351 670 1646 723 “ephodum'’
1675 670 1886 711 Divinum

407 730 577 771 Verum
610 732 652 771 in
685 731 867 779 ultimis,
901 733 1111 784 quoniam
1144 739 1240 773 erat
1272 731 1461 774 amiotus
1493 733 1687 774 ultimus
1750 731 1885 785 Quod

409 793 630 834 “vestes''
662 794 704 833 in
741 807 907 845 genere
940 793 1192 846 significent
1218 809 1336 843 vera,
1365 809 1415 835 ac
1447 799 1639 835 “vestes
1672 793 1886 834 Domini''

406 869 519 908 quae
551 863 854 909 apparuerunt
892 857 1006 897 sicut
1043 857 1121 897 lux
1159 858 1378 898 candidae
1409 858 1589 911 quando
1621 870 1772 905 coram
1805 857 1885 898 tri-

406 918 487 957 bus
519 918 747 971 discipulis
780 918 1125 959 transformatus
1162 920 1255 969 fuit,
1290 919 1641 972 significaverint
1675 919 1886 960 Divinum

407 980 575 1020 Verum
613 981 862 1033 procedens
899 981 956 1020 ab
997 981 1116 1034 Ipso,
1150 995 1201 1022 ac
1244 982 1448 1022 similiter
1482 985 1671 1022 “vestes
1704 981 1887 1022 Domini

406 1054 430 1079 a
457 1041 674 1081 militibus
699 1041 911 1088 divisae‚”
932 1041 1140 1082 videatur
1165 1056 1298 1095 supra
1325 1053 1368 1090 (n.
1389 1042 1455 1093 64,
1476 1042 1541 1094 65,
1568 1051 1656 1094 195,
1678 1051 1771 1094 271.
1794 1050 1886 1094 395,

404 1109 552 1151 475[a]‚
576 1100 670 1151 476,
695 1100 820 1151 637):
863 1100 968 1140 inde
1009 1107 1222 1141 constare
1258 1107 1412 1154 potest
1452 1101 1572 1154 quod
1613 1115 1691 1154 per
1731 1101 1886 1140 “duo-

406 1161 551 1201 decim
593 1161 766 1214 lapides
808 1162 849 1201 in
894 1159 1110 1214 pe6'torali
1153 1162 1347 1215 ephodi‘’
1380 1162 1634 1214 significata
1674 1162 1764 1202 sint
1806 1161 1886 1202 Di·
1941 1191 1944 1194 -

405 1223 509 1263 vina
550 1237 655 1263 vera
697 1224 740 1263 in
782 1223 965 1271 ultimis,
1000 1224 1203 1265 similiter
1243 1238 1294 1265 ac
1337 1238 1414 1278 per
1459 1225 1732 1264 “duodecim
1773 1223 1886 1264 filios

407 1285 615 1326 Israelis''
661 1292 707 1326 et
753 1299 830 1338 per
874 1285 1148 1326 “duodecim
1194 1286 1383 1336 tribus;'’
1429 1287 1548 1340 quod
1590 1300 1667 1339 per
1712 1286 1795 1326 hos
1838 1291 1886 1326 et

408 1348 510 1388 illos
542 1350 584 1388 in
618 1348 772 1389 Verbo
804 1347 1111 1401 significentur
1143 1363 1248 1390 vera
1279 1349 1497 1390 ecclesiae
1529 1350 1571 1389 in
1603 1349 1724 1389 omni
1756 1361 1885 1389 com-

406 1410 562 1462 plexu,
590 1410 801 1450 videatur
832 1424 966 1463 supra
999 1420 1043 1458 (n.
1067 1421 1161 1461 431,
1185 1410 1295 1462 657).
1353 1409 1487 1462 Quod
1519 1409 1749 1462 pectorale
1774 1407 1886 1449 illud

405 1485 463 1510 ex
497 1470 716 1523 lapidibus
749 1472 971 1524 pretiosis,
1000 1472 1081 1511 sub
1112 1472 1268 1524 quibus
1301 1472 1482 1511 nomina
1509 1471 1745 1511 duodecim
1771 1469 1885 1512 filio-

405 1546 500 1573 rum
543 1533 722 1573 Israelis
763 1540 906 1582 erant,
941 1532 1193 1575 confe6tum
1225 1533 1369 1581 suerit,
1403 1539 1500 1573 erat
1537 1539 1584 1573 ut
1627 1546 1704 1586 per
1744 1533 1787 1573 id
1813 1546 1883 1574 re·
1919 1562 1922 1564 -

405 1609 570 1648 sponsa
607 1610 630 1636 e
673 1596 801 1636 caelo
842 1597 1022 1645 ferrent,
1056 1610 1168 1649 quae
1204 1595 1479 1636 sistebantur
1511 1596 1554 1635 in
1592 1593 1806 1648 pec'torali
1837 1601 1884 1636 et

405 1672 462 1698 ex
494 1658 572 1698 illo
604 1672 682 1711 per
713 1659 1047 1711 variegationes
1074 1658 1274 1699 colorum
1306 1671 1364 1698 ex
1397 1658 1616 1710 lapidibus
1648 1656 1734 1697 illis
1761 1656 1885 1698 efful-

405 1721 634 1773 gentium:
671 1722 917 1762 secundum
941 1721 1379 1774 repraesentationes
1402 1720 1662 1760 Divinorum
1681 1732 1886 1760 verorum

404 1784 446 1823 in
474 1783 624 1831 caelis,
646 1784 718 1823 ubi
743 1783 905 1824 Divina
926 1798 1044 1832 vera,
1065 1797 1178 1836 quae
1201 1797 1226 1822 a
1250 1782 1445 1822 Domino
1464 1796 1541 1834 per
1559 1781 1710 1822 caelos
1731 1795 1885 1822 versus

403 1846 608 1885 inferiora
631 1846 843 1893 defluunt,
868 1847 1085 1886 sistuntur
1108 1859 1185 1898 per
1208 1845 1408 1885 colorum
1432 1844 1788 1896 variegationes;
1821 1857 1881 1884 ex

403 1908 561 1960 quibus
587 1914 797 1948 constare
824 1914 978 1961 potest
1005 1908 1124 1961 quod
1155 1921 1232 1960 per
1256 1907 1464 1960 “lapides
1495 1906 1596 1946 illos
1628 1906 1850 1958 pretiosos
1862 1905 1882 1920 ’'

404 1969 542 2007 etiam
569 1968 827 2020 significata
853 1969 943 2008 sint
970 1968 1135 2008 Divina
1160 1977 1266 2007 vera
1292 1967 1335 2006 in
1362 1967 1546 2006 ultimis.
1606 1977 1683 2014 (Sed
1698 1977 1776 2005 haec
1791 1977 1885 2014 plene

403 2031 559 2067 explicata
574 2032 740 2059 videantur
759 2032 791 2059 in
812 2032 948 2060 Arcanis
971 2032 1164 2065 Caelestibus,
1185 2040 1215 2059 n.
1235 2029 1469 2067 9856-[¹]9909:
1494 2034 1524 2058 et
1544 2030 1584 2058 de
1600 2026 1710 2058 “binis
1729 2029 1887 2066 lapidibus

402 2074 585 2108 schoham‚''
599 2075 652 2111 qui
665 2084 761 2111 super
772 2075 910 2103 humeris
922 2075 1048 2111 ephodi,
1061 2083 1091 2103 n.
1105 2075 1293 2111 9831—9855.
1330 2073 1426 2109 Quod
1439 2076 1455 2087 ⁴¹
1466 2073 1627 2110 ephodum
1639 2072 1654 2081 ''
1667 2072 1887 2109 significaverit

403 2125 566 2149 externum
579 2121 665 2157 regni
677 2121 851 2157 spiritualis,
865 2122 951 2157 quod
967 2125 1012 2148 est
1029 2120 1178 2148 Divinum
1189 2120 1308 2148 Verum
1324 2119 1355 2147 in
1367 2119 1492 2152 ultimis,
1505 2127 1535 2147 n.
1548 2120 1636 2155 9824.
1680 2118 1765 2155 Quid
1779 2122 1886 2147 autem

401 2166 434 2194 in
446 2166 549 2202 specie
561 2165 744 2202 significavit
756 2169 772 2179 ⁴⁴
783 2165 943 2198 rubinus,''
959 2168 975 2179 ‘⁴
987 2164 1146 2202 topazius''
1159 2170 1188 2192 et
1202 2167 1217 2178 ¹⁴
1229 2163 1468 2197 carbunculus,'’
1482 2173 1511 2192 n.
1525 2163 1603 2200 9865
1615 2173 1621 2197 ;
1645 2163 1721 2199 quid
1734 2165 1749 2176 ‘⁴
1760 2163 1887 2200 chryso-

402 2211 542 2248 prasus,''
560 2215 576 2225 ¹¹
588 2212 753 2248 sapphirus
765 2211 780 2220 ''
805 2217 834 2240 et
851 2215 866 2225 ¹¹
878 2211 1037 2244 adamas,''
1055 2220 1085 2240 n.
1109 2211 1204 2247 9868:
1230 2211 1307 2247 quid
1323 2213 1338 2224 ‘⁴
1351 2209 1499 2248 cyanus,'’
1517 2213 1533 2223 ⁴⁴
1546 2210 1671 2238 achates
1683 2209 1699 2217 ''
1722 2213 1753 2237 et
1774 2211 1887 2238 “ame-

402 2257 544 2292 thistus‚''
561 2267 591 2286 n.
607 2260 701 2294 9870:
725 2263 755 2286 et
770 2258 846 2294 quid
863 2261 878 2271 ‘⁴
891 2257 1114 2291 tharschisch,''
1133 2260 1148 2270 ‘¹
1161 2257 1312 2285 schoham
1323 2255 1339 2265 '¹
1357 2261 1387 2284 et
1403 2259 1418 2270 '‘
1430 2255 1557 2293 jaspis,''
1574 2264 1604 2284 n.
1621 2254 1725 2292 9872.)

486 2310 565 2363 [6.]
612 2310 785 2350 Similia
806 2311 945 2350 etiam
964 2309 1276 2361 significantur
1293 2322 1372 2361 per
1393 2308 1607 2360 “lapides
1626 2308 1852 2360 pretiosos
1864 2307 1885 2323 ’'

403 2386 480 2424 per
511 2385 622 2424 quos
649 2372 915 2411 describitur
941 2372 1130 2411 scientia
1156 2371 1466 2422 cognitionum
1498 2370 1591 2409 veri
1623 2375 1669 2410 et
1700 2369 1807 2409 boni
1838 2373 1885 2411 et

402 2434 504 2474 inde
531 2434 835 2486 intelligentia
861 2434 978 2486 regis
1006 2433 1129 2485 Tyri,
1158 2432 1275 2485 apud
1301 2431 1584 2480 Ezechielem,

469 2533 545 2564 Rex
559 2533 654 2573 Tyri,
670 2534 735 2564 “tu
752 2533 876 2572 plenus
890 2532 1072 2571 sapientia,
1087 2538 1122 2562 et
1138 2529 1315 2571 perfectus
1330 2531 1599 2571 pulchritudine,
1614 2531 1650 2561 in
1669 2530 1767 2561 Eden
1780 2530 1885 2561 horto

577 2576 642 2607 Dei
660 2576 757 2607 fuisti
772 2585 778 2612 ;
799 2576 915 2606 omnis
933 2575 1022 2614 lapis
1040 2575 1216 2614 pretiosus
1231 2580 1474 2614 tegumentum
1492 2580 1600 2611 tuum,
1614 2574 1769 2611 rubinus,
1784 2579 1885 2613 topa-

575 2620 648 2650 zius
657 2625 691 2650 et
701 2619 855 2655 adamas,
867 2618 1093 2654 tharschisch,
1105 2618 1284 2657 sardonyx
1294 2624 1328 2648 et
1337 2617 1458 2657 jaspis,
1468 2617 1665 2656 sapphirus,
1675 2617 1884 2656 chrysopra-

575 2673 634 2693 sus
646 2670 681 2693 et
692 2662 910 2701 smaragdus,
921 2667 956 2692 et
967 2671 1100 2692 aurum.
1130 2685 1136 2692 .
1152 2685 1159 2692 .
1174 2685 1180 2692 .
1196 2661 1266 2692 ‚Tu
1277 2661 1460 2698 cherubus,
1470 2660 1642 2699 expansio
1651 2659 1882 2698 contegentis,

575 2712 609 2736 et
629 2706 728 2745 posui
750 2712 793 2742 te,
812 2705 846 2735 in
868 2711 989 2735 monte
1006 2703 1203 2735 sanciitatis
1223 2704 1288 2734 Dei
1305 2703 1411 2741 fuisti,
1429 2704 1465 2733 in
1486 2703 1603 2733 medio
1620 2702 1775 2742 lapidum
1789 2702 1883 2742 ignis

577 2747 794 2780 ambulasti”
812 2748 944 2787 (xxviii.
965 2755 1013 2785 12,
1035 2745 1100 2788 13[,
1121 2744 1212 2787 14]):

392 2830 612 2903 'quoniam
645 2862 722 2901 per
751 2852 942 2900 “regem
970 2846 1109 2899 Tyri’'
1135 2845 1445 2899 significantur
1471 2846 1757 2898 cognitiones
1789 2846 1883 2887 veri

402 2912 619 2954 ecclesiae
645 2925 704 2951 ex
727 2910 894 2958 Verbo,
919 2916 965 2950 et
991 2909 1170 2962 quidem
1198 2923 1256 2949 ex
1279 2922 1413 2948 sensu
1439 2907 1623 2948 litterali
1645 2908 1752 2960 ejus,
1777 2909 1882 2949 inde

402 2976 562 3016 dicitur
588 2973 706 3028 quod
732 2974 811 3013 “in
839 2972 968 3013 Eden
991 2972 1127 3012 horto
1155 2971 1238 3012 Dei
1264 2971 1392 3012 fuerit
1410 2971 1444 3022 ;'’
1477 2984 1554 3024 per
1579 2970 1748 3011 “Eden
1774 2970 1882 3011 hor-
