2008 3458
585 388 692 422 CAP.
717 389 840 431 xm„
864 389 1002 423 VERS.
1031 389 1202 435 15.—N.
1226 382 1321 435 832.
1590 390 1697 434 2331

177 498 317 549 ·rior:
354 501 500 545 omnis
531 501 669 544 homo
700 516 759 544 ex
793 503 1010 545 memoria
1035 503 1247 546 interiore
1280 503 1454 557 cogitat
1487 503 1605 556 apud
1637 517 1699 551 se,

80 559 138 617 ΕΓ]
205 563 312 613 dum
333 564 418 607 sibi
442 562 622 607 reli&us
648 565 706 607 ab
730 579 884 607 amore
907 580 988 608 suo
1014 567 1217 618 ducitur;
1251 567 1362 608 haec
1386 566 1606 620 cogitatio
1632 573 1702 607 est

70 617 157 695 ’ᾖ
185 619 426 682 ¹‘cogitatio
461 628 553 682 ejus
589 629 796 682 spiritus;
839 636 886 670 at
923 630 980 670 ab
1016 631 1244 672 exteriore
1276 631 1492 672 memoria
1528 630 1703 683 cogitat

119 698 132 708 ”
151 687 157 694 ”
204 690 356 743 homo,
375 691 482 733 dum
504 705 656 733 coram
681 692 850 733 mundo
872 692 1081 746 loquitur.
1143 693 1278 747 Quod
1301 694 1432 735 binae
1454 693 1557 734 illae
1576 693 1701 746 cogi·-

113 802 142 815 ³
204 753 404 815 tationes
428 754 648 804 existant,
677 756 877 809 quisque,
902 757 938 796 si
970 756 1108 798 modo
1134 756 1294 798 leviter
1318 755 1523 805 reflectit,
1551 756 1700 797 videt:

80 802 137 835 'a‘

130 845 134 855 s
152 844 155 847 ,

91 843 145 898 {42

83 908 135 925 *nt*

203 814 285 860 ina
305 830 420 872 quae
445 817 583 859 homo
604 819 782 871 cogitat
805 819 924 871 apud
951 833 998 860 se
1025 833 1084 860 ex
1108 820 1324 861 memoria
1345 821 1572 868 interiore,
1597 819 1704 860 dum

197 878 296 939 §ibi
312 880 396 922 soli
417 879 598 923 relictus
624 890 709 931 est,
729 882 806 922 illa
827 889 932 923 sunt
955 883 1076 924 vitae
1099 883 1206 936 ejus,
1226 897 1278 924 ac
1304 883 1418 925 fiunt
1440 884 1561 924 vitae
1583 882 1676 936 ejus
1694 897 1703 933 ;

110 940 160 1003 ,ζρ
202 944 310 985 nam
335 950 411 986 est
431 945 613 998 spiritus
638 944 731 998 ejus
757 946 832 998 qui
863 952 970 986 tunc
997 947 1187 999 cogitat,
1216 961 1294 987 seu
1320 947 1440 1001 quod
1471 947 1606 995 idem,
1633 953 1704 987 est

151 1046 153 1052 ,
181 1004 383 1057 Ι>«ειιίῖἷῗέἒὶίο
402 1008 582 1061 propria
597 1008 719 1049 vitae
742 1007 848 1061 ejus,
870 1022 983 1062 quae
1007 1010 1335 1062 cogitationem
1358 1009 1481 1050 illam
1499 1010 1702 1051 excitat:

86 1071 97 1076 ‘'
128 1095 146 1100 =-
203 1066 282 1125 illa
315 1076 470 1112 autem
505 1084 621 1124 quae
657 1071 795 1112 homo
831 1072 1006 1124 cogitat
1044 1086 1104 1113 ex
1142 1074 1359 1114 memoria
1394 1073 1635 1122 exteriore,
1670 1073 1706 1113 si

205 1145 298 1175 non
328 1146 464 1174 unum
495 1133 664 1175 faciunt
697 1147 799 1175 cum
831 1135 1112 1188 cogitatione
1145 1150 1204 1176 ex
1237 1137 1454 1177 memoria
1478 1136 1703 1184 interiore,

71 1210 90 1243 w,
150 1199 154 1208 ’
205 1208 297 1238 non
322 1203 428 1239 sunt
455 1197 575 1238 vitae
601 1197 708 1250 ejus,
738 1211 821 1238 nec
849 1196 961 1239 fiunt
987 1199 1108 1239 vitae
1135 1198 1242 1252 ejus,
1267 1205 1372 1240 sunt
1399 1199 1518 1239 enim
1545 1212 1705 1251 corpo-

79 1252 142 1331 '3
182 1258 277 1315 -riS,
314 1266 502 1314 propter
543 1261 791 1312 mundum;
835 1275 949 1316 quae
990 1276 1169 1316 quoque
1207 1269 1312 1316 post
1354 1270 1563 1312 mortem,
1599 1263 1706 1303 dum

203 1321 343 1365 homo
369 1322 420 1365 fit
449 1324 645 1377 spiritus,
674 1324 944 1378 rejiciuntur.
1007 1325 1119 1367 Inde
1147 1333 1357 1367 constare
1381 1332 1536 1380 potest
1562 1326 1706 1380 qualis

204 1391 276 1428 est
301 1392 450 1428 status
475 1386 654 1428 illorum
681 1388 755 1442 qui
783 1388 889 1428 mali
915 1395 1034 1438 sunt,
1061 1402 1113 1430 ac
1141 1402 1233 1430 non
1259 1390 1424 1431 timent
1450 1389 1598 1430 Deum
1625 1403 1706 1431 nec

204 1441 370 1491 timent
400 1450 647 1500 hominem,
682 1451 803 1505 quod
841 1465 1004 1505 nempe
1041 1453 1227 1493 interius
1260 1453 1379 1506 apud
1416 1467 1463 1494 se
1501 1454 1707 1506 cogitent

205 1511 326 1560 mala
355 1519 404 1555 et
434 1513 559 1564 falsa,
593 1515 796 1555 exterius
827 1522 981 1556 autem
1013 1516 1220 1569 cogitent
1252 1524 1298 1557 et
1329 1517 1434 1557 inde
1466 1517 1709 1571 loquantur

79 1587 141 1608 '¹
204 1575 325 1626 vera,
349 1583 396 1618 et
419 1590 596 1631 quoque
618 1577 785 1619 faciant
807 1578 955 1629 bona;
988 1578 1069 1619 sed
1095 1579 1216 1632 quod
1242 1579 1362 1621 bona
1384 1587 1430 1621 et
1456 1594 1576 1630 vera,
1601 1581 1707 1622 dum

79 1638 147 1674 ’ῑῖ
204 1637 343 1685 homo
363 1640 493 1681 exuit
516 1653 679 1694 corpus
702 1647 747 1682 et
770 1640 819 1682 fit
843 1642 1039 1694 spiritus,
1063 1642 1351 1696 dissipentur,
1376 1650 1422 1685 et
1446 1645 1565 1698 quod
1589 1644 1708 1686 mala

94 1748 101 1756 ι
138 1739 142 1746 .
205 1707 253 1751 et
283 1701 389 1746 inde
420 1702 533 1744 falsa
563 1704 682 1757 apud
715 1704 855 1753 illum,
889 1711 938 1746 ut
969 1705 1188 1758 spiritum,
1217 1714 1505 1748 remaneantf
1557 1707 1709 1749 Aliter

205 1779 315 1808 vero
339 1766 459 1820 apud
490 1765 661 1808 bonos:
700 1768 744 1808 hi
776 1768 878 1821 quia
904 1768 1151 1810 timuerunt
1178 1768 1340 1818 Deum,
1369 1776 1415 1811 et
1447 1769 1708 1812 dilexerunt

79 1819 131 1885 fij
206 1829 480 1883 proximum,
515 1830 623 1871 dum
656 1844 715 1872 ex
749 1831 962 1872 interiore
994 1833 1212 1872 memoria
1243 1834 1465 1886 cogitant,
1499 1847 1559 1874 ex
1591 1834 1708 1875 veris

96 1891 104 1906 ί
139 1887 142 1890 .

205 1906 321 1953 quae
351 1907 412 1935 ex
443 1893 566 1935 bono
592 1895 816 1947 cogitant,
844 1895 1050 1936 similiter
1075 1908 1177 1936 cum
1203 1910 1263 1937 ex
1296 1898 1513 1938 memoria
1537 1899 1707 1939 exteri-

87 1956 164 2013 ζ’,
205 1970 311 2009 ore;
347 1956 467 2011 apud
502 1956 586 1998 hos
621 1956 753 1997 binae
790 1957 893 1998 illae
926 1959 1230 2012 cogitationes
1262 1973 1398 2000 unum
1430 1960 1624 2011 faciunt;
1661 1968 1709 2002 et

206 2019 310 2074 quia
343 2019 390 2061 in
420 2020 537 2061 veris
574 2034 633 2060 ex
671 2019 792 2061 bono
825 2027 946 2069 sunt,
979 2021 1099 2074 apud
1136 2021 1238 2063 illos
1272 2024 1470 2076 aperitur
1506 2024 1709 2064 internus

87 2079 95 2109 ἶ
140 2107 146 2116 ι
205 2083 449 2137 spiritualis
470 2083 624 2133 homo,
648 2084 723 2137 qui
748 2082 1015 2136 conjunaus
1041 2091 1112 2126 est
1138 2086 1314 2139 angelis
1339 2087 1384 2127 in
1411 2086 1561 2136 caelis,
1586 2101 1637 2128 ac
1664 2089 1708 2128 in

206 2159 255 2188 se
290 2152 362 2189 est
396 2146 587 2200 angelus
624 2146 736 2188 caeli
758 2147 880 2198 ;‘hic
918 2148 1022 2201 quia
1056 2155 1126 2190 est
1159 2150 1203 2189 in
1241 2148 1339 2190 luce
1376 2150 1503 2200 caeli,
1537 2151 1582 2191 in
1622 2165 1710 2205 qua

205 2215 428 2264 apparent
454 2223 562 2251 vera
586 2209 835 2263 spiritualia
861 2217 956 2252 tam
982 2211 1102 2253 clare
1129 2212 1244 2254 sicut
1267 2211 1445 2266 objecta
1469 2214 1513 2254 in
1540 2215 1709 2256 mundo

80 2275 116 2316 ⁴,
140 2283 143 2285 “
207 2285 360 2315 coram
382 2272 529 2323 oculo,
553 2286 655 2314 curn
678 2274 804 2315 videt
830 2287 949 2323 vera,
974 2275 1134 2328 recipit
1160 2275 1251 2325 illa,
1275 2283 1322 2317 et
1349 2291 1408 2317 ex
1434 2276 1520 2318 illis
1545 2277 1709 2319 format

207 2334 518 2379 intellectum:
551 2337 656 2377 inde
679 2335 767 2377 illis
788 2335 902 2378 fides
923 2338 1180 2391 spiritualis,
1205 2353 1318 2393 quae
1345 2340 1389 2380 in
1411 2354 1492 2381 sua
1514 2342 1711 2382 essentia

207 2405 278 2442 est
307 2400 482 2454 agnitio
512 2401 605 2441 veri
637 2403 740 2455 quia
771 2402 915 2442 visum
947 2408 1019 2443 est
1050 2401 1313 2454 intelle6tu;
1351 2403 1462 2445 fides
1494 2404 1711 2445 naturalis

207 2462 296 2506 illis
321 2469 392 2505 est
417 2463 540 2505 nulla
562 2463 689 2514 fides,
715 2478 828 2519 quae
851 2471 921 2506 est
947 2465 1131 2507 credere
1154 2467 1274 2520 quod
1301 2467 1366 2508 ita
1391 2468 1448 2508 sit
1475 2468 1577 2521 quia
1598 2467 1711 2509 alius

207 2526 416 2579 dixerat3
462 2527 579 2569 hanc
621 2527 756 2569 fidem
799 2534 968 2570 vocant
1009 2527 1144 2571 fidem
1186 2530 1464 2580 historicam,
1504 2537 1550 2572 et
1591 2532 1709 2584 apud

207 2589 428 2645 quosdam
451 2591 773 2644 persuasivam,
793 2605 908 2645 quae
931 2599 1169 2645 permanet
1191 2600 1411 2647 quantum
1433 2607 1535 2635 cum
1558 2608 1710 2635 amore

207 2653 329 2695 vitae
356 2666 511 2694 eorum
534 2654 798 2695 concordat.
861 2653 972 2707 Quis
995 2668 1086 2696 non
1106 2656 1256 2697 videre
1279 2663 1434 2710 potest
1457 2658 1577 2711 quod
1602 2658 1711 2699 nihil

208 2716 377 2759 intrare
415 2718 558 2770 possit
591 2718 731 2758 vitam
774 2718 983 2767 hominis,
1018 2725 1065 2760 et
1105 2719 1252 2761 facere
1288 2719 1427 2770 illam,
1468 2721 1550 2761 nisi
1590 2721 1711 2775 quod

79 2756 109 2829 ,ᾗ
134 2775 153 2788 ”
208 2779 330 2834 prius
355 2780 578 2833 cogitavit
604 2781 723 2834 quod
756 2781 820 2821 ita
845 2781 917 2830 sit,
946 2788 993 2823 et
1019 2781 1123 2822 dein
1149 2782 1291 2824 voluit
1319 2783 1438 2837 quod
1470 2785 1534 2825 ita
1559 2785 1711 2826 esset?

209 2841 284 2886 Ex
311 2842 381 2884 his
403 2850 614 2884 constare
637 2849 791 2896 potest
814 2844 935 2898 quod
960 2845 1111 2894 homo,
1140 2851 1189 2887 ut
1211 2859 1338 2887 amor
1360 2846 1452 2899 ejus
1478 2847 1556 2889 fiat
1582 2849 1709 2902 spiri·
1742 2842 1750 2855 ’

207 2905 359 2956 tualis,
387 2912 599 2960 oporteat
625 2907 777 2948 videre
809 2921 888 2948 sua
913 2921 1033 2957 vera,
1061 2908 1147 2949 hoc
1174 2915 1258 2957 est,
1287 2906 1523 2950 intellectu
1549 2923 1711 2963 capere

208 2967 298 3010 illa.
360 2967 450 3010 Sed
472 2969 508 3010 si
531 2969 700 3010 dixeris
717 2969 838 3023 quod
857 2984 963 3011 vera
979 2971 1226 3024 spiritualia
1248 2985 1338 3012 non
1356 2971 1496 3013 videri
1519 2973 1707 3026 possint,

49 3031 103 3072 ε’
155 3076 159 3078 ,
211 3037 259 3074 et
280 3032 400 3087 quod
426 3030 685 3074 intellthus
712 3046 802 3074 non
830 3047 885 3075 eo
911 3047 1050 3089 usque
1077 3035 1237 3088 aperiri
1261 3042 1413 3089 queat,
1437 3036 1543 3077 dum
1571 3036 1708 3078 homo
