2008 3458
625 372 730 414 CAP.
754 379 870 421 x1v.,
893 379 1031 412 VERS.
1054 370 1199 411 8.-N.
1223 368 1317 410 881.
1604 375 1711 419 2411

154 514 155 517 ¹
200 493 327 537 ’inde
347 490 548 542 constat,
571 493 692 547 quod
715 506 794 546 per
813 491 1044 541 “Cecidit,
1070 490 1246 533 Cecidit
1273 478 1480 543 Babylon
1508 478 1612 529 urbs
1639 486 1717 528 illa

205 556 431 612 -inagna,'’
446 555 764 610 intelligantur
786 555 889 604 duo,
910 568 1073 608 nempe
1095 554 1354 595 devastatio
1373 551 1592 594 ecclesiae
1614 550 1716 591 illo-

98 618 157 674 ς’·
181 628 186 637 ’
206 620 327 664 ‘vrum‘
344 619 495 675 quoad
521 619 674 661 omnia
701 619 821 659 bona
846 625 892 659 et
914 631 1020 659 vera
1046 618 1090 658 in
1113 617 1297 665 mundo,
1318 622 1414 657 tum
1437 616 1575 656 etiam
1598 614 1715 655 inte-

219 684 334 727 ritus
365 682 545 724 illorum
578 689 785 735 tempore
827 681 972 722 ultimi
999 680 1163 734 judicii.
1233 679 1443 721 Creditur
1477 677 1598 732 quod
1639 691 1718 731 per

182 795 187 799 ¹
221 743 578 789 destrustionem
602 744 882 797 Babyloniae
905 743 1190 796 intelligatur
1207 740 1455 783 destructio
1477 740 1594 781 illius
1612 739 1715 781 reli-

220 809 369 864 gionis
411 809 456 850 in
494 808 690 858 mundo;
731 813 779 848 at
820 821 911 848 non
951 806 1223 860 intelligitur
1264 803 1513 846 destructio
1551 803 1644 857 ejus
1670 804 1715 843 in

221 872 408 922 mundo,
451 872 535 914 sed·
572 871 844 924 intelligitur
875 870 1133 911 devastatio
1167 868 1260 922 ejus
1292 869 1350 909 ibi
1382 868 1531 922 quoad
1564 868 1717 908 omnia

219 935 341 981 hona
365 941 414 978 et
437 949 546 978 vera
571 934 687 976 caeli
714 940 760 975 et
787 933 1024 982 ecclesiae,
1052 933 1116 973 ita
1147 930 1396 973 destruffio
1428 931 1607 972 illorum
1639 932 1714 985 qui

209 997 435 1052 ‘Divinam
460 1003 743 1054 potestatem
770 996 955 1037 Domini
981 996 1024 1036 in
1057 1009 1105 1036 se
1136 994 1483 1042 transtulerunt,
1512 1001 1558 1035 et
1591 993 1715 1035 illam

136 1107 138 1109 ,
213 1075 282 1105 ‘ex
311 1075 466 1104 amore
505 1062 570 1103 sui
602 1065 905 1102 exercuerunt
937 1058 1086 1113 quoad
1124 1059 1311 1106 animas,
1346 1057 1534 1111 proinde
1566 1057 1715 1111 quoad

173 1163 175 1166 Α
219 1125 364 1169 &itam
395 1131 661 1175 aeternam;
702 1135 808 1164 nam
840 1121 1001 1176 religio
1032 1121 1110 1162 illa
1142 1135 1281 1175 usque
1313 1134 1606 1174 permansura
1645 1127 1715 1162 est

219 1182 340 1260 apud
370 1187 474 1230 illos
500 1188 574 1242 qui
605 1189 650 1228 in
677 1200 732 1228 eo
763 1199 917 1226 amore
943 1190 1166 1239 perstant,
1195 1190 1242 1225 et
1269 1198 1327 1225 ex
1355 1183 1433 1224 illo
1459 1190 1627 1237 agunt:
1670 1190 1716 1225 et

218 1251 325 1307 quia
346 1250 426 1293 illa
447 1249 698 1292 destructio
723 1248 1010 1301 intelligitur,
1038 1261 1152 1302 quae
1178 1254 1249 1288 est
1275 1247 1536 1288 devastatio
1567 1247 1715 1288 eccle-

214 1314 330 1378 siae,
357 1314 460 1357 ideo
485 1315 624 1374 etiam
657 1311 929 1365 intelligitur
954 1309 1204 1352 destrutffio
1235 1310 1413 1351 illorum
1447 1317 1550 1364 post
1573 1311 1716 1352 vitam

216 1377 264 1420 in
275 1374 489 1419 mundo'
477 1390 522 1419 m
545 1375 805 1431 particulari
827 1381 874 1416 et
896 1375 940 1416 in
959 1374 1214 1424 communi;
1247 1374 1292 1414 in
1311 1373 1569 1427 particulari
1588 1374 1716 1414 dam-

218 1439 348 1483 natio
378 1440 580 1482 omnium
612 1453 671 1480 ex
704 1438 792 1479 illis
823 1438 898 1492 qui
930 1437 1048 1479 tales
1079 1451 1140 1478 ex
1171 1436 1249 1477 illa
1275 1436 1495 1490 religione
1522 1436 1714 1485 fuerunt,

221 1508 270 1544 et
300 1501 347 1544 in
387 1503 617 1544 Communi
647 1498 896 1544 destructio
928 1501 1130 1542 omnium
1161 1500 1235 1554 qui
1266 1499 1384 1540 tales
1420 1499 1612 1549 fuerunt,
1639 1513 1718 1554 per

183 1599 188 1604 .
219 1564 431 1631 ultimum
451 1565 682 1620 judicium.

231 1663 239 1670 -
301 1630 432 1679 881.
469 1640 494 1660 ¹¹
500 1635 601 1682 Qum
631 1649 687 1677 ox
718 1636 803 1677 vino
835 1636 926 1677 imo
963 1635 1230 1677 scot-tationis
1263 1649 1367 1677 suae
1396 1636 1552 1690 potavit
1581 1649 1721 1678 omnes

216 1693 401 1751 ,qums-¹
402 1694 605 1750 '·-—Quod
628 1695 858 1750 significat
881 1695 1253 1738 adulteratzonem
1273 1710 1468 1738 omnzum
1489 1697 1592 1738 boni
1609 1697 1723 1740 caelz

174 1778 179 1779 ⁷
215 1762 269 1808 vet
298 1757 500 1801 ecclesiae
521 1765 608 1813 per
631 1759 738 1801 dira
760 1760 896 1813 salsa
925 1760 1048 1810 malz,
1081 1766 1264 1801 constat
1295 1775 1353 1802 ex
1395 1761 1722 1815 significatione

226 1821 395 1871 “vini,”
420 1822 542 1877 quod
567 1823 625 1864 sit
650 1837 804 1865 verum
837 1838 896 1865 ex
928 1824 1064 1873 bono,
1093 1829 1139 1865 et
1170 1824 1214 1864 in
1246 1825 1457 1877 opposito
1483 1839 1615 1866 sensu
1640 1825 1721 1866 fal-

223 1895 325 1927 sum
353 1897 415 1925 ex
445 1883 570 1925 malo
600 1895 656 1934 (de
675 1904 740 1933 qua
758 1904 864 1934 supra,
880 1905 911 1926 n.
930 1885 1056 1938 376);
1096 1898 1157 1926 ex
1188 1885 1522 1939 significatione
1550 1887 1721 1936 “irae‚‘’

216 1948 347 2003 -quod
371 1949 430 1990 sit
462 1949 631 1990 malum
663 1950 707 1991 in
738 1951 861 1992 omni
887 1950 1145 2004 complexu,
1173 1957 1220 1992 et
1252 1951 1355 1992 inde
1382 1952 1534 1992 odium
1560 1959 1722 1993 contra

223 2009 396 2057 bonum
426 2017 475 2053 et
515 2024 687 2062 verum,
714 2025 766 2053 ac
796 2012 1024 2066 cupiditas
1055 2013 1323 2054 destruendi
1358 2013 1438 2054 illa
1469 2024 1524 2062 (de
1543 2034 1608 2062 qua
1627 2026 1722 2054 etiam

221 2073 488 2127 supm.n.693,
505 2083 633 2127 754);
670 2088 730 2116 ex
755 2074 1089 2128 significatione
1119 2076 1495 2125 “scortationiS‚’'
1518 2078 1639 2130 quod
1662 2078 1721 2118 sit

221 2133 482 2192 falsificatio
503 2138 598 2178 veri
624 2147 679 2186 (de
698 2157 764 2186 qua
782 2149 878 2178 etiam
897 2158 1004 2187 supra,
1020 2158 1051 2180 n.
1074 2149 1163 2191 141,
1185 2138 1279 2188 161)
1297 2153 1306 2190 ;
1341 2145 1387 2179 et
1413 2153 1471 2180 CX
1495 2139 1720 2193 Significa-

223 2199 349 2246 tione
381 2203 578 2280 “pptare
615 2215 776 2243 omnes
807 2202 1010 2255 gentes,'’
1042 2203 1162 2256 quod
1199 2204 1256 2244 sit
1293 2202 1549 2244 adulterare
1586 2204 1718 2253 bona,

223 2263 456 2318 “potare''
481 2265 602 2306 enim
628 2264 854 2338 significat
884 2266 1100 2315 imbuere,
1128 2270 1212 2308 et‘
1221 2267 1439 2320 ‘”gentes
1466 2267 1720 2320 significant

223 2325 336 2368 illos
349 2327 424 2382 qui
454 2328 499 2368 in
530 2328 652 2369 bono
679 2329 843 2370 amoris
875 2335 921 2371 et
948 2330 1069 2370 vitae
1093 2336 1212 2379 sunt,
1237 2336 1284 2371 et
1310 2329 1537 2371 abstracte
1563 2345 1589 2371 a
1621 2344 1720 2384 per-

223 2381 348 2423 sonis
378 2381 527 2423 bona·
518 2415 528 2434 ,
569 2391 698 2431 (quod
705 2387 859 2424 ‘bibere'
881 2391 938 2424 et
943 2391 1072 2433 ‘potare
1083 2394 1100 2405 '¹
1121 2395 1277 2433 significet
1296 2396 1439 2425 imbuere
1459 2401 1489 2425 et
1507 2397 1721 2434 appropriare,

222 2441 370 2476 videatur
382 2454 488 2484 supra,
501 2455 532 2477 n.
545 2435 678 2488 6I7[a.
681 2447 767 2486 c-e];
788 2452 818 2477 et
830 2445 951 2485 quod'⁴
963 2448 1102 2486 gentes''
1116 2449 1295 2486 significent
1307 2449 1378 2478 illos
1393 2450 1447 2486 qui
1462 2450 1494 2478 in
1507 2450 1594 2478 bono
1607 2451 1722 2479 amoris

223 2502 256 2528 et
281 2498 365 2529 vitae
386 2503 471 2534 sunt,
494 2504 526 2529 et
547 2500 707 2530 abstradte
728 2501 816 2530 bona
838 2502 1001 2536 ecclesiae,
1026 2510 1057 2531 n.
1087 2501 1176 2544 175,
1204 2502 1296 2543 331,
1319 2491 1400 2544 625
1416 2503 1438 2540 ;)
1483 2492 1602 2545 quod
1642 2506 1721 2545 per

227 2555 425 2607 “potare
463 2566 622 2595 omnes
662 2561 826 2607 gentes
841 2555 860 2570 ”
891 2555 962 2596 hic
1003 2555 1281 2608 significetur
1312 2556 1566 2597 adulterare
1603 2557 1722 2598 bona

224 2614 366 2673 Verbi
388 2622 435 2659 et
459 2617 565 2658 inde
587 2618 821 2668 ecclesiae,
841 2625 910 2660 est
933 2619 1035 2672 quia
1058 2632 1137 2671 per
1156 2620 1345 2660 “vinum
1369 2620 1458 2660 irae
1481 2620 1720 2660 scortatio-

225 2678 293 2736 nis
304 2678 324 2695 ’'
337 2679 618 2733 significatur
638 2681 892 2723 falsificatio
913 2682 1019 2730 veri,
1044 2687 1090 2722 et
1112 2681 1394 2723 falsificatum
1417 2695 1570 2722 verum
1593 2683 1720 2723 adul-

224 2748 344 2785 terat
375 2743 569 2784 bonum:
614 2744 694 2785 sed
727 2745 956 2798 quomodo
986 2744 1226 2786 falsificant
1257 2746 1408 2786 omnia
1432 2759 1538 2786 vera
1564 2745 1719 2796 Verbi,

225 2811 273 2848 et
305 2806 368 2847 sic
400 2806 661 2848 adulterant
693 2809 844 2849 omnia
868 2808 988 2849 bona
1014 2807 1119 2861 ejus,
1148 2809 1322 2850 dicetur
1347 2810 1389 2849 in
1416 2808 1721 2861 explicatione

225 2869 426 2922 capitum
448 2871 540 2911 xvi.
559 2877 604 2912 et
628 2872 749 2919 xvii,
769 2872 841 2912 ubi
864 2871 920 2912 de
943 2871 1177 2924 Babylone
1201 2872 1360 2925 agitur.
1422 2871 1496 2912 Ex
1516 2872 1582 2912 his
1604 2885 1720 2914 nunc

225 2938 438 2975 constare
470 2939 623 2986 potest
655 2934 774 2988 quod
806 2947 885 2987 per
913 2937 1010 2974 “ex
1042 2935 1146 2974 vino
1177 2935 1266 2975 irae
1295 2935 1584 2976 scortationis
1615 2949 1721 2978 suae

226 2996 455 3048 potaverit
491 3009 649 3038 omnes
685 2996 880 3050 gentes”
909 2996 1184 3050 significetur
1215 2997 1489 3039 adulteratio
1520 2999 1720 3040 omnium
