2008 3458
400 380 509 431 2448
818 358 1142 419 APOCALYPSIS
1175 386 1466 419 EXPLICATA.

397 501 453 540 ad
475 500 700 553 judicium,
726 512 885 552 nempe
911 499 966 539 ad
991 499 1326 539 moderandum.
1389 498 1520 552 Quod
1550 499 1759 541 Divinum
1785 498 1878 542 Bo·-

397 576 502 603 num
534 576 622 602 non
645 562 812 614 judicet
846 574 1130 614 quemquam,
1159 562 1236 602 sed
1270 562 1479 602 Divinum
1504 561 1687 612 Verum,
1710 561 1878 604 intelli·

395 627 513 678 gitur
539 639 616 677 per
641 625 749 665 haec
778 625 959 664 Domini
984 624 1134 673 verba,

461 721 567 752 “Non
587 721 690 752 Pater
706 720 838 761 judicat
855 730 1078 762 quemquam,
1096 721 1158 752 sed
1174 721 1360 761 judicium.
1377 722 1488 753 ‚dedit
1506 721 1594 753 Filio
1604 721 1622 734 ’'
1638 721 1736 764 (Joh.
1752 731 1785 756 v.
1803 721 1878 764 22):

396 820 511 868 per“
529 815 1017 868 Patrem''intelligitur
1040 815 1249 856 Divinum
1277 815 1524 864 Bonum‚et
1551 830 1628 870 per
1648 819 1672 837 “
1687 816 1880 860 Filium”

397 876 610 916 Divinum
631 876 802 916 Verum
822 890 830 926 ;
863 887 964 925 (quod
980 896 1037 924 per
1052 883 1068 895 ¹¹
1083 887 1207 916 Patrem
1221 887 1236 896 ''
1254 887 1445 924 intelligatur
1460 888 1611 916 Divinum
1628 888 1882 923 Bonum.videa-

395 945 445 968 tur
466 948 570 976 supra,
591 949 621 969 n.
644 939 736 974 200,
758 938 858 980 254:
887 944 918 968 et
941 940 1028 976 quod
1051 948 1107 977 per
1127 936 1271 968 “Filium
1285 939 1300 949 '¹
1324 940 1474 968 Divinum
1494 941 1625 975 Verum,
1646 949 1677 971 n.
1697 930 1764 982 63,
1789 939 1880 983 151,

395 999 511 1041 724z)
542 995 638 1029 tum
665 1002 744 1041 per
765 989 895 1037 haec,

463 1076 566 1107 Pater
590 1076 686 1159 dfdit
712 1076 800 1107 Filio
821 1075 1015 1116 “judicium
1036 1075 1198 1114 faciendi,
1219 1077 1300 1117 quia
1325 1076 1432 1108 Filius
1453 1077 1608 1108 hominis
1628 1075 1710 1109 est”
1729 1076 1827 1119 (Joh.
1845 1086 1880 1112 v.

569 1128 608 1157 27
636 1130 642 1151 1

396 1219 475 1258 per
499 1205 702 1245 “Filium
729 1206 922 1245 hominis
937 1205 957 1220 ‘’
983 1205 1262 1258 significatur
1288 1205 1499 1245 Divinum
1526 1205 1698 1247 Verum
1724 1217 1883 1254 (videatur

396 1280 490 1308 etiam
524 1289 629 1317 supra,
659 1289 689 1309 n.
719 1270 881 1321 778[b]).
954 1268 1045 1309 Sed
1084 1283 1224 1322 usque
1263 1269 1614 1322 intelligendum
1653 1276 1723 1311 est
1757 1270 1879 1325 quod

398 1335 616 1375 Dominus
657 1348 746 1375 non
781 1333 949 1387 judicet
990 1334 1183 1387 aliquem
1224 1348 1301 1387 per
1334 1335 1543 1375 Divinum
1583 1335 1766 1384 Verum,
1799 1335 1880 1377 sed

397 1397 605 1437 Divinum
630 1397 798 1437 Verum
825 1398 868 1437 in
895 1411 941 1437 se
968 1395 1221 1449 spectatum
1248 1397 1474 1437 hominem
1498 1398 1570 1451 qui
1593 1411 1682 1438 non
1706 1399 1878 1452 recipit,

397 1459 474 1499 sed
497 1459 636 1512 rejicit
663 1459 785 1508 illud,
806 1459 976 1511 judicat
1003 1459 1141 1508 illum,
1167 1466 1214 1500 ut
1242 1459 1474 1500 manifeste
1498 1467 1705 1501 constare
1723 1466 1880 1514 potest

396 1523 452 1562 ab
478 1522 544 1562 his
572 1522 753 1562 Domini
779 1523 938 1571 verbis,

460 1610 564 1652 Jesus
582 1611 678 1649 dixit,
692 1611 755 1642 “Si
774 1611 849 1651 quis
867 1621 947 1642 mea
963 1611 1137 1643 audiverit
1151 1612 1268 1649 verba,
1283 1621 1354 1642 non
1372 1618 1491 1643 tamen
1509 1612 1703 1651 crediderit,
1717 1611 1794 1652 Ego
1807 1621 1880 1644 non

568 1655 687 1694 judico
713 1655 822 1692 illum,
843 1665 915 1685 non
940 1655 1036 1686 enim
1056 1655 1137 1686 veni
1162 1662 1199 1686 ut
1223 1655 1375 1695 judicem
1397 1656 1577 1693 mundum,
1598 1656 1661 1687 sed
1684 1662 1723 1687 ut
1745 1656 1881 1687 salvem

570 1698 739 1728 mundum
755 1707 761 1734 ;
783 1698 839 1738 qui
857 1699 990 1738 spernit
1010 1698 1077 1735 Me,
1092 1705 1126 1729 et
1143 1708 1214 1729 non
1233 1699 1357 1738 accipit
1371 1700 1479 1729 verba
1496 1709 1584 1736 mea,
1601 1699 1707 1730 habet
1719 1699 1779 1740 qui
1789 1698 1881 1739 judi-

569 1748 622 1772 cet
639 1742 748 1778 illum,
762 1741 928 1779 Verbum,
946 1742 1038 1781 quod
1056 1742 1192 1773 locutus
1210 1752 1298 1779 sum,
1313 1742 1399 1773 illud
1415 1742 1585 1781 judicabit
1601 1742 1698 1774 illum
1715 1742 1750 1774 in
1768 1747 1882 1774 extre-

569 1794 627 1815 mo
645 1785 700 1815 die
713 1784 729 1796 ’'
747 1784 846 1826 (Joh.
864 1784 923 1816 xii.
943 1793 995 1823 47,
1013 1785 1074 1823 48,
1099 1792 1173 1816 turn
1192 1795 1330 1826 quoque
1351 1786 1432 1827 Jolz.
1454 1786 1499 1817 iii.
1520 1786 1590 1825 17):

397 1887 473 1926 per
507 1872 781 1913 “Verbum”
813 1872 1079 1925 intelligitur
1114 1873 1323 1914 Divinum
1356 1873 1543 1923 Verum,
1573 1887 1676 1915 nam
1711 1874 1796 1916 hoc
1835 1874 1880 1916 in

398 1935 550 1976 Verbo
572 1943 655 1982 est,
681 1942 726 1975 et
749 1942 816 1976 est
841 1935 1068 1986 Verbum;
1101 1936 1219 1989 quod
1246 1936 1330 1976 hoc
1354 1937 1396 1976 in
1423 1950 1470 1976 se
1493 1935 1746 1988 spectatum
1763 1936 1881 1990 judi-

398 2005 601 2038 caturum
624 1998 680 2038 sit
704 1998 945 2045 hominem,
966 2005 1010 2038 et
1029 2012 1118 2039 non
1143 1999 1244 2051 Ipse
1268 1999 1488 2039 Dominus
1513 2012 1591 2051 per
1608 1998 1731 2048 illud,
1752 2005 1880 2052 patet

397 2060 656 2110 manifeste3
706 2074 809 2100 nam
842 2061 949 2101 dicit
984 2061 1217 2109 Dominus,
1248 2061 1388 2114 “Ego
1428 2075 1518 2101 non
1554 2061 1704 2114 judico
1740 2061 1879 2111 illum,

399 2136 488 2163 non
521 2124 638 2163 enim
666 2124 767 2163 veni
800 2130 846 2164 ut
874 2123 1071 2176 judicem
1103 2124 1332 2172 mundum,
1361 2125 1439 2164 sed
1471 2131 1519 2165 ut
1552 2124 1720 2165 salvem
1753 2137 1881 2165 mun-

397 2185 539 2226 dum.’‘
600 2185 733 2238 Quod
764 2186 864 2238 Ipse
889 2186 1107 2226 Dominus
1131 2200 1219 2227 non
1241 2186 1425 2239 judicet,
1446 2194 1515 2227 est
1538 2187 1640 2240 quia
1661 2193 1730 2228 est
1756 2187 1881 2228 Divi-

399 2262 481 2288 nus
514 2248 670 2296 Amor,
700 2255 746 2288 et
781 2255 849 2288 est
893 2249 1103 2288 Divinum
1142 2249 1315 2289 Bonum
1349 2251 1519 2290 unitum
1549 2249 1711 2290 Divino
1742 2249 1880 2300 Vero,

397 2318 442 2351 et
473 2311 558 2351 hoc
591 2311 784 2362 separari
815 2311 873 2350 ab
904 2310 981 2351 illo
1016 2325 1105 2351 non
1139 2318 1304 2364 potest,
1340 2319 1444 2352 sunt
1477 2313 1594 2352 enim
1626 2325 1787 2362 unum;
1828 2325 1881 2353 ac

399 2373 608 2413 Divinum
629 2373 801 2413 Bonum
822 2387 909 2413 non
924 2372 1091 2425 judicat
1110 2387 1393 2426 quemquam,
1412 2374 1489 2414 sed
1508 2374 1664 2422 salvat,
1682 2380 1730 2415 ut
1749 2387 1881 2428 supra

397 2435 564 2476 dictum
588 2443 684 2486 est;
718 2437 780 2476 ita
806 2450 981 2489 quoque
1010 2436 1220 2476 Divinum
1241 2436 1424 2485 Verum,
1450 2437 1569 2489 quod
1592 2449 1692 2477 cum
1716 2436 1882 2478 Divino

399 2498 525 2538 Bono
557 2500 729 2538 unitum
762 2499 962 2550 procedit
994 2512 1020 2538 a
1052 2498 1259 2539 Domino.
1322 2498 1455 2551 Quod
1487 2499 1606 2551 apud
1631 2498 1883 2546 Johannem

398 2559 565 2601 dietum
592 2562 648 2602 sit
675 2562 794 2614 quod
820 2562 1014 2601 “datum
1041 2562 1096 2602 sit
1124 2561 1238 2602 Filio
1259 2561 1470 2614 judicium
1498 2561 1724 2611 faciendi,’'
1746 2562 1882 2603 intel-

398 2625 626 2677 ligendum
650 2631 718 2664 est
742 2625 854 2664 sicut
878 2625 920 2664 id
939 2625 1058 2677 quod
1081 2625 1136 2665 de
1156 2625 1259 2677 Ipso
1281 2625 1441 2665 dicitur
1457 2625 1574 2677 quod
1589 2623 1882 2673 “irascatur‚”

400 2686 781 2734 “excandescere”
802 2686 1046 2738 “conjiciat
1072 2687 1114 2727 in
1141 2687 1398 2735 infernum‚''
1417 2701 1517 2727 cum
1545 2694 1698 2728 tamen
1725 2686 1882 2728 Domi·

399 2764 479 2790 nus
513 2751 677 2790 nemini
713 2750 927 2796 irascitur,
963 2763 1043 2790 nec
1081 2749 1259 2802 conjicit
1302 2751 1344 2789 in
1382 2750 1613 2797 infernum,
1647 2750 1725 2790 sed
1762 2750 1882 2803 quod

398 2812 493 2863 lpse
524 2811 663 2850 homo
703 2817 848 2850 semet
885 2822 940 2858 (de
959 2830 1022 2858 qua
1045 2831 1079 2850 re
1101 2822 1245 2850 videatur
1267 2822 1299 2850 in
1328 2831 1424 2859 opere
1454 2823 1503 2851 De
1529 2822 1618 2851 Caelo
1640 2825 1671 2850 et
1691 2822 1827 2860 Inferna,
1850 2830 1882 2851 n.

397 2883 550 2921 545—550)
569 2887 577 2923 3
606 2874 669 2912 ita
686 2886 862 2925 quoque
878 2873 998 2925 quod
1016 2879 1309 2926 contemptus
1327 2879 1372 2913 et
1389 2872 1572 2925 rejeciio
1590 2873 1739 2913 Divini
1755 2872 1880 2922 Veri,

401 2943 731 2989 consequenter
756 2936 913 2976 falsum
946 2951 1004 2976 ex
1038 2937 1170 2985 malo,
1199 2937 1425 2977 hominem
1448 2936 1630 2988 judicet,
1654 2937 1717 2977 ita
1742 2937 1879 2978 etiam

398 2998 533 3038 homo
560 3005 716 3039 semet.
780 2997 1020 3051 Quomodo
1047 2999 1256 3039 Divinum
1284 2999 1452 3039 Verum
1483 3000 1525 3039 in
1553 3013 1598 3040 se
1626 2997 1879 3052 speEtatum
