<?xml version="1.0" encoding="UTF-8"?>
<!DOCTYPE html PUBLIC "-//W3C//DTD XHTML 1.0 Transitional//EN"
    "http://www.w3.org/TR/xhtml1/DTD/xhtml1-transitional.dtd">
<html xmlns="http://www.w3.org/1999/xhtml" xml:lang="en" lang="en">
 <head>
  <title>
</title>
<meta http-equiv="Content-Type" content="text/html;charset=utf-8" />
  <meta name='ocr-system' content='tesseract 3.04.00' />
  <meta name='ocr-capabilities' content='ocr_page ocr_carea ocr_par ocr_line ocrx_word'/>
</head>
<body>
  <div class='ocr_page' id='page_1' title='image "apocalypsisexpli04sweduoft_0023.png"; bbox 0 0 2098 3476; ppageno 0'>
   <div class='ocr_carea' id='block_1_1' title="bbox 0 0 308 590">
    <p class='ocr_par' dir='ltr' id='par_1_1' title="bbox 0 0 308 590">
     <span class='ocr_line' id='line_1_1' title="bbox 0 0 308 590; baseline 0 0"><span class='ocrx_word' id='word_1_1' title='bbox 0 0 308 590; x_wconf 95' lang='lat' dir='ltr'>  </span> 
     </span>
    </p>
   </div>
   <div class='ocr_carea' id='block_1_2' title="bbox 609 371 1740 429">
    <p class='ocr_par' dir='ltr' id='par_1_2' title="bbox 609 371 1740 429">
     <span class='ocr_line' id='line_1_2' title="bbox 609 371 1740 429; baseline 0.005 -19"><span class='ocrx_word' id='word_1_2' title='bbox 609 377 716 411; x_wconf 61' lang='lat' dir='ltr'>cxP.</span> <span class='ocrx_word' id='word_1_3' title='bbox 740 378 841 420; x_wconf 85' lang='lat' dir='ltr'>xn.,</span> <span class='ocrx_word' id='word_1_4' title='bbox 865 379 1003 412; x_wconf 80' lang='lat' dir='ltr'>VERs.</span> <span class='ocrx_word' id='word_1_5' title='bbox 1033 380 1173 413; x_wconf 89' lang='lat' dir='ltr'>1.—N.</span> <span class='ocrx_word' id='word_1_6' title='bbox 1197 371 1376 426; x_wconf 87' lang='lat' dir='ltr'>7o6[d].</span> <span class='ocrx_word' id='word_1_7' title='bbox 1637 383 1740 429; x_wconf 84' lang='lat'>1925</span> 
     </span>
    </p>
   </div>
   <div class='ocr_carea' id='block_1_3' title="bbox 242 470 1098 546">
    <p class='ocr_par' dir='ltr' id='par_1_3' title="bbox 242 470 1098 546">
     <span class='ocr_line' id='line_1_3' title="bbox 242 470 1098 546; baseline 0 -12"><span class='ocrx_word' id='word_1_8' title='bbox 242 491 303 534; x_wconf 82' lang='lat' dir='ltr'>sit</span> <span class='ocrx_word' id='word_1_9' title='bbox 328 470 664 534; x_wconf 57' lang='lat' dir='ltr'>doetrina&#39;veri.</span> <span class='ocrx_word' id='word_1_10' title='bbox 726 491 866 546; x_wconf 92' lang='lat' dir='ltr'>Apud</span> <span class='ocrx_word' id='word_1_11' title='bbox 889 493 1098 543; x_wconf 90' lang='lat' dir='ltr'>eundem,</span> 
     </span>
    </p>
   </div>
   <div class='ocr_carea' id='block_1_4' title="bbox 299 558 1743 696">
    <p class='ocr_par' dir='ltr' id='par_1_4' title="bbox 299 558 1743 696">
     <span class='ocr_line' id='line_1_4' title="bbox 299 558 1743 613; baseline 0.003 -13"><span class='ocrx_word' id='word_1_12' title='bbox 299 558 478 611; x_wconf 47' lang='lat' dir='ltr'>Jehovaih,</span> <span class='ocrx_word' id='word_1_13' title='bbox 495 567 579 600; x_wconf 83' lang='lat' dir='ltr'>“fac</span> <span class='ocrx_word' id='word_1_14' title='bbox 597 577 736 600; x_wconf 90' lang='lat' dir='ltr'>mecum</span> <span class='ocrx_word' id='word_1_15' title='bbox 750 569 893 610; x_wconf 87' lang='lat' dir='ltr'>signum</span> <span class='ocrx_word' id='word_1_16' title='bbox 908 569 943 601; x_wconf 92' lang='lat' dir='ltr'>in</span> <span class='ocrx_word' id='word_1_17' title='bbox 961 571 1107 609; x_wconf 91' lang='lat' dir='ltr'>bonum,</span> <span class='ocrx_word' id='word_1_18' title='bbox 1122 577 1159 602; x_wconf 95' lang='lat' dir='ltr'>ut</span> <span class='ocrx_word' id='word_1_19' title='bbox 1173 571 1317 603; x_wconf 89' lang='lat' dir='ltr'>videant</span> <span class='ocrx_word' id='word_1_20' title='bbox 1334 581 1459 603; x_wconf 86' lang='lat' dir='ltr'>osores</span> <span class='ocrx_word' id='word_1_21' title='bbox 1477 572 1546 603; x_wconf 91' lang='lat' dir='ltr'>mei</span> <span class='ocrx_word' id='word_1_22' title='bbox 1561 578 1595 604; x_wconf 91' lang='lat' dir='ltr'>et</span> <span class='ocrx_word' id='word_1_23' title='bbox 1613 573 1743 613; x_wconf 85' lang='lat' dir='ltr'>pudefi-</span> 
     </span>
     <span class='ocr_line' id='line_1_5' title="bbox 416 611 1742 696; baseline 0.004 -53"><span class='ocrx_word' id='word_1_24' title='bbox 416 611 691 696; x_wconf 39' lang='lat' dir='ltr'>lag’xvqimissffu’</span> <span class='ocrx_word' id='word_1_25' title='bbox 710 612 885 655; x_wconf 90' lang='lat' dir='ltr'>Jehovah,</span> <span class='ocrx_word' id='word_1_26' title='bbox 904 613 1085 654; x_wconf 85' lang='lat' dir='ltr'>adjuveris</span> <span class='ocrx_word' id='word_1_27' title='bbox 1106 624 1174 653; x_wconf 89' lang='lat' dir='ltr'>me,</span> <span class='ocrx_word' id='word_1_28' title='bbox 1200 621 1236 646; x_wconf 88' lang='lat' dir='ltr'>et</span> <span class='ocrx_word' id='word_1_29' title='bbox 1256 615 1465 647; x_wconf 89' lang='lat' dir='ltr'>consolatus</span> <span class='ocrx_word' id='word_1_30' title='bbox 1488 616 1538 647; x_wconf 91' lang='lat' dir='ltr'>sis</span> <span class='ocrx_word' id='word_1_31' title='bbox 1561 615 1647 647; x_wconf 87' lang='lat' dir='ltr'>me&#39;¹</span> <span class='ocrx_word' id='word_1_32' title='bbox 1670 616 1742 656; x_wconf 84' lang='lat' dir='ltr'>(Ps.</span> 
     </span>
    </p>
   </div>
   <div class='ocr_carea' id='block_1_5' title="bbox 176 739 1743 798">
    <p class='ocr_par' dir='ltr' id='par_1_5' title="bbox 60 733 1743 805">
     <span class='ocr_line' id='line_1_6' title="bbox 176 739 1743 798; baseline 0.002 -15.724"><span class='ocrx_word' id='word_1_33' title='bbox 176 768 178 770; x_wconf 97' lang='lat'>-</span> <span class='ocrx_word' id='word_1_34' title='bbox 243 739 429 783; x_wconf 85' lang='lat' dir='ltr'>“facere</span> <span class='ocrx_word' id='word_1_35' title='bbox 454 741 634 795; x_wconf 86' lang='lat' dir='ltr'>signum</span> <span class='ocrx_word' id='word_1_36' title='bbox 665 742 710 782; x_wconf 90' lang='lat' dir='ltr'>in</span> <span class='ocrx_word' id='word_1_37' title='bbox 742 741 944 783; x_wconf 89' lang='lat' dir='ltr'>bonum’&#39;</span> <span class='ocrx_word' id='word_1_38' title='bbox 971 742 1195 796; x_wconf 88' lang='lat' dir='ltr'>significat</span> <span class='ocrx_word' id='word_1_39' title='bbox 1224 743 1596 786; x_wconf 86' lang='lat' dir='ltr'>testificationem</span> <span class='ocrx_word' id='word_1_40' title='bbox 1623 746 1743 798; x_wconf 89' lang='lat' dir='ltr'>quod</span> 
     </span>
    </p>
   </div>
   <div class='ocr_carea' id='block_1_6' title="bbox 237 802 1744 1051">
    <p class='ocr_par' dir='ltr' id='par_1_6' title="bbox 237 802 1744 1051">
     <span class='ocr_line' id='line_1_7' title="bbox 237 802 1742 862; baseline 0.003 -17"><span class='ocrx_word' id='word_1_41' title='bbox 237 802 446 859; x_wconf 83' lang='lat' dir='ltr'>Jehovali·</span> <span class='ocrx_word' id='word_1_42' title='bbox 466 803 649 858; x_wconf 89' lang='lat' dir='ltr'>adjuvet</span> <span class='ocrx_word' id='word_1_43' title='bbox 672 805 798 846; x_wconf 91' lang='lat' dir='ltr'>illum</span> <span class='ocrx_word' id='word_1_44' title='bbox 820 813 866 846; x_wconf 90' lang='lat' dir='ltr'>et</span> <span class='ocrx_word' id='word_1_45' title='bbox 894 807 1156 848; x_wconf 84' lang='lat' dir='ltr'>consoletur</span> <span class='ocrx_word' id='word_1_46' title='bbox 1177 807 1316 857; x_wconf 88' lang='lat' dir='ltr'>illum,</span> <span class='ocrx_word' id='word_1_47' title='bbox 1342 815 1391 849; x_wconf 93' lang='lat' dir='ltr'>ut</span> <span class='ocrx_word' id='word_1_48' title='bbox 1417 809 1632 862; x_wconf 89' lang='lat' dir='ltr'>sequitur,</span> <span class='ocrx_word' id='word_1_49' title='bbox 1657 809 1742 849; x_wconf 89' lang='lat' dir='ltr'>hoc</span> 
     </span>
     <span class='ocr_line' id='line_1_8' title="bbox 240 867 1744 926; baseline 0.003 -18"><span class='ocrx_word' id='word_1_50' title='bbox 240 867 361 909; x_wconf 89' lang='lat' dir='ltr'>enim</span> <span class='ocrx_word' id='word_1_51' title='bbox 400 874 470 910; x_wconf 90' lang='lat' dir='ltr'>est</span> <span class='ocrx_word' id='word_1_52' title='bbox 501 868 686 918; x_wconf 91' lang='lat' dir='ltr'>bonum,</span> <span class='ocrx_word' id='word_1_53' title='bbox 719 869 763 910; x_wconf 91' lang='lat' dir='ltr'>in</span> <span class='ocrx_word' id='word_1_54' title='bbox 801 869 922 923; x_wconf 90' lang='lat' dir='ltr'>quod</span> <span class='ocrx_word' id='word_1_55' title='bbox 958 869 1164 923; x_wconf 88' lang='lat' dir='ltr'>Jehovah</span> <span class='ocrx_word' id='word_1_56' title='bbox 1195 871 1364 912; x_wconf 86' lang='lat' dir='ltr'>faceret</span> <span class='ocrx_word' id='word_1_57' title='bbox 1396 872 1603 925; x_wconf 86' lang='lat' dir='ltr'>signum;</span> <span class='ocrx_word' id='word_1_58' title='bbox 1642 873 1744 926; x_wconf 89' lang='lat' dir='ltr'>quia</span> 
     </span>
     <span class='ocr_line' id='line_1_9' title="bbox 241 931 1742 985; baseline 0.003 -13"><span class='ocrx_word' id='word_1_59' title='bbox 241 931 420 985; x_wconf 88' lang='lat' dir='ltr'>signum</span> <span class='ocrx_word' id='word_1_60' title='bbox 461 938 531 973; x_wconf 91' lang='lat' dir='ltr'>est</span> <span class='ocrx_word' id='word_1_61' title='bbox 567 931 832 974; x_wconf 85' lang='lat' dir='ltr'>testificatio</span> <span class='ocrx_word' id='word_1_62' title='bbox 869 933 925 974; x_wconf 90' lang='lat' dir='ltr'>de</span> <span class='ocrx_word' id='word_1_63' title='bbox 967 948 1035 983; x_wconf 92' lang='lat' dir='ltr'>eo,</span> <span class='ocrx_word' id='word_1_64' title='bbox 1074 934 1178 975; x_wconf 92' lang='lat' dir='ltr'>ideo</span> <span class='ocrx_word' id='word_1_65' title='bbox 1214 934 1391 984; x_wconf 90' lang='lat' dir='ltr'>dicitur,</span> <span class='ocrx_word' id='word_1_66' title='bbox 1433 939 1521 976; x_wconf 86' lang='lat' dir='ltr'>“ut</span> <span class='ocrx_word' id='word_1_67' title='bbox 1558 935 1742 976; x_wconf 89' lang='lat' dir='ltr'>videant</span> 
     </span>
     <span class='ocr_line' id='line_1_10' title="bbox 240 995 1315 1051; baseline 0.002 -15"><span class='ocrx_word' id='word_1_68' title='bbox 240 1007 396 1036; x_wconf 83' lang='lat' dir='ltr'>osores</span> <span class='ocrx_word' id='word_1_69' title='bbox 421 995 510 1036; x_wconf 90' lang='lat' dir='ltr'>mei</span> <span class='ocrx_word' id='word_1_70' title='bbox 535 1001 582 1037; x_wconf 91' lang='lat' dir='ltr'>et</span> <span class='ocrx_word' id='word_1_71' title='bbox 609 995 880 1050; x_wconf 90' lang='lat' dir='ltr'>pudefiant.&#39;’</span> <span class='ocrx_word' id='word_1_72' title='bbox 941 996 1080 1051; x_wconf 88' lang='lat' dir='ltr'>Apud</span> <span class='ocrx_word' id='word_1_73' title='bbox 1106 997 1315 1047; x_wconf 89' lang='lat' dir='ltr'>eundem,</span> 
     </span>
    </p>
   </div>
   <div class='ocr_carea' id='block_1_7' title="bbox 307 1079 1744 1222">
    <p class='ocr_par' dir='ltr' id='par_1_7' title="bbox 307 1079 1744 1222">
     <span class='ocr_line' id='line_1_11' title="bbox 307 1079 1744 1135; baseline 0.001 -12"><span class='ocrx_word' id='word_1_74' title='bbox 307 1089 405 1124; x_wconf 84' lang='lat' dir='ltr'>Deus</span> <span class='ocrx_word' id='word_1_75' title='bbox 423 1079 511 1133; x_wconf 83' lang='lat' dir='ltr'>“qui</span> <span class='ocrx_word' id='word_1_76' title='bbox 531 1091 648 1123; x_wconf 86' lang='lat' dir='ltr'>firmat</span> <span class='ocrx_word' id='word_1_77' title='bbox 665 1098 807 1124; x_wconf 89' lang='lat' dir='ltr'>montes</span> <span class='ocrx_word' id='word_1_78' title='bbox 824 1093 955 1124; x_wconf 90' lang='lat' dir='ltr'>virtute</span> <span class='ocrx_word' id='word_1_79' title='bbox 972 1103 1046 1131; x_wconf 89' lang='lat' dir='ltr'>sua,</span> <span class='ocrx_word' id='word_1_80' title='bbox 1063 1091 1244 1125; x_wconf 62' lang='lat' dir='ltr'>accinctus</span> <span class='ocrx_word' id='word_1_81' title='bbox 1261 1100 1315 1126; x_wconf 87' lang='lat' dir='ltr'>est</span> <span class='ocrx_word' id='word_1_82' title='bbox 1336 1094 1508 1134; x_wconf 86' lang='lat' dir='ltr'>potentia,</span> <span class='ocrx_word' id='word_1_83' title='bbox 1526 1094 1585 1135; x_wconf 89' lang='lat' dir='ltr'>qui</span> <span class='ocrx_word' id='word_1_84' title='bbox 1602 1103 1744 1125; x_wconf 85' lang='lat' dir='ltr'>cessare</span> 
     </span>
     <span class='ocr_line' id='line_1_12' title="bbox 415 1134 1743 1178; baseline 0.002 -12"><span class='ocrx_word' id='word_1_85' title='bbox 415 1134 502 1167; x_wconf 77' lang='lat' dir='ltr'>facit</span> <span class='ocrx_word' id='word_1_86' title='bbox 528 1136 720 1168; x_wconf 89' lang='lat' dir='ltr'>tumultum</span> <span class='ocrx_word' id='word_1_87' title='bbox 754 1137 917 1175; x_wconf 85' lang='lat' dir='ltr'>marium,</span> <span class='ocrx_word' id='word_1_88' title='bbox 945 1137 1135 1168; x_wconf 91' lang='lat' dir='ltr'>tumultum</span> <span class='ocrx_word' id='word_1_89' title='bbox 1169 1136 1342 1169; x_wconf 57' lang='lat' dir='ltr'>fluctuum</span> <span class='ocrx_word' id='word_1_90' title='bbox 1372 1138 1462 1178; x_wconf 84' lang='lat' dir='ltr'>ejus,</span> <span class='ocrx_word' id='word_1_91' title='bbox 1489 1144 1523 1169; x_wconf 88' lang='lat' dir='ltr'>et</span> <span class='ocrx_word' id='word_1_92' title='bbox 1555 1138 1743 1178; x_wconf 88' lang='lat' dir='ltr'>strepitum</span> 
     </span>
     <span class='ocr_line' id='line_1_13' title="bbox 415 1179 1742 1222; baseline 0.002 -11"><span class='ocrx_word' id='word_1_93' title='bbox 415 1179 640 1220; x_wconf 85' lang='lat' dir='ltr'>populorum,</span> <span class='ocrx_word' id='word_1_94' title='bbox 658 1185 697 1211; x_wconf 92' lang='lat' dir='ltr'>ut</span> <span class='ocrx_word' id='word_1_95' title='bbox 716 1180 867 1212; x_wconf 85' lang='lat' dir='ltr'>timeant</span> <span class='ocrx_word' id='word_1_96' title='bbox 884 1181 1104 1212; x_wconf 86' lang='lat' dir='ltr'>habitatores</span> <span class='ocrx_word' id='word_1_97' title='bbox 1125 1181 1249 1213; x_wconf 88' lang='lat' dir='ltr'>finium</span> <span class='ocrx_word' id='word_1_98' title='bbox 1271 1192 1316 1213; x_wconf 89' lang='lat' dir='ltr'>ex</span> <span class='ocrx_word' id='word_1_99' title='bbox 1334 1182 1448 1222; x_wconf 88' lang='lat' dir='ltr'>signis</span> <span class='ocrx_word' id='word_1_100' title='bbox 1466 1182 1535 1214; x_wconf 91' lang='lat' dir='ltr'>tuis</span> <span class='ocrx_word' id='word_1_101' title='bbox 1547 1181 1565 1193; x_wconf 90' lang='lat'>’&#39;</span> <span class='ocrx_word' id='word_1_102' title='bbox 1583 1181 1655 1222; x_wconf 86' lang='lat' dir='ltr'>(Ps.</span> <span class='ocrx_word' id='word_1_103' title='bbox 1674 1182 1742 1213; x_wconf 82' lang='lat' dir='ltr'>le.</span> 
     </span>
    </p>
   </div>
   <div class='ocr_carea' id='block_1_8' title="bbox 417 1221 821 1267">
    <p class='ocr_par' dir='ltr' id='par_1_8' title="bbox 417 1221 821 1267">
     <span class='ocr_line' id='line_1_14' title="bbox 417 1221 821 1267; baseline 0.007 -14"><span class='ocrx_word' id='word_1_104' title='bbox 417 1229 446 1262; x_wconf 89' lang='lat'>7,</span> <span class='ocrx_word' id='word_1_105' title='bbox 461 1221 508 1266; x_wconf 75' lang='lat' dir='ltr'>ss,</span> <span class='ocrx_word' id='word_1_106' title='bbox 520 1221 557 1265; x_wconf 86' lang='lat'>9]</span> <span class='ocrx_word' id='word_1_107' title='bbox 573 1221 633 1265; x_wconf 78' lang='lat' dir='ltr'>[B.</span> <span class='ocrx_word' id='word_1_108' title='bbox 647 1225 692 1256; x_wconf 86' lang='lat' dir='ltr'>A.</span> <span class='ocrx_word' id='word_1_109' title='bbox 705 1222 821 1267; x_wconf 86' lang='lat'>6—8]):</span> 
     </span>
    </p>
   </div>
   <div class='ocr_carea' id='block_1_9' title="bbox 232 1316 1744 1818">
    <p class='ocr_par' dir='ltr' id='par_1_9' title="bbox 232 1316 1744 1818">
     <span class='ocr_line' id='line_1_15' title="bbox 232 1316 1743 1373; baseline 0.001 -14"><span class='ocrx_word' id='word_1_110' title='bbox 232 1317 305 1373; x_wconf 86' lang='lat' dir='ltr'>ita</span> <span class='ocrx_word' id='word_1_111' title='bbox 329 1316 596 1360; x_wconf 85' lang='lat' dir='ltr'>describitur</span> <span class='ocrx_word' id='word_1_112' title='bbox 623 1317 788 1359; x_wconf 88' lang='lat' dir='ltr'>Divina</span> <span class='ocrx_word' id='word_1_113' title='bbox 814 1319 1022 1372; x_wconf 89' lang='lat' dir='ltr'>potentia</span> <span class='ocrx_word' id='word_1_114' title='bbox 1048 1319 1231 1360; x_wconf 88' lang='lat' dir='ltr'>Domini</span> <span class='ocrx_word' id='word_1_115' title='bbox 1263 1333 1343 1372; x_wconf 90' lang='lat' dir='ltr'>per</span> <span class='ocrx_word' id='word_1_116' title='bbox 1368 1318 1663 1361; x_wconf 87' lang='lat' dir='ltr'>testificantia</span> <span class='ocrx_word' id='word_1_117' title='bbox 1694 1326 1743 1360; x_wconf 92' lang='lat' dir='ltr'>ut</span> 
     </span>
     <span class='ocr_line' id='line_1_16' title="bbox 240 1381 1743 1436; baseline -0.001 -13"><span class='ocrx_word' id='word_1_118' title='bbox 240 1381 458 1434; x_wconf 86' lang='lat' dir='ltr'>credant;</span> <span class='ocrx_word' id='word_1_119' title='bbox 491 1381 571 1423; x_wconf 91' lang='lat' dir='ltr'>sed</span> <span class='ocrx_word' id='word_1_120' title='bbox 597 1381 906 1431; x_wconf 87' lang='lat' dir='ltr'>testificantia,</span> <span class='ocrx_word' id='word_1_121' title='bbox 931 1396 1045 1436; x_wconf 90' lang='lat' dir='ltr'>quae</span> <span class='ocrx_word' id='word_1_122' title='bbox 1072 1390 1178 1424; x_wconf 88' lang='lat' dir='ltr'>sunt</span> <span class='ocrx_word' id='word_1_123' title='bbox 1205 1383 1348 1436; x_wconf 88' lang='lat' dir='ltr'>signa,</span> <span class='ocrx_word' id='word_1_124' title='bbox 1374 1395 1465 1424; x_wconf 90' lang='lat' dir='ltr'>non</span> <span class='ocrx_word' id='word_1_125' title='bbox 1492 1389 1596 1424; x_wconf 91' lang='lat' dir='ltr'>sunt</span> <span class='ocrx_word' id='word_1_126' title='bbox 1623 1382 1743 1436; x_wconf 92' lang='lat' dir='ltr'>quod</span> 
     </span>
     <span class='ocr_line' id='line_1_17' title="bbox 242 1444 1743 1496; baseline 0 -10"><span class='ocrx_word' id='word_1_127' title='bbox 242 1444 432 1487; x_wconf 86' lang='lat' dir='ltr'>“firmet</span> <span class='ocrx_word' id='word_1_128' title='bbox 474 1446 694 1496; x_wconf 87' lang='lat' dir='ltr'>montes,”</span> <span class='ocrx_word' id='word_1_129' title='bbox 738 1450 954 1488; x_wconf 86' lang='lat' dir='ltr'>“cessare</span> <span class='ocrx_word' id='word_1_130' title='bbox 995 1446 1129 1488; x_wconf 86' lang='lat' dir='ltr'>faciat</span> <span class='ocrx_word' id='word_1_131' title='bbox 1173 1447 1420 1488; x_wconf 88' lang='lat' dir='ltr'>tumultum</span> <span class='ocrx_word' id='word_1_132' title='bbox 1463 1447 1650 1487; x_wconf 87' lang='lat' dir='ltr'>marium</span> <span class='ocrx_word' id='word_1_133' title='bbox 1698 1453 1743 1487; x_wconf 90' lang='lat' dir='ltr'>et</span> 
     </span>
     <span class='ocr_line' id='line_1_18' title="bbox 239 1506 1744 1564; baseline 0 -14"><span class='ocrx_word' id='word_1_134' title='bbox 239 1506 469 1559; x_wconf 64' lang='lat' dir='ltr'>fluctuum,</span> <span class='ocrx_word' id='word_1_135' title='bbox 502 1523 554 1551; x_wconf 90' lang='lat' dir='ltr'>ac</span> <span class='ocrx_word' id='word_1_136' title='bbox 592 1510 832 1563; x_wconf 85' lang='lat' dir='ltr'>strepitum</span> <span class='ocrx_word' id='word_1_137' title='bbox 864 1510 1174 1564; x_wconf 87' lang='lat' dir='ltr'>populorum‚&#39;’</span> <span class='ocrx_word' id='word_1_138' title='bbox 1205 1511 1317 1552; x_wconf 89' lang='lat' dir='ltr'>haec</span> <span class='ocrx_word' id='word_1_139' title='bbox 1355 1511 1476 1551; x_wconf 90' lang='lat' dir='ltr'>enim</span> <span class='ocrx_word' id='word_1_140' title='bbox 1507 1523 1598 1551; x_wconf 89' lang='lat' dir='ltr'>non</span> <span class='ocrx_word' id='word_1_141' title='bbox 1636 1509 1744 1551; x_wconf 89' lang='lat' dir='ltr'>talia</span> 
     </span>
     <span class='ocr_line' id='line_1_19' title="bbox 239 1573 1742 1629; baseline 0 -15"><span class='ocrx_word' id='word_1_142' title='bbox 239 1573 371 1627; x_wconf 85' lang='lat' dir='ltr'>signa</span> <span class='ocrx_word' id='word_1_143' title='bbox 395 1578 502 1614; x_wconf 90' lang='lat' dir='ltr'>sunt</span> <span class='ocrx_word' id='word_1_144' title='bbox 533 1579 583 1614; x_wconf 91' lang='lat' dir='ltr'>ut</span> <span class='ocrx_word' id='word_1_145' title='bbox 615 1574 920 1627; x_wconf 85' lang='lat' dir='ltr'>persuadeant</span> <span class='ocrx_word' id='word_1_146' title='bbox 954 1574 1040 1615; x_wconf 89' lang='lat' dir='ltr'>illis</span> <span class='ocrx_word' id='word_1_147' title='bbox 1067 1575 1140 1629; x_wconf 90' lang='lat' dir='ltr'>qui</span> <span class='ocrx_word' id='word_1_148' title='bbox 1166 1575 1318 1616; x_wconf 91' lang='lat' dir='ltr'>omnia</span> <span class='ocrx_word' id='word_1_149' title='bbox 1345 1574 1547 1616; x_wconf 84' lang='lat' dir='ltr'>Naturae</span> <span class='ocrx_word' id='word_1_150' title='bbox 1573 1574 1742 1615; x_wconf 89' lang='lat' dir='ltr'>adscri-</span> 
     </span>
     <span class='ocr_line' id='line_1_20' title="bbox 238 1633 1743 1691; baseline 0 -14"><span class='ocrx_word' id='word_1_151' title='bbox 238 1633 380 1678; x_wconf 76' lang='lat' dir='ltr'>bunt:</span> <span class='ocrx_word' id='word_1_152' title='bbox 419 1636 500 1678; x_wconf 89' lang='lat' dir='ltr'>sed</span> <span class='ocrx_word' id='word_1_153' title='bbox 531 1650 586 1678; x_wconf 88' lang='lat' dir='ltr'>ea</span> <span class='ocrx_word' id='word_1_154' title='bbox 617 1643 722 1678; x_wconf 90' lang='lat' dir='ltr'>sunt</span> <span class='ocrx_word' id='word_1_155' title='bbox 755 1638 885 1690; x_wconf 87' lang='lat' dir='ltr'>signa</span> <span class='ocrx_word' id='word_1_156' title='bbox 917 1637 1211 1678; x_wconf 87' lang='lat' dir='ltr'>testificantia</span> <span class='ocrx_word' id='word_1_157' title='bbox 1243 1637 1455 1678; x_wconf 87' lang='lat' dir='ltr'>Divinam</span> <span class='ocrx_word' id='word_1_158' title='bbox 1488 1638 1743 1691; x_wconf 88' lang='lat' dir='ltr'>potentiam</span> 
     </span>
     <span class='ocr_line' id='line_1_21' title="bbox 240 1699 1744 1755; baseline 0.001 -15"><span class='ocrx_word' id='word_1_159' title='bbox 240 1699 438 1750; x_wconf 86' lang='lat' dir='ltr'>Domini,</span> <span class='ocrx_word' id='word_1_160' title='bbox 473 1713 587 1754; x_wconf 89' lang='lat' dir='ltr'>quae</span> <span class='ocrx_word' id='word_1_161' title='bbox 623 1701 668 1741; x_wconf 93' lang='lat' dir='ltr'>in</span> <span class='ocrx_word' id='word_1_162' title='bbox 706 1714 840 1742; x_wconf 90' lang='lat' dir='ltr'>sensu</span> <span class='ocrx_word' id='word_1_163' title='bbox 872 1701 1106 1755; x_wconf 84' lang='lat' dir='ltr'>spirituali,</span> <span class='ocrx_word' id='word_1_164' title='bbox 1141 1702 1184 1742; x_wconf 91' lang='lat' dir='ltr'>in</span> <span class='ocrx_word' id='word_1_165' title='bbox 1222 1715 1311 1755; x_wconf 90' lang='lat' dir='ltr'>quo</span> <span class='ocrx_word' id='word_1_166' title='bbox 1342 1702 1492 1754; x_wconf 86' lang='lat' dir='ltr'>agitur</span> <span class='ocrx_word' id='word_1_167' title='bbox 1523 1701 1579 1741; x_wconf 91' lang='lat' dir='ltr'>de</span> <span class='ocrx_word' id='word_1_168' title='bbox 1617 1700 1744 1741; x_wconf 87' lang='lat' dir='ltr'>caelo</span> 
     </span>
     <span class='ocr_line' id='line_1_22' title="bbox 238 1763 1744 1818; baseline 0 -14"><span class='ocrx_word' id='word_1_169' title='bbox 238 1769 286 1805; x_wconf 92' lang='lat' dir='ltr'>et</span> <span class='ocrx_word' id='word_1_170' title='bbox 307 1763 518 1814; x_wconf 83' lang='lat' dir='ltr'>ecclesia,</span> <span class='ocrx_word' id='word_1_171' title='bbox 543 1763 889 1818; x_wconf 87' lang='lat' dir='ltr'>intelliguntur;</span> <span class='ocrx_word' id='word_1_172' title='bbox 923 1765 967 1805; x_wconf 92' lang='lat' dir='ltr'>in</span> <span class='ocrx_word' id='word_1_173' title='bbox 994 1778 1050 1805; x_wconf 89' lang='lat' dir='ltr'>eo</span> <span class='ocrx_word' id='word_1_174' title='bbox 1075 1765 1195 1805; x_wconf 89' lang='lat' dir='ltr'>enim</span> <span class='ocrx_word' id='word_1_175' title='bbox 1217 1778 1351 1805; x_wconf 89' lang='lat' dir='ltr'>sensu</span> <span class='ocrx_word' id='word_1_176' title='bbox 1378 1778 1457 1818; x_wconf 92' lang='lat' dir='ltr'>per</span> <span class='ocrx_word' id='word_1_177' title='bbox 1486 1763 1744 1812; x_wconf 80' lang='lat' dir='ltr'>“montes,‘&#39;</span> 
     </span>
    </p>
   </div>
   <div class='ocr_carea' id='block_1_10' title="bbox 174 1827 1744 1881">
    <p class='ocr_par' dir='ltr' id='par_1_10' title="bbox 174 1827 1744 1881">
     <span class='ocr_line' id='line_1_23' title="bbox 174 1827 1744 1881; baseline -0.001 -12"><span class='ocrx_word' id='word_1_178' title='bbox 174 1842 180 1847; x_wconf 86' lang='grc'>·</span> <span class='ocrx_word' id='word_1_179' title='bbox 238 1840 351 1881; x_wconf 90' lang='lat' dir='ltr'>quos</span> <span class='ocrx_word' id='word_1_180' title='bbox 393 1828 561 1869; x_wconf 90' lang='lat' dir='ltr'>virtute</span> <span class='ocrx_word' id='word_1_181' title='bbox 602 1827 767 1877; x_wconf 89' lang='lat' dir='ltr'>firmat,</span> <span class='ocrx_word' id='word_1_182' title='bbox 810 1827 1128 1881; x_wconf 86' lang='lat' dir='ltr'>intelliguntur</span> <span class='ocrx_word' id='word_1_183' title='bbox 1173 1828 1287 1869; x_wconf 89' lang='lat' dir='ltr'>caeli</span> <span class='ocrx_word' id='word_1_184' title='bbox 1332 1828 1597 1881; x_wconf 85' lang='lat' dir='ltr'>superiores,</span> <span class='ocrx_word' id='word_1_185' title='bbox 1642 1828 1744 1881; x_wconf 87' lang='lat' dir='ltr'>quia</span> 
     </span>
    </p>
   </div>
   <div class='ocr_carea' id='block_1_11' title="bbox 0 590 136 2087">
    <p class='ocr_par' dir='ltr' id='par_1_11' title="bbox 0 590 136 2087">
     <span class='ocr_line' id='line_1_24' title="bbox 0 590 136 2087; baseline 0 0"><span class='ocrx_word' id='word_1_186' title='bbox 0 590 136 2087; x_wconf 95' lang='lat' dir='ltr'> </span> 
     </span>
    </p>
   </div>
   <div class='ocr_carea' id='block_1_12' title="bbox 187 1890 1744 2827">
    <p class='ocr_par' dir='ltr' id='par_1_12' title="bbox 237 1890 1744 2263">
     <span class='ocr_line' id='line_1_25' title="bbox 237 1890 1742 1945; baseline -0.001 -13"><span class='ocrx_word' id='word_1_187' title='bbox 237 1890 390 1945; x_wconf 87' lang='lat' dir='ltr'>angeli</span> <span class='ocrx_word' id='word_1_188' title='bbox 426 1891 605 1932; x_wconf 90' lang='lat' dir='ltr'>illorum</span> <span class='ocrx_word' id='word_1_189' title='bbox 643 1892 874 1932; x_wconf 86' lang='lat' dir='ltr'>caelorum</span> <span class='ocrx_word' id='word_1_190' title='bbox 907 1905 1041 1944; x_wconf 87' lang='lat' dir='ltr'>super</span> <span class='ocrx_word' id='word_1_191' title='bbox 1072 1892 1303 1932; x_wconf 86' lang='lat' dir='ltr'>montibus</span> <span class='ocrx_word' id='word_1_192' title='bbox 1335 1892 1572 1942; x_wconf 87' lang='lat' dir='ltr'>habitant;</span> <span class='ocrx_word' id='word_1_193' title='bbox 1615 1898 1662 1931; x_wconf 91' lang='lat' dir='ltr'>et</span> <span class='ocrx_word' id='word_1_194' title='bbox 1699 1891 1742 1930; x_wconf 93' lang='lat' dir='ltr'>in</span> 
     </span>
     <span class='ocr_line' id='line_1_26' title="bbox 237 1948 1743 2009; baseline -0.001 -13"><span class='ocrx_word' id='word_1_195' title='bbox 237 1948 372 1996; x_wconf 63' lang='lat' dir='ltr'>sensu</span> <span class='ocrx_word' id='word_1_196' title='bbox 397 1953 631 1996; x_wconf 60' lang='lat' dir='ltr'>abstracto</span> <span class='ocrx_word' id='word_1_197' title='bbox 656 1955 928 2009; x_wconf 86' lang='lat' dir='ltr'>intelligitur</span> <span class='ocrx_word' id='word_1_198' title='bbox 953 1969 1080 1996; x_wconf 89' lang='lat' dir='ltr'>amor</span> <span class='ocrx_word' id='word_1_199' title='bbox 1111 1956 1156 1996; x_wconf 91' lang='lat' dir='ltr'>in</span> <span class='ocrx_word' id='word_1_200' title='bbox 1189 1955 1435 1996; x_wconf 90' lang='lat' dir='ltr'>Dominum</span> <span class='ocrx_word' id='word_1_201' title='bbox 1468 1962 1514 1996; x_wconf 90' lang='lat' dir='ltr'>et</span> <span class='ocrx_word' id='word_1_202' title='bbox 1547 1955 1743 1995; x_wconf 84' lang='lat' dir='ltr'>charitas</span> 
     </span>
     <span class='ocr_line' id='line_1_27' title="bbox 237 2016 1740 2072; baseline -0.001 -12"><span class='ocrx_word' id='word_1_203' title='bbox 237 2031 346 2072; x_wconf 87' lang='lat' dir='ltr'>erga</span> <span class='ocrx_word' id='word_1_204' title='bbox 362 2019 622 2072; x_wconf 79' lang='lat' dir='ltr'>proximum</span> <span class='ocrx_word' id='word_1_205' title='bbox 641 2033 650 2070; x_wconf 92' lang='grc'><strong>;</strong></span> <span class='ocrx_word' id='word_1_206' title='bbox 683 2019 794 2060; x_wconf 90' lang='lat' dir='ltr'>haec</span> <span class='ocrx_word' id='word_1_207' title='bbox 814 2025 919 2060; x_wconf 91' lang='lat' dir='ltr'>sunt</span> <span class='ocrx_word' id='word_1_208' title='bbox 937 2033 1052 2072; x_wconf 92' lang='lat' dir='ltr'>quae</span> <span class='ocrx_word' id='word_1_209' title='bbox 1074 2019 1310 2067; x_wconf 89' lang='lat' dir='ltr'>Dominus,</span> <span class='ocrx_word' id='word_1_210' title='bbox 1331 2016 1560 2060; x_wconf 66' lang='lat' dir='ltr'>accinctus</span> <span class='ocrx_word' id='word_1_211' title='bbox 1579 2024 1740 2072; x_wconf 90' lang='lat' dir='ltr'>poten-</span> 
     </span>
     <span class='ocr_line' id='line_1_28' title="bbox 237 2080 1743 2141; baseline -0.001 -18"><span class='ocrx_word' id='word_1_212' title='bbox 237 2082 315 2132; x_wconf 88' lang='lat' dir='ltr'>tia,</span> <span class='ocrx_word' id='word_1_213' title='bbox 356 2083 562 2124; x_wconf 89' lang='lat' dir='ltr'>“virtute</span> <span class='ocrx_word' id='word_1_214' title='bbox 600 2096 680 2124; x_wconf 88' lang='lat' dir='ltr'>sua</span> <span class='ocrx_word' id='word_1_215' title='bbox 717 2082 907 2132; x_wconf 89' lang='lat' dir='ltr'>firmat,”</span> <span class='ocrx_word' id='word_1_216' title='bbox 945 2080 1044 2123; x_wconf 59' lang='lat' dir='ltr'>hoc&#39;</span> <span class='ocrx_word' id='word_1_217' title='bbox 1068 2089 1154 2141; x_wconf 78' lang='lat' dir='ltr'>est,</span> <span class='ocrx_word' id='word_1_218' title='bbox 1193 2082 1299 2123; x_wconf 84' lang='lat' dir='ltr'>facit</span> <span class='ocrx_word' id='word_1_219' title='bbox 1338 2089 1387 2127; x_wconf 90' lang='lat' dir='ltr'>ut</span> <span class='ocrx_word' id='word_1_220' title='bbox 1427 2083 1471 2123; x_wconf 91' lang='lat' dir='ltr'>in</span> <span class='ocrx_word' id='word_1_221' title='bbox 1506 2088 1743 2123; x_wconf 87' lang='lat' dir='ltr'>aeternum</span> 
     </span>
     <span class='ocr_line' id='line_1_29' title="bbox 237 2139 1744 2201; baseline -0.001 -13"><span class='ocrx_word' id='word_1_222' title='bbox 237 2146 487 2188; x_wconf 86' lang='lat' dir='ltr'>subsistant</span> <span class='ocrx_word' id='word_1_223' title='bbox 505 2161 514 2198; x_wconf 85' lang='lat'><em>3</em></span> <span class='ocrx_word' id='word_1_224' title='bbox 545 2139 668 2201; x_wconf 51' lang='lat' dir='ltr'>§uod</span> <span class='ocrx_word' id='word_1_225' title='bbox 689 2150 908 2188; x_wconf 88' lang='lat' dir='ltr'>“montes</span> <span class='ocrx_word' id='word_1_226' title='bbox 921 2147 939 2161; x_wconf 88' lang='grc'><em>”</em></span> <span class='ocrx_word' id='word_1_227' title='bbox 958 2147 1067 2188; x_wconf 89' lang='lat' dir='ltr'>talia</span> <span class='ocrx_word' id='word_1_228' title='bbox 1089 2146 1361 2200; x_wconf 84' lang='lat' dir='ltr'>significent,</span> <span class='ocrx_word' id='word_1_229' title='bbox 1381 2147 1588 2187; x_wconf 86' lang='lat' dir='ltr'>videatur</span> <span class='ocrx_word' id='word_1_230' title='bbox 1610 2159 1744 2198; x_wconf 88' lang='lat' dir='ltr'>supra</span> 
     </span>
     <span class='ocr_line' id='line_1_30' title="bbox 237 2207 1742 2263; baseline -0.001 -14"><span class='ocrx_word' id='word_1_231' title='bbox 237 2217 427 2262; x_wconf 85' lang='lat' dir='ltr'>(n.405):</span> <span class='ocrx_word' id='word_1_232' title='bbox 459 2222 541 2263; x_wconf 88' lang='lat' dir='ltr'>per</span> <span class='ocrx_word' id='word_1_233' title='bbox 561 2209 850 2250; x_wconf 90' lang='lat' dir='ltr'>“tumultum</span> <span class='ocrx_word' id='word_1_234' title='bbox 873 2209 1065 2249; x_wconf 84' lang='lat' dir='ltr'>marium</span> <span class='ocrx_word' id='word_1_235' title='bbox 1079 2208 1098 2224; x_wconf 91' lang='lat'>’&#39;</span> <span class='ocrx_word' id='word_1_236' title='bbox 1117 2215 1164 2249; x_wconf 88' lang='lat' dir='ltr'>et</span> <span class='ocrx_word' id='word_1_237' title='bbox 1185 2208 1475 2249; x_wconf 90' lang='lat' dir='ltr'>“tumultum</span> <span class='ocrx_word' id='word_1_238' title='bbox 1493 2207 1708 2249; x_wconf 65' lang='lat' dir='ltr'>fluctuum</span> <span class='ocrx_word' id='word_1_239' title='bbox 1723 2208 1742 2222; x_wconf 80' lang='lat'>&#39;’</span> 
     </span>
    </p>

    <p class='ocr_par' dir='ltr' id='par_1_13' title="bbox 187 2270 1742 2827">
     <span class='ocr_line' id='line_1_31' title="bbox 236 2270 1742 2325; baseline -0.001 -13"><span class='ocrx_word' id='word_1_240' title='bbox 236 2270 552 2325; x_wconf 86' lang='lat' dir='ltr'>intelliguntur</span> <span class='ocrx_word' id='word_1_241' title='bbox 583 2271 942 2324; x_wconf 87' lang='lat' dir='ltr'>disceptationes</span> <span class='ocrx_word' id='word_1_242' title='bbox 973 2277 1020 2311; x_wconf 92' lang='lat' dir='ltr'>et</span> <span class='ocrx_word' id='word_1_243' title='bbox 1057 2271 1428 2312; x_wconf 86' lang='lat' dir='ltr'>ratiocinationes</span> <span class='ocrx_word' id='word_1_244' title='bbox 1459 2270 1637 2311; x_wconf 90' lang='lat' dir='ltr'>illorum</span> <span class='ocrx_word' id='word_1_245' title='bbox 1669 2271 1742 2324; x_wconf 88' lang='lat' dir='ltr'>qui</span> 
     </span>
     <span class='ocr_line' id='line_1_32' title="bbox 187 2326 1742 2387; baseline -0.001 -11"><span class='ocrx_word' id='word_1_246' title='bbox 187 2326 190 2330; x_wconf 57' lang='grc'>’</span> <span class='ocrx_word' id='word_1_247' title='bbox 235 2334 348 2376; x_wconf 84' lang='lat' dir='ltr'>infra</span> <span class='ocrx_word' id='word_1_248' title='bbox 369 2334 522 2376; x_wconf 89' lang='lat' dir='ltr'>caelos</span> <span class='ocrx_word' id='word_1_249' title='bbox 547 2342 667 2384; x_wconf 90' lang='lat' dir='ltr'>sunt,</span> <span class='ocrx_word' id='word_1_250' title='bbox 692 2348 743 2376; x_wconf 90' lang='lat' dir='ltr'>ac</span> <span class='ocrx_word' id='word_1_251' title='bbox 771 2334 1001 2375; x_wconf 86' lang='lat' dir='ltr'>naturales</span> <span class='ocrx_word' id='word_1_252' title='bbox 1027 2341 1074 2375; x_wconf 93' lang='lat' dir='ltr'>et</span> <span class='ocrx_word' id='word_1_253' title='bbox 1101 2333 1357 2384; x_wconf 89' lang='lat' dir='ltr'>sensuales;</span> <span class='ocrx_word' id='word_1_254' title='bbox 1391 2334 1512 2387; x_wconf 92' lang='lat' dir='ltr'>quod</span> <span class='ocrx_word' id='word_1_255' title='bbox 1534 2334 1742 2374; x_wconf 87' lang='lat' dir='ltr'>“maria&#39;&#39;</span> 
     </span>
     <span class='ocr_line' id='line_1_33' title="bbox 235 2397 1740 2453; baseline 0 -15"><span class='ocrx_word' id='word_1_256' title='bbox 235 2397 491 2452; x_wconf 87' lang='lat' dir='ltr'>significent</span> <span class='ocrx_word' id='word_1_257' title='bbox 514 2398 600 2440; x_wconf 83' lang='lat' dir='ltr'>-illa</span> <span class='ocrx_word' id='word_1_258' title='bbox 630 2413 744 2453; x_wconf 90' lang='lat' dir='ltr'>quae</span> <span class='ocrx_word' id='word_1_259' title='bbox 777 2398 994 2439; x_wconf 87' lang='lat' dir='ltr'>naturalis</span> <span class='ocrx_word' id='word_1_260' title='bbox 1026 2398 1219 2439; x_wconf 89' lang='lat' dir='ltr'>hominis</span> <span class='ocrx_word' id='word_1_261' title='bbox 1251 2405 1371 2446; x_wconf 90' lang='lat' dir='ltr'>sunt,</span> <span class='ocrx_word' id='word_1_262' title='bbox 1402 2399 1466 2438; x_wconf 89' lang='lat' dir='ltr'>ita</span> <span class='ocrx_word' id='word_1_263' title='bbox 1497 2398 1740 2443; x_wconf 80' lang='lat' dir='ltr'>naturales,</span> 
     </span>
     <span class='ocr_line' id='line_1_34' title="bbox 235 2461 1740 2514; baseline -0.001 -10"><span class='ocrx_word' id='word_1_264' title='bbox 235 2468 284 2504; x_wconf 82' lang='lat' dir='ltr'>et</span> <span class='ocrx_word' id='word_1_265' title='bbox 314 2462 418 2504; x_wconf 85' lang='lat' dir='ltr'>inde</span> <span class='ocrx_word' id='word_1_266' title='bbox 444 2462 667 2504; x_wconf 89' lang='lat' dir='ltr'>tumultus</span> <span class='ocrx_word' id='word_1_267' title='bbox 693 2469 740 2504; x_wconf 92' lang='lat' dir='ltr'>et</span> <span class='ocrx_word' id='word_1_268' title='bbox 769 2461 928 2503; x_wconf 68' lang='lat' dir='ltr'>fluctus</span> <span class='ocrx_word' id='word_1_269' title='bbox 953 2475 1110 2503; x_wconf 90' lang='lat' dir='ltr'>eorum</span> <span class='ocrx_word' id='word_1_270' title='bbox 1136 2462 1493 2514; x_wconf 86' lang='lat' dir='ltr'>disceptationes</span> <span class='ocrx_word' id='word_1_271' title='bbox 1525 2468 1572 2502; x_wconf 92' lang='lat' dir='ltr'>et</span> <span class='ocrx_word' id='word_1_272' title='bbox 1603 2462 1740 2502; x_wconf 87' lang='lat' dir='ltr'>ratio-</span> 
     </span>
     <span class='ocr_line' id='line_1_35' title="bbox 236 2524 1739 2576; baseline -0.002 -10"><span class='ocrx_word' id='word_1_273' title='bbox 236 2524 509 2574; x_wconf 88' lang='lat' dir='ltr'>cinationes,</span> <span class='ocrx_word' id='word_1_274' title='bbox 535 2524 747 2566; x_wconf 91' lang='lat' dir='ltr'>videatur</span> <span class='ocrx_word' id='word_1_275' title='bbox 777 2525 916 2565; x_wconf 87' lang='lat' dir='ltr'>etiam</span> <span class='ocrx_word' id='word_1_276' title='bbox 947 2537 1084 2576; x_wconf 88' lang='lat' dir='ltr'>supra</span> <span class='ocrx_word' id='word_1_277' title='bbox 1114 2534 1160 2571; x_wconf 89' lang='lat' dir='ltr'>(n.</span> <span class='ocrx_word' id='word_1_278' title='bbox 1184 2533 1308 2575; x_wconf 86' lang='lat'>342):</span> <span class='ocrx_word' id='word_1_279' title='bbox 1346 2537 1427 2576; x_wconf 88' lang='lat' dir='ltr'>per</span> <span class='ocrx_word' id='word_1_280' title='bbox 1454 2524 1739 2576; x_wconf 85' lang='lat' dir='ltr'>“strepitum</span> 
     </span>
     <span class='ocr_line' id='line_1_36' title="bbox 235 2584 1738 2640; baseline -0.003 -12"><span class='ocrx_word' id='word_1_281' title='bbox 235 2586 534 2640; x_wconf 87' lang='lat' dir='ltr'>populorum’&#39;</span> <span class='ocrx_word' id='word_1_282' title='bbox 557 2586 873 2640; x_wconf 86' lang='lat' dir='ltr'>intelliguntur</span> <span class='ocrx_word' id='word_1_283' title='bbox 896 2584 1280 2627; x_wconf 65' lang='lat' dir='ltr'>contradictiones</span> <span class='ocrx_word' id='word_1_284' title='bbox 1307 2599 1333 2626; x_wconf 87' lang='lat' dir='ltr'>a</span> <span class='ocrx_word' id='word_1_285' title='bbox 1357 2585 1492 2634; x_wconf 85' lang='lat' dir='ltr'>salsis,</span> <span class='ocrx_word' id='word_1_286' title='bbox 1518 2598 1596 2638; x_wconf 90' lang='lat' dir='ltr'>per</span> <span class='ocrx_word' id='word_1_287' title='bbox 1620 2589 1645 2605; x_wconf 79' lang='lat'>‘⁴</span> <span class='ocrx_word' id='word_1_288' title='bbox 1660 2598 1738 2638; x_wconf 90' lang='lat' dir='ltr'>po-</span> 
     </span>
     <span class='ocr_line' id='line_1_37' title="bbox 235 2649 1739 2704; baseline -0.002 -12"><span class='ocrx_word' id='word_1_289' title='bbox 235 2649 366 2704; x_wconf 89' lang='lat' dir='ltr'>pulos</span> <span class='ocrx_word' id='word_1_290' title='bbox 377 2649 397 2666; x_wconf 89' lang='lat'>&#39;’</span> <span class='ocrx_word' id='word_1_291' title='bbox 414 2651 534 2692; x_wconf 89' lang='lat' dir='ltr'>enim</span> <span class='ocrx_word' id='word_1_292' title='bbox 552 2650 863 2704; x_wconf 88' lang='lat' dir='ltr'>significantur</span> <span class='ocrx_word' id='word_1_293' title='bbox 881 2650 943 2690; x_wconf 93' lang='lat' dir='ltr'>illi</span> <span class='ocrx_word' id='word_1_294' title='bbox 961 2651 1034 2704; x_wconf 90' lang='lat' dir='ltr'>qui</span> <span class='ocrx_word' id='word_1_295' title='bbox 1057 2651 1101 2690; x_wconf 91' lang='lat' dir='ltr'>in</span> <span class='ocrx_word' id='word_1_296' title='bbox 1119 2650 1235 2690; x_wconf 90' lang='lat' dir='ltr'>veris</span> <span class='ocrx_word' id='word_1_297' title='bbox 1253 2656 1372 2698; x_wconf 90' lang='lat' dir='ltr'>sunt,</span> <span class='ocrx_word' id='word_1_298' title='bbox 1393 2662 1444 2690; x_wconf 88' lang='lat' dir='ltr'>ac</span> <span class='ocrx_word' id='word_1_299' title='bbox 1466 2649 1509 2689; x_wconf 93' lang='lat' dir='ltr'>in</span> <span class='ocrx_word' id='word_1_300' title='bbox 1527 2649 1739 2701; x_wconf 83' lang='lat' dir='ltr'>opposito</span> 
     </span>
     <span class='ocr_line' id='line_1_38' title="bbox 235 2710 1738 2767; baseline -0.003 -12"><span class='ocrx_word' id='word_1_301' title='bbox 235 2726 386 2762; x_wconf 81' lang='lat' dir='ltr'>sensu,</span> <span class='ocrx_word' id='word_1_302' title='bbox 404 2713 480 2767; x_wconf 75' lang='lat' dir='ltr'>qul</span> <span class='ocrx_word' id='word_1_303' title='bbox 502 2713 546 2754; x_wconf 78' lang='lat' dir='ltr'>in</span> <span class='ocrx_word' id='word_1_304' title='bbox 566 2712 693 2753; x_wconf 76' lang='lat' dir='ltr'>falsis</span> <span class='ocrx_word' id='word_1_305' title='bbox 710 2723 871 2762; x_wconf 79' lang='lat' dir='ltr'>(videatur</span> <span class='ocrx_word' id='word_1_306' title='bbox 882 2731 987 2761; x_wconf 89' lang='lat' dir='ltr'>supra,</span> <span class='ocrx_word' id='word_1_307' title='bbox 1001 2731 1031 2752; x_wconf 91' lang='lat' dir='ltr'>n.</span> <span class='ocrx_word' id='word_1_308' title='bbox 1054 2721 1144 2764; x_wconf 82' lang='lat'>175,</span> <span class='ocrx_word' id='word_1_309' title='bbox 1163 2722 1256 2764; x_wconf 81' lang='lat'>331,</span> <span class='ocrx_word' id='word_1_310' title='bbox 1272 2710 1372 2763; x_wconf 85' lang='lat'><strong>625)</strong></span> <span class='ocrx_word' id='word_1_311' title='bbox 1391 2724 1398 2751; x_wconf 91' lang='lat'>:</span> <span class='ocrx_word' id='word_1_312' title='bbox 1430 2715 1455 2731; x_wconf 85' lang='lat'><em>“</em></span> <span class='ocrx_word' id='word_1_313' title='bbox 1470 2717 1517 2752; x_wconf 78' lang='lat' dir='ltr'>ut</span> <span class='ocrx_word' id='word_1_314' title='bbox 1541 2712 1738 2751; x_wconf 76' lang='lat' dir='ltr'>timeant</span> 
     </span>
     <span class='ocr_line' id='line_1_39' title="bbox 235 2771 1738 2827; baseline -0.003 -11"><span class='ocrx_word' id='word_1_315' title='bbox 235 2775 518 2816; x_wconf 88' lang='lat' dir='ltr'>habitatores</span> <span class='ocrx_word' id='word_1_316' title='bbox 543 2773 696 2815; x_wconf 89' lang='lat' dir='ltr'>finium</span> <span class='ocrx_word' id='word_1_317' title='bbox 722 2787 748 2814; x_wconf 89' lang='lat' dir='ltr'>a</span> <span class='ocrx_word' id='word_1_318' title='bbox 774 2774 913 2827; x_wconf 86' lang='lat' dir='ltr'>signis</span> <span class='ocrx_word' id='word_1_319' title='bbox 939 2773 1059 2814; x_wconf 90' lang='lat' dir='ltr'>tuis’‘</span> <span class='ocrx_word' id='word_1_320' title='bbox 1082 2772 1306 2827; x_wconf 89' lang='lat' dir='ltr'>significat</span> <span class='ocrx_word' id='word_1_321' title='bbox 1333 2771 1538 2814; x_wconf 65' lang='lat' dir='ltr'>sanctum</span> <span class='ocrx_word' id='word_1_322' title='bbox 1567 2772 1738 2813; x_wconf 90' lang='lat' dir='ltr'>cultum</span> 
     </span>
    </p>
   </div>
   <div class='ocr_carea' id='block_1_13' title="bbox 175 2835 1737 2891">
    <p class='ocr_par' dir='ltr' id='par_1_14' title="bbox 175 2835 1737 2891">
     <span class='ocr_line' id='line_1_40' title="bbox 175 2835 1737 2891; baseline -0.003 -12"><span class='ocrx_word' id='word_1_323' title='bbox 175 2857 177 2859; x_wconf 96' lang='lat'>·</span> <span class='ocrx_word' id='word_1_324' title='bbox 235 2851 295 2879; x_wconf 89' lang='lat' dir='ltr'>ex</span> <span class='ocrx_word' id='word_1_325' title='bbox 318 2837 405 2879; x_wconf 86' lang='lat' dir='ltr'>fide</span> <span class='ocrx_word' id='word_1_326' title='bbox 428 2837 484 2879; x_wconf 92' lang='lat' dir='ltr'>de</span> <span class='ocrx_word' id='word_1_327' title='bbox 507 2837 672 2878; x_wconf 91' lang='lat' dir='ltr'>Divina</span> <span class='ocrx_word' id='word_1_328' title='bbox 693 2838 900 2890; x_wconf 87' lang='lat' dir='ltr'>potentia</span> <span class='ocrx_word' id='word_1_329' title='bbox 922 2837 1040 2890; x_wconf 87' lang='lat' dir='ltr'>apud</span> <span class='ocrx_word' id='word_1_330' title='bbox 1067 2837 1169 2878; x_wconf 92' lang='lat' dir='ltr'>illos</span> <span class='ocrx_word' id='word_1_331' title='bbox 1194 2837 1268 2891; x_wconf 90' lang='lat' dir='ltr'>qui</span> <span class='ocrx_word' id='word_1_332' title='bbox 1294 2837 1337 2877; x_wconf 90' lang='lat' dir='ltr'>in</span> <span class='ocrx_word' id='word_1_333' title='bbox 1364 2836 1532 2877; x_wconf 85' lang='lat' dir='ltr'>ultimis</span> <span class='ocrx_word' id='word_1_334' title='bbox 1556 2835 1667 2876; x_wconf 91' lang='lat' dir='ltr'>caeli</span> <span class='ocrx_word' id='word_1_335' title='bbox 1691 2843 1737 2876; x_wconf 88' lang='lat' dir='ltr'>et</span> 
     </span>
    </p>
   </div>
   <div class='ocr_carea' id='block_1_14' title="bbox 0 2426 71 3476">
    <p class='ocr_par' dir='ltr' id='par_1_15' title="bbox 0 2426 71 3476">
     <span class='ocr_line' id='line_1_41' title="bbox 0 2426 71 3476; baseline 0 0"><span class='ocrx_word' id='word_1_336' title='bbox 0 2426 71 3476; x_wconf 95' lang='lat' dir='ltr'> </span> 
     </span>
    </p>
   </div>
   <div class='ocr_carea' id='block_1_15' title="bbox 236 2899 1737 3080">
    <p class='ocr_par' dir='ltr' id='par_1_16' title="bbox 236 2899 1737 3080">
     <span class='ocr_line' id='line_1_42' title="bbox 236 2899 1736 2954; baseline -0.003 -12"><span class='ocrx_word' id='word_1_337' title='bbox 236 2899 455 2942; x_wconf 89' lang='lat' dir='ltr'>ecclesiae</span> <span class='ocrx_word' id='word_1_338' title='bbox 496 2907 628 2951; x_wconf 90' lang='lat' dir='ltr'>sunt;</span> <span class='ocrx_word' id='word_1_339' title='bbox 672 2900 793 2954; x_wconf 91' lang='lat' dir='ltr'>quod</span> <span class='ocrx_word' id='word_1_340' title='bbox 835 2901 1032 2941; x_wconf 90' lang='lat' dir='ltr'>“timere</span> <span class='ocrx_word' id='word_1_341' title='bbox 1048 2900 1066 2916; x_wconf 77' lang='lat'>&#39;³</span> <span class='ocrx_word' id='word_1_342' title='bbox 1104 2901 1161 2941; x_wconf 88' lang='lat' dir='ltr'>sit</span> <span class='ocrx_word' id='word_1_343' title='bbox 1203 2899 1351 2942; x_wconf 91' lang='lat' dir='ltr'>colere</span> <span class='ocrx_word' id='word_1_344' title='bbox 1394 2899 1639 2940; x_wconf 90' lang='lat' dir='ltr'>Dominum</span> <span class='ocrx_word' id='word_1_345' title='bbox 1678 2913 1736 2938; x_wconf 83' lang='lat' dir='ltr'>ex</span> 
     </span>
     <span class='ocr_line' id='line_1_43' title="bbox 237 2962 1737 3016; baseline -0.002 -12"><span class='ocrx_word' id='word_1_346' title='bbox 237 2962 466 3004; x_wconf 86' lang='lat' dir='ltr'>charitate</span> <span class='ocrx_word' id='word_1_347' title='bbox 507 2968 554 3003; x_wconf 92' lang='lat' dir='ltr'>et</span> <span class='ocrx_word' id='word_1_348' title='bbox 597 2962 700 3012; x_wconf 85' lang='lat' dir='ltr'>fide,</span> <span class='ocrx_word' id='word_1_349' title='bbox 741 2976 877 3016; x_wconf 87' lang='lat' dir='ltr'>supra</span> <span class='ocrx_word' id='word_1_350' title='bbox 917 2973 961 3011; x_wconf 93' lang='lat' dir='ltr'>(n.</span> <span class='ocrx_word' id='word_1_351' title='bbox 988 2962 1116 3015; x_wconf 81' lang='lat'>696);</span> <span class='ocrx_word' id='word_1_352' title='bbox 1158 2969 1204 3003; x_wconf 89' lang='lat' dir='ltr'>et</span> <span class='ocrx_word' id='word_1_353' title='bbox 1244 2962 1366 3016; x_wconf 92' lang='lat' dir='ltr'>quod</span> <span class='ocrx_word' id='word_1_354' title='bbox 1409 2962 1737 3002; x_wconf 86' lang='lat' dir='ltr'>“habitatores</span> 
     </span>
     <span class='ocr_line' id='line_1_44' title="bbox 237 3022 1737 3080; baseline -0.002 -14"><span class='ocrx_word' id='word_1_355' title='bbox 237 3023 390 3066; x_wconf 89' lang='lat' dir='ltr'>finium</span> <span class='ocrx_word' id='word_1_356' title='bbox 404 3024 424 3040; x_wconf 91' lang='lat'>”</span> <span class='ocrx_word' id='word_1_357' title='bbox 455 3025 544 3067; x_wconf 88' lang='lat' dir='ltr'>sint</span> <span class='ocrx_word' id='word_1_358' title='bbox 577 3025 650 3080; x_wconf 90' lang='lat' dir='ltr'>qui</span> <span class='ocrx_word' id='word_1_359' title='bbox 686 3026 730 3066; x_wconf 89' lang='lat' dir='ltr'>in</span> <span class='ocrx_word' id='word_1_360' title='bbox 763 3025 932 3066; x_wconf 90' lang='lat' dir='ltr'>ultimis</span> <span class='ocrx_word' id='word_1_361' title='bbox 964 3024 1076 3066; x_wconf 87' lang='lat' dir='ltr'>caeli</span> <span class='ocrx_word' id='word_1_362' title='bbox 1113 3030 1159 3066; x_wconf 89' lang='lat' dir='ltr'>et</span> <span class='ocrx_word' id='word_1_363' title='bbox 1191 3024 1409 3066; x_wconf 86' lang='lat' dir='ltr'>ecclesiae</span> <span class='ocrx_word' id='word_1_364' title='bbox 1442 3030 1560 3073; x_wconf 90' lang='lat' dir='ltr'>sunt,</span> <span class='ocrx_word' id='word_1_365' title='bbox 1595 3029 1640 3064; x_wconf 93' lang='lat' dir='ltr'>et</span> <span class='ocrx_word' id='word_1_366' title='bbox 1679 3022 1737 3063; x_wconf 90' lang='lat' dir='ltr'>ibi</span> 
     </span>
    </p>
   </div>
  </div>
 </body>
</html>
