2008 3458
350 360 461 411 2428
764 369 1091 403 APOCALYPSIS
1123 370 1419 402 EXPLICATA.

350 481 529 534 propria
555 483 775 534 potentia,
801 489 847 523 at
879 483 1085 524 homines
1108 490 1432 536 regenerantur
1454 496 1543 524 non
1570 496 1628 523 ex
1652 481 1831 535 propria

350 545 570 596 potentia,
599 545 678 584 sed
706 559 730 584 a
758 545 967 594 Domino,
994 559 1071 598 per
1096 545 1441 598 “baptismum’'
1465 546 1582 585 enim
1605 543 1829 597 significa-

350 612 420 646 tur
438 619 515 658 per
538 608 816 647 tentationes
839 609 1106 660 regenerari,
1126 615 1172 648 at
1192 622 1269 660 per
1290 608 1601 660 “baptismum
1625 604 1831 646 Domini’'

349 679 428 718 per
453 668 734 707 tentationes
756 667 1008 719 glorificare
1036 668 1296 708 Humanum
1329 681 1470 707 suum.
1523 677 1635 714 (Quod
1653 686 1711 714 per
1725 673 1833 715 ‘'bap-

349 729 475 757 tismum
489 729 504 738 '⁵
529 730 722 766 significetur
744 731 939 767 regeneratio
962 736 993 760 et
1016 740 1144 768 quoque
1173 732 1313 764 tentatio,
1330 731 1474 759 videatur
1493 731 1524 758 in
1545 730 1702 759 Dot‘trina
1723 730 1834 759 Novae

349 778 592 814 Hierosolymae,
604 787 633 806 n.
648 780 793 815 187-193,
804 787 879 815 seq.:
903 784 933 807 et
945 780 1032 815 quod
1050 780 1206 808 Dominus
1217 779 1434 816 glorificaverit
1447 779 1634 807 Humanum
1650 775 1744 807 suun'x
1755 782 1786 806 et
1798 777 1833 807 id

350 818 498 850 Di'vinum
515 822 627 856 fecerit,
644 823 723 852 sicut
739 828 900 860 regenerat
915 824 1076 852 hominem
1102 829 1132 852 et
1154 825 1241 852 illum
1256 824 1446 861 spiritualem
1469 823 1550 856 facit,
1565 823 1708 851 videatur
1721 822 1754 851 in
1767 821 1833 851 Ar-

348 867 434 895 canis
454 867 646 901 Caelestibus,
663 877 693 896 n.
713 875 798 904 1725,
817 876 904 906 1729,
923 869 1114 905 1733,'3*318‚
1130 870 1218 906 3381,
1237 871 1326 906 3382,
1340 869 1444 905 4286.)

427 919 563 973 894.
601 921 700 960 “Hie
721 920 1032 962 [deustodientes
1057 923 1247 961 mandata
1278 920 1581 973 Delfi-Quod
1607 919 1831 972 significet

348 981 465 1032 quod
480 980 532 1020 lzi
544 981 635 1021 sint
650 981 729 1034 qni
745 982 901 1022 vivunt
916 983 1147 1023 secundum
1158 989 1393 1034 praecepta
1409 981 1590 1022 Domini
1606 981 1652 1021 in
1679 979 1828 1030 Verbo,
1861 990 1865 992 ’

350 1049 529 1083 constat
556 1043 723 1097 absque
751 1044 1068 1096 explicatione.
1130 1045 1181 1085 In
1208 1045 1362 1085 Verbo
1389 1043 1620 1096 permultis
1651 1043 1696 1083 in
1721 1042 1832 1084 locis

349 1105 509 1145 dicitur
548 1106 667 1158 quod
706 1107 1023 1147 “custodirent
1063 1113 1108 1147 et
1149 1107 1346 1147 facerent
1384 1106 1598 1146 mandata
1638 1104 1752 1146 Dei”
1782 1110 1831 1149 et

351 1171 630 1220 “praecepta
657 1169 798 1221 Ipsius
815 1169 847 1219 ;‘’
884 1176 930 1210 et
962 1183 1040 1222 per
1068 1169 1248 1210 “facere
1281 1175 1522 1222 praecepta
1548 1169 1631 1209 Dei
1643 1168 1662 1183 '³
1688 1167 1830 1209 simile

349 1230 615 1283 intelligitur
650 1231 768 1283 quod
806 1245 884 1284 per
918 1235 1107 1272 “amare
1145 1232 1387 1272 Dominum
1420 1245 1552 1283 super
1588 1231 1751 1279 omnia,
1783 1237 1831 1271 et

349 1293 603 1344 proximum
634 1294 746 1334 sicut
778 1307 824 1334 se
857 1295 999 1347 ipsum
1020 1294 1053 1334 :'’
1090 1308 1192 1334 nam
1219 1295 1337 1347 quod
1371 1295 1507 1334 homo
1539 1293 1723 1334 interius
1753 1306 1832 1334 seu

349 1368 406 1394 ex
435 1355 568 1395 corde
595 1362 730 1404 amat,
755 1356 839 1396 hoc
863 1356 973 1405 vult,
998 1363 1043 1397 et
1070 1358 1188 1410 quod
1217 1357 1311 1397 vult
1338 1357 1422 1397 hoc
1445 1356 1576 1406 facit3
1610 1362 1655 1396 et
1681 1367 1832 1396 amare

350 1415 494 1456 Deum
517 1423 585 1457 est
609 1431 757 1459 amare
780 1426 1020 1471 praecepta
1043 1419 1199 1471 Ipsius,
1224 1420 1325 1472 quia
1347 1419 1421 1459 illa
1443 1425 1546 1458 sunt
1573 1418 1670 1466 Dei,
1694 1431 1832 1471 usque
1885 1453 1895 1462 .

349 1485 396 1518 ut
433 1479 522 1519 sint
560 1479 695 1520 Deus.
757 1481 867 1521 Inde
899 1488 1106 1522 constare
1139 1489 1290 1534 potest
1323 1494 1456 1534 quam
1479 1493 1648 1533 ¹parum
1685 1480 1832 1521 sciunt

349 1539 595 1582 sectatores
619 1543 753 1583 solius
776 1542 876 1584 fidei
899 1544 1002 1597 quid
1029 1545 1085 1584 sit
1108 1557 1258 1594 amor;
1291 1550 1493 1583 annuunt
1516 1543 1584 1583 vel
1608 1542 1832 1583 affirmant

349 1604 467 1657 quod
493 1603 603 1644 fides
625 1606 746 1646 vivat
769 1620 826 1646 ex
850 1619 1015 1655 amore,
1039 1613 1085 1647 et
1111 1607 1228 1659 quod
1256 1606 1365 1646 fides
1388 1612 1562 1646 mortua
1584 1605 1640 1646 sit
1663 1605 1832 1658 absque

349 1680 512 1715 amore,
539 1674 584 1707 et
608 1674 758 1708 tamen
782 1682 870 1708 non
895 1670 1040 1709 sciunt
1063 1669 1180 1722 quod
1203 1682 1326 1708 amor
1353 1675 1397 1709 et
1420 1666 1536 1708 facta
1557 1680 1693 1708 unum
1715 1667 1830 1718 sint;

349 1729 502 1769 dicunt
525 1731 660 1770 etiam
685 1731 803 1783 quod
826 1732 869 1771 in
892 1731 977 1771 fide
1000 1732 1056 1772 sit
1079 1745 1216 1779 amor,
1237 1738 1281 1771 et
1305 1738 1458 1771 tamen
1481 1731 1690 1783 ignorant
1712 1730 1832 1783 quod

349 1794 392 1832 in
429 1792 514 1833 fide
550 1807 638 1834 non
673 1807 797 1834 amor
827 1796 883 1835 sit
920 1796 954 1835 si
987 1808 1077 1835 non
1113 1796 1287 1835 vivatur
1315 1794 1559 1834 secundum
1592 1798 1834 1846 praecepta

350 1855 532 1896 Domini
558 1856 601 1895 in
629 1856 808 1906 Verbo;
847 1864 892 1897 et
925 1857 1044 1910 quod
1072 1856 1236 1897 exinde
1264 1864 1308 1896 et
1336 1870 1512 1908 prorsus
1539 1869 1628 1896 non
1654 1855 1832 1896 aliunde

349 1919 406 1958 sit
432 1918 587 1971 aliquis
613 1932 738 1959 amor
769 1920 812 1959 in
845 1919 944 1968 fide,
972 1920 1053 1959 nisi
1079 1933 1212 1972 quam
1238 1933 1363 1959 amor
1389 1918 1615 1966 naturalis,
1643 1918 1716 1971 qui
1743 1931 1832 1959 non

348 1987 417 2021 est
450 1994 598 2021 amare
631 1982 887 2030 Dominum,
917 1995 997 2022 nec
1030 1995 1177 2022 amare
1210 1983 1478 2034 proximum,
1503 1981 1582 2021 sed
1613 1986 1759 2021 semet
1785 1986 1832 2021 et

349 2044 590 2094 mundum3
634 2050 679 2084 et
721 2045 764 2084 hi
806 2058 980 2085 amores
1022 2058 1200 2097 prorsus
1242 2044 1478 2084 destruunt
1515 2043 1662 2092 fidem,
1696 2043 1834 2084 immo

348 2105 583 2146 falsificant
615 2120 732 2155 vera,
761 2121 872 2160 quae
904 2108 1123 2159 genuinae
1155 2106 1256 2146 fidei
1288 2113 1431 2155 crunt,
1459 2119 1573 2159 quae
1603 2106 1647 2146 in
1679 2105 1834 2148 Verbo

350 2174 465 2208 sunt.

429 2232 563 2285 895.
594 2233 671 2272 “ff
693 2233 812 2272 fidem
831 2232 1169 2285 dosu.''—Quod
1200 2232 1423 2285 significet
1449 2231 1833 2284 implantationem

350 2293 447 2333 veri
463 2307 491 2333 a
512 2294 696 2333 Domino
711 2300 753 2334 et
767 2294 1031 2346 agnitionem
1048 2294 1211 2346 Ipsius,
1232 2300 1412 2333 constat
1431 2307 1488 2333 ex
1507 2291 1832 2345 significatione

353 2354 492 2394 “fidei
507 2354 654 2406 Jesu,''
672 2355 792 2408 quod
814 2355 871 2395 sit
893 2355 1186 2408 implantatio
1204 2355 1297 2394 veri
1315 2368 1340 2394 a
1364 2354 1562 2394 Domino
1581 2364 1636 2401 (de
1650 2373 1715 2401 qua
1728 2373 1834 2402 supra,

350 2434 380 2454 n.
398 2415 495 2466 813)
514 2429 522 2464 ;
555 2415 675 2467 quod
698 2415 837 2455 etiam
860 2415 918 2455 sit
939 2415 1113 2467 agnitio
1133 2414 1331 2459 Domini,
1356 2420 1424 2454 est
1446 2414 1548 2467 quia
1570 2413 1833 2466 implantari

350 2489 454 2516 vera
486 2489 574 2516 non
607 2482 794 2528 possunt
831 2476 912 2516 nisi
949 2482 1221 2528 agnoscatur
1254 2475 1485 2523 Dominus,
1521 2487 1682 2527 nempe
1713 2474 1832 2527 quod

353 2538 613 2578 Humanum
646 2539 787 2591 Ipsius
819 2539 875 2579 sit
909 2538 1134 2586 Divinum,
1168 2545 1213 2578 et
1246 2538 1364 2590 quod
1397 2538 1453 2577 sit
1487 2537 1608 2577 Deus
1640 2536 1751 2577 caeli
1786 2542 1833 2578 et

352 2609 508 2641 terrae.
570 2601 903 2641 Sciendum-est
930 2601 1047 2654 quod
1073 2613 1225 2640 verum
1253 2607 1298 2640 et
1329 2599 1439 2640 fides
1465 2601 1508 2639 in
1534 2613 1612 2639 sua
1637 2599 1834 2640 essentia

353 2677 487 2703 unum
519 2664 622 2712 sint,
651 2664 751 2717 quia
782 2663 891 2703 fides
923 2664 1006 2703 erit
1038 2663 1143 2710 veri,
1168 2676 1217 2702 ac
1250 2675 1403 2702 verum
1430 2663 1512 2718 erit
1539 2661 1665 2712 fidei;
1698 2675 1833 2715 quare

352 2727 520 2778 antiqui
547 2740 636 2766 non
663 2727 874 2767 dixerunt
905 2725 1053 2774 fidem,
1082 2726 1160 2765 sed
1193 2738 1271 2777 pro
1303 2724 1389 2765 fide
1415 2738 1593 2774 verum;
1631 2725 1832 2765 hodierni

351 2796 501 2829 autem
534 2803 612 2842 pro
638 2803 744 2829 vero
769 2789 922 2829 dicunt
949 2788 1106 2830 fidem:
1146 2801 1277 2828 causa
1303 2794 1385 2836 est,
1414 2788 1515 2840 quia
1539 2787 1710 2840 antiqui
1741 2799 1832 2827 non

352 2851 468 2890 aliud
495 2852 707 2892 dixerunt
730 2865 826 2892 esse
850 2851 1122 2891 credendum
1145 2864 1276 2904 quam
1300 2850 1418 2903 quod
1442 2850 1655 2890 videbant
1676 2861 1831 2889 verum

352 2927 463 2962 esse,
497 2914 560 2954 ita
596 2914 714 2966 quod
745 2912 978 2954 intellectu
1009 2920 1253 2965 ceperunt;
1290 2913 1490 2952 hodierni
1527 2917 1677 2951 autem
1708 2910 1829 2964 quod

353 2977 622 3017 credendum
649 2978 704 3017 sit
731 2977 912 3017 tametsi
939 2990 1028 3017 non
1054 2976 1207 3016 vident
1235 2989 1311 3016 seu
1336 2989 1424 3015 non
1451 2972 1683 3015 intellectu
1709 2974 1831 3027 capi·
