2054 3464
387 326 499 357 2220
800 326 1128 360 APOCALYPSIS
1158 328 1454 362 EXPLICATA.

384 437 577 478 charitas
604 439 821 491 producat
849 439 995 489 fidem,
1025 446 1070 481 et
1101 453 1191 482 non
1222 441 1341 495 quod
1373 440 1483 482 fides
1509 440 1728 494 producat
1755 441 1862 483 cha-

382 501 591 551 ritatem;
638 508 685 542 at
730 516 867 555 usque
911 503 1028 555 apud
1073 502 1173 544 illos
1217 505 1290 557 qui
1335 502 1712 556 conjunctionem
1739 503 1863 545 illam

382 562 584 603 doctrina
610 571 656 605 et
682 565 774 605 vita
801 565 1081 615 confirmant,
1110 573 1269 618 postea
1294 567 1494 606 inversus
1520 565 1594 606 ille
1620 566 1731 606 ordo
1757 572 1861 619 pot-

381 632 450 666 est
477 627 652 678 reduci;
686 634 731 668 et
759 641 859 668 cum
882 627 1089 669 reduetus
1115 635 1198 677 est,
1226 630 1396 670 intrant
1423 628 1596 669 caelum
1623 629 1666 668 in
1693 627 1860 669 ultimis

381 687 497 740 ejus:
537 703 670 730 causa
701 691 819 743 quod
853 704 941 731 non
973 692 1171 739 interius,
1200 698 1283 740 est,
1317 692 1418 744 quia
1449 690 1558 731 fides
1590 703 1755 739 eorum,
1783 703 1862 743 per

381 764 512 802 quarn
540 752 824 794 crediderunt
851 767 898 793 se
916 753 1143 805 justificari
1170 760 1215 794 et
1242 754 1415 802 salvari,
1441 753 1539 805 plus
1565 752 1702 794 trahit
1728 766 1754 793 a
1779 751 1859 793 fal-

345 819 348 822 ’
381 814 438 852 sis
466 827 597 866 quam
630 829 655 855 a
686 816 827 865 veris;
866 822 912 856 et
943 816 986 855 in
1013 815 1179 856 ultimis
1206 816 1317 856 caeli
1343 822 1445 856 sunt
1478 816 1550 868 qui
1580 816 1624 855 in
1655 814 1774 855 falsis
1799 827 1858 855 ex

379 874 582 916 dofflina
607 884 652 917 et
679 878 895 930 religione
921 885 1038 926 sunt,
1066 879 1145 918 sed
1177 892 1315 932 usque
1346 879 1390 918 in
1422 878 1542 918 bono
1568 878 1712 927 vitae3
1749 876 1860 919 falsa

380 952 533 978 eorum
561 946 664 980 sunt
690 941 977 992 apparentiae
1004 941 1094 985 veri
1120 955 1179 981 ex
1202 954 1333 981 sensu
1361 941 1538 981 litterae
1566 939 1720 988 Verbi,
1745 953 1857 993 quae

379 1014 534 1041 omnes
561 1015 641 1054 pro
672 1003 758 1043 fine
789 1003 958 1044 habent
984 1004 1136 1044 vitam.
1197 1003 1341 1044 Paene
1373 1003 1525 1043 similis
1555 1016 1625 1043 res
1656 1009 1725 1043 est
1755 1015 1857 1043 cum

378 1066 498 1104 omni
539 1065 848 1106 reformando:
895 1067 931 1106 is
972 1067 1161 1118 primum
1198 1066 1279 1106 sibi
1315 1066 1476 1106 format
1513 1063 1761 1106 doetrinam
1797 1079 1858 1106 ex

378 1126 545 1176 Verbo,
571 1134 616 1168 et
642 1128 700 1168 ibi
726 1135 903 1180 separat
930 1128 1004 1168 illa
1026 1142 1139 1181 quae
1164 1129 1389 1169 crede'nda
1411 1134 1513 1168 sunt
1540 1134 1585 1168 et
1611 1141 1724 1181 quae
1750 1127 1855 1168 faci-

377 1189 522 1240 enda;
565 1190 639 1230 illa
676 1204 788 1243 quae
821 1190 1045 1231 credenda
1075 1197 1179 1231 sunt
1210 1197 1342 1231 vocat
1374 1189 1522 1238 fidem,
1557 1195 1602 1229 et
1637 1189 1714 1230 illa
1743 1203 1855 1243 quae

377 1251 580 1292 facienda
606 1259 709 1294 sunt
735 1259 868 1293 vocat
895 1253 1188 1302 charitatem;
1222 1259 1268 1292 at
1295 1253 1396 1305 quia
1421 1252 1531 1292 ordo
1556 1251 1674 1304 apud
1700 1264 1856 1292 omnes

377 1315 576 1355 inversus
600 1322 669 1356 est
695 1329 721 1355 a
746 1316 998 1363 nativitate,
1023 1314 1199 1367 spectat
1222 1315 1354 1355 fidem
1376 1315 1518 1367 primo
1541 1313 1655 1363 loco,
1680 1320 1726 1354 et
1748 1313 1855 1355 cha-

376 1377 556 1417 ritatem
583 1378 805 1418 secundo:
845 1379 879 1418 si
911 1384 1063 1418 tamen
1095 1377 1168 1418 ille
1195 1378 1302 1418 vivit
1328 1378 1467 1418 vitam
1498 1376 1612 1425 fidei,
1641 1390 1753 1430 quae
1784 1383 1855 1418 est

377 1439 584 1488 charitas,
627 1454 704 1492 per
740 1441 905 1492 gradus
942 1441 1218 1481 convertitur
1249 1446 1294 1481 et
1331 1440 1554 1480 reducitur
1590 1440 1714 1488 ordo,
1747 1445 1794 1481 et
1829 1453 1855 1481 a

376 1502 595 1542 charitate
627 1502 760 1543 fidem
793 1504 929 1553 vivit;
972 1503 1007 1542 is
1039 1509 1144 1543 tunc
1177 1509 1394 1555 quantum
1425 1501 1535 1563 fides
1566 1501 1658 1554 ejus
1689 1508 1758 1542 est
1794 1515 1853 1542 ex

375 1565 577 1615 genuinis
604 1566 732 1611 veris,
761 1572 938 1605 tantum
969 1566 1106 1605 intrat
1133 1565 1332 1614 caelum,
1371 1577 1488 1612 nam,
1516 1570 1565 1605 ut
1597 1577 1729 1617 supra
1759 1563 1853 1604 dic—

375 1633 470 1666 tum
503 1633 586 1675 est,
616 1627 827 1667 Divinum
855 1627 1024 1668 Verum
1052 1627 1298 1679 procedens
1330 1640 1355 1666 a
1387 1626 1582 1667 Domino
1613 1626 1718 1667 facit
1749 1639 1851 1667 cae-

374 1688 478 1737 lum,
522 1697 567 1730 et
608 1697 676 1730 est
717 1690 903 1730 caelum.
964 1690 1038 1730 Ex
1084 1690 1150 1730 his
1191 1695 1397 1730 constare
1438 1695 1588 1741 potest
1628 1690 1744 1730 unde
1783 1695 1853 1730 est

374 1751 492 1803 quod
516 1751 625 1792 fides
648 1753 778 1792 hodie
798 1751 913 1792 facta
935 1753 991 1793 sit
1014 1758 1059 1792 et
1083 1753 1272 1804 primum
1290 1751 1506 1792 ecclesiae
1528 1757 1574 1792 et
1597 1752 1852 1804 primarium

373 1813 491 1865 ejus;
536 1827 710 1866 nempe,
744 1815 846 1867 quia
882 1815 1081 1855 ordinem
1123 1828 1149 1854 a
1185 1814 1423 1854 nativitate
1458 1814 1680 1854 inversum
1711 1815 1853 1855 secuti

374 1884 490 1924 sunt,
520 1884 565 1917 et
592 1878 693 1929 quia
718 1878 811 1918 vita
836 1877 987 1917 mundi
1014 1876 1195 1929 placuit,
1224 1883 1269 1917 et
1295 1876 1433 1916 fastus
1460 1877 1661 1928 propriae
1687 1876 1851 1918 intelli-

373 1940 553 1991 gentiae
599 1940 743 1979 duxit.
819 1939 928 1979 Inde
974 1946 1043 1979 est
1088 1939 1207 1992 quod
1253 1939 1296 1978 in
1341 1938 1482 1990 gradu
1527 1934 1878 1979 reformationis*

373 2003 515 2054 primo
542 2000 872 2042 [¹1substiterint.
935 2001 1131 2042 Secunda
1156 2007 1396 2048 causaest,
1425 2000 1544 2053 quod
1570 2000 1632 2040 illi
1657 2014 1745 2041 non
1771 2000 1853 2042 sibi

373 2065 585 2104 claudant
613 2064 784 2103 caelum
808 2064 910 2116 quia
935 2064 1054 2104 bona
1079 2077 1215 2115 opera
1236 2070 1339 2103 sunt
1366 2076 1491 2103 amor
1518 2069 1563 2103 et
1590 2063 1783 2103 charitas
1807 2063 1851 2104 in

372 2125 487 2174 actu,
512 2133 557 2166 et
584 2126 755 2166 caelum
783 2133 851 2166 est
879 2126 1051 2166 caelum
1075 2140 1132 2166 ex
1159 2126 1270 2175 illis;
1304 2138 1459 2165 omnes
1488 2126 1604 2165 enim
1631 2126 1780 2178 angeli
1805 2133 1851 2168 et

372 2202 527 2229 omnes
568 2189 746 2240 spiritus
783 2195 886 2228 sunt
924 2187 1180 2228 affectiones
1212 2194 1258 2228 et
1297 2188 1398 2227 inde
1430 2188 1742 2239 cogitationes,
1775 2201 1852 2228 seu

372 2251 491 2304 quod
530 2251 662 2299 idem,
702 2257 806 2290 sunt
843 2263 1017 2290 amores
1054 2257 1099 2290 et
1140 2250 1242 2290 inde
1279 2249 1631 2301 intelligentiae;
1673 2263 1723 2290 ac
1761 2250 1851 2291 bini

372 2327 546 2354 amores
569 2313 837 2353 universales
859 2326 910 2353 ac
934 2313 1130 2353 omniurn
1153 2311 1509 2352 fundamentales
1531 2319 1649 2360 sunt,
1674 2325 1849 2365 nempe,

371 2390 496 2416 amor
533 2377 576 2415 in
615 2375 856 2415 Dominum
893 2381 938 2414 et
970 2388 1093 2414 amor
1124 2387 1230 2426 erga
1262 2375 1529 2426 proximum,
1563 2375 1635 2426 qui
1666 2381 1852 2416 vocatur

371 2440 591 2488 charitas;
624 2439 666 2477 in
694 2438 761 2487 his
784 2443 886 2478 sunt
910 2450 1064 2477 omnes
1087 2437 1149 2476 illi
1174 2437 1246 2489 qui
1268 2437 1385 2476 bona
1406 2436 1571 2476 faciunt
1597 2450 1656 2476 ex
1680 2435 1848 2486 Verbo,

372 2514 473 2540 nam
501 2514 633 2540 omne
661 2500 826 2540 bonum
856 2506 924 2540 est
956 2499 1141 2539 amoris:
1181 2512 1295 2538 nunc
1328 2499 1429 2551 quia
1459 2498 1521 2538 illi
1552 2499 1624 2551 qui
1655 2499 1772 2551 apud
1802 2513 1850 2540 se

371 2562 574 2603 doctrina
595 2569 640 2602 et
663 2563 755 2602 vita
778 2561 1044 2602 confirmant
1067 2561 1184 2614 quod
1207 2560 1315 2600 fides
1338 2561 1554 2612 producat
1577 2561 1695 2601 bona
1716 2575 1851 2614 opera

370 2627 483 2666 sicut
521 2625 652 2665 arbor
682 2623 859 2672 fructus,
893 2622 1099 2676 speetant
1136 2637 1162 2663 a
1198 2622 1282 2663 fide
1319 2623 1375 2662 ad
1412 2623 1593 2671 bonum,
1626 2623 1728 2663 inde
1765 2624 1850 2664 illis

370 2686 622 2740 conjunctio
648 2693 715 2727 est
743 2699 842 2726 cum
869 2686 1008 2734 caelo,
1037 2693 1083 2726 at
1115 2699 1204 2726 non
1236 2698 1336 2725 cum
1363 2685 1488 2725 caelo
1515 2685 1742 2737 spirituali,
1770 2685 1849 2726 sed

370 2763 470 2790 cum
503 2749 628 2790 caelo
660 2749 862 2796 naturali,
891 2748 1009 2801 quod
1042 2755 1110 2788 est
1141 2749 1184 2787 in
1217 2747 1396 2795 ultimis,
1425 2754 1470 2788 et
1503 2747 1754 2788 vocandum
1780 2754 1850 2788 est

368 2813 604 2853 introitus:
643 2811 761 2864 quod
794 2824 883 2851 non
916 2811 1098 2851 interius
1125 2810 1295 2862 possint
1322 2810 1574 2858 intromitti,
1603 2817 1672 2850 est
1700 2823 1847 2858 causa,

369 2876 470 2928 quia
501 2874 611 2914 fides
637 2881 878 2927 antequam
905 2873 953 2914 fit
980 2874 1171 2913 charitas
1197 2873 1240 2912 in
1271 2863 1521 2920 formasest
1549 2871 1775 2920 naturalis,
1802 2879 1848 2912 et

369 2936 571 2978 naturale
600 2950 688 2977 non
716 2937 959 2990 produCere
986 2941 1138 2989 potest
1164 2948 1296 2988 quam
1323 2934 1556 2985 naturale;
1594 2934 1722 2975 aliter
1748 2946 1848 2974 cum

2037 3022 2054 3105 „Ab
2038 2990 2045 2999 ⁴*
2039 2836 2054 2864 1-
2052 2783 2054 2805 ..
2035 2747 2054 2761 v*
2036 2615 2054 2697 .i¹=⁴'
2047 2591 2049 2593 —
2039 2500 2054 2565 ¹¹1..2.
2052 2432 2054 2459 ..
2045 2291 2054 2388 ,.ι,«..
2041 2247 2054 2270 3¹.
2036 2187 2052 2202 ⁴,
