2054 3464
414 358 523 410 2138
824 365 1154 399 APOCALYPSIS
1185 367 1480 401 EXPLICATA.

376 494 378 496 ·
412 478 529 531 apud
571 491 809 531 personam
850 492 875 519 a
919 478 1115 520 Domino
1155 485 1270 528 sunt,
1313 480 1504 521 amanda
1544 481 1659 532 sint;
1702 495 1892 535 persona

411 540 789 581 enim'ac'tualiter
815 554 903 581 non
930 548 1106 582 amatur
1131 556 1189 582 ex
1216 556 1270 583 eo
1295 543 1412 596 quod
1440 557 1630 596 persona
1649 538 1730 586 aut
1755 544 1892 586 homo

412 604 481 650 sit,
503 604 580 643 sed
604 604 722 656 quod
746 603 847 644 talis
870 611 946 644 aut
969 603 1072 644 talis
1089 605 1172 655 sit;
1205 605 1267 645 ita
1288 612 1462 645 amatur
1484 619 1672 658 persona
1694 621 1752 648 ex
1774 606 1893 661 quali

412 665 502 717 ejus
524 680 531 715 ;
566 680 699 719 quare
722 665 764 705 id
787 665 917 718 quale
940 672 1007 706 est
1030 667 1148 719 quod
1172 680 1249 719 per
1274 668 1595 719 “proximum”
1612 668 1890 722 intelligitur,

412 728 529 780 quod
552 729 702 781 itaque
726 734 794 768 est
818 729 1047 780 proximus
1070 729 1320 781 spiritualis,
1345 744 1421 770 seu
1445 731 1674 782 proximus
1699 732 1743 772 in
1765 732 1892 784 spiri·

411 791 519 831 tuali
552 804 699 839 sensu,
733 791 807 843 qui
843 791 1061 831 amandus
1092 798 1187 842 est;
1234 798 1279 832 et
1311 792 1410 840 hoc,
1444 793 1561 845 apud
1597 793 1698 834 illos
1728 794 1801 847 qui
1836 793 1893 835 ab

412 853 603 893 ecclesia
628 853 809 893 Domini
842 859 959 901 sunt,
987 860 1056 894 est
1088 867 1220 894 omne
1251 855 1370 907 quod
1397 856 1599 907 procedit
1625 869 1651 896 a
1681 855 1891 904 Domino,

411 917 530 969 quod
561 917 604 956 in
637 929 801 968 genere
834 930 880 956 se
917 916 1050 957 refert
1087 917 1143 956 ad
1180 930 1312 957 omne
1344 917 1510 958 bonum
1542 918 1893 972 tam.spirituale

412 992 543 1032 quam
577 978 743 1018 morale
781 985 827 1019 et
863 978 1016 1029 civile;
1059 993 1193 1032 quare
1229 980 1301 1032 qui
1338 981 1380 1019 in
1417 980 1484 1020 his
1515 981 1644 1021 bonis
1680 987 1801 1030 sunt,
1831 981 1894 1022 illi

411 1047 565 1081 amant
583 1055 659 1081 eos
678 1042 750 1094 qui
772 1042 814 1081 in
838 1041 993 1081 iisdem
1011 1048 1114 1082 sunt
1132 1055 1140 1082 :
1174 1042 1257 1082 hoc
1280 1043 1428 1095 itaque
1447 1049 1516 1083 est
1537 1047 1722 1084 “amare
1741 1044 1893 1096 proxi-

413 1117 532 1143 mum
565 1105 678 1144 sicut
710 1118 756 1144 se
789 1104 967 1156 ipsum.‘’
1027 1104 1101 1144 Ex
1138 1104 1206 1144 his
1237 1111 1443 1145 constare
1475 1112 1626 1158 potest
1663 1106 1782 1159 quod
1817 1119 1896 1159 per

415 1166 646 1219 “reliquos
669 1167 848 1207 seminis
871 1166 1000 1218 ejus‚”
1022 1180 1183 1219 nempe
1209 1171 1233 1186 “
1248 1167 1479 1216 mulieris,”
1502 1182 1579 1221 per
1600 1181 1732 1221 quam
1758 1169 1894 1222 signi·

412 1228 568 1269 ficatur
590 1229 791 1277 ecclesia,
812 1229 1122 1281 intelligantur
1143 1229 1204 1269 illi
1229 1230 1302 1282 qui
1327 1230 1369 1269 in
1392 1230 1505 1270 veris
1527 1229 1756 1272 doctrinae
1781 1231 1896 1272 illius

413 1292 630 1332 ecclesiae
662 1298 791 1342 sunt;
833 1305 884 1331 ac
919 1292 962 1331 in
994 1305 1126 1331 sensu
1158 1289 1386 1332 abstracto
1422 1305 1447 1332 a
1477 1293 1690 1344 personis,
1723 1293 1806 1346 qui*
1826 1298 1896 1334 est

413 1356 632 1407 genuinus
649 1368 805 1395 sensus
820 1353 1073 1406 spiritualis,
1090 1354 1400 1406 intelligantur
1418 1368 1521 1394 vera
1535 1353 1763 1396 doctrinae
1780 1354 1895 1396 illius

413 1417 644 1457 ecclesiae.

497 1477 580 1531 [b.]
614 1477 832 1518 Similiter
855 1477 899 1517 in
922 1476 1079 1517 Verbo
1101 1477 1221 1526 alibi,
1249 1482 1297 1517 ut
1323 1477 1364 1517 in
1393 1477 1688 1530 sequentibus
1713 1477 1899 1519 locis:—

415 1539 552 1592 Apud
578 1539 746 1587 Mosen,

481 1631 499 1643 ⁴⁴
512 1629 736 1660 Inimicitiam
756 1637 886 1668 ponam
905 1628 997 1658 inter
1015 1633 1049 1659 te
1069 1633 1104 1658 et
1121 1628 1212 1659 inter
1231 1628 1425 1666 mulierem,
1443 1633 1478 1659 et
1498 1628 1589 1659 inter
1607 1637 1729 1660 semen
1749 1634 1846 1660 tuum
1863 1634 1899 1661 οι

588 1673 680 1703 inter
703 1671 854 1702 semen''
879 1671 1057 1707 mulieris:
1082 1671 1177 1702 “Ille
1197 1671 1414 1703 conculcabit
1439 1671 1500 1703 tibi
1524 1677 1636 1712 caput,
1661 1677 1696 1703 et
1719 1677 1757 1703 tu
1779 1672 1899 1704 laedes

589 1715 644 1746 Illi
662 1715 864 1746 calcaneum
878 1714 895 1725 '¹
914 1714 1008 1754 (Gen.
1027 1714 1072 1746 iii.
1090 1715 1161 1753 15):

415 1805 650 1858 prophetia
691 1804 746 1844 de
788 1803 1009 1853 Domin03
1057 1816 1135 1855 per
1175 1806 1468 1855 “serpentem
1481 1803 1500 1818 ”
1531 1803 1588 1844 ibi
1625 1802 1900 1856 significatur

414 1867 620 1908 sensuale
646 1866 851 1912 hominis,
872 1866 945 1906 ubi
967 1866 1158 1906 hominis
1182 1866 1407 1918 proprium
1431 1872 1514 1914 est,
1534 1865 1652 1918 quod
1675 1866 1718 1906 in
1740 1879 1788 1906 se
1809 1879 1899 1906 non

414 1937 483 1971 est
507 1930 587 1969 nisi
606 1942 737 1982 quam
756 1928 921 1968 malum
940 1942 948 1978 ;
981 1934 1027 1968 et
1050 1941 1127 1980 per
1149 1927 1416 1968 “mulierem
1429 1927 1447 1943 ’⁹
1465 1927 1739 1980 significatur
1755 1927 1899 1969 eccle-

414 1993 478 2032 sia
509 1991 760 2044 spiritualis,
795 2004 872 2030 seu
903 1990 1094 2031 ecclesia
1126 2004 1236 2043 quae
1278 1991 1321 2030 in
1360 1990 1531 2030 Divinis
1567 1990 1681 2031 veris
1717 1995 1812 2040 est;
1852 1997 1900 2031 et

415 2056 515 2108 quia
547 2053 751 2094 sensuale
783 2053 975 2093 hominis
1008 2053 1292 2105 deperditum
1325 2053 1417 2101 fuit,
1446 2059 1491 2093 et
1523 2053 1659 2093 homo
1685 2051 1900 2094 ecclesiae

416 2118 617 2157 elevatur
653 2130 678 2156 a
714 2115 909 2156 sensuali
941 2115 1046 2155 dum
1084 2114 1133 2155 fit
1172 2115 1425 2167 spiritualis,
1459 2115 1561 2155 inde
1593 2115 1752 2156 dicitur
1782 2114 1900 2168 quod

418 2180 686 2220 “inimicitia
716 2179 799 2219 erit
830 2179 947 2218 inter
977 2185 1023 2219 te
1055 2184 1101 2218 et
1138 2178 1255 2218 inter
1286 2178 1516 2218 mulierem
1533 2177 1565 2218 :’'
1596 2191 1674 2231 per
1706 2181 1900 2218 “semen

416 2241 665 2294 serpentis’'
684 2240 959 2294 significatur
977 2254 1109 2281 omne
1132 2240 1288 2280 falsum
1312 2254 1370 2280 ex
1389 2240 1522 2288 malo,
1542 2247 1588 2280 et
1610 2253 1688 2292 per
1707 2243 1899 2280 “semen

417 2304 639 2345 mulieris'’
662 2317 793 2344 omne
820 2316 973 2343 verum
996 2317 1053 2343 ex
1080 2303 1214 2350 bono,
1239 2309 1284 2343 et
1311 2303 1353 2342 in
1381 2315 1587 2355 supremo
1609 2302 1750 2355 gradu
1776 2301 1901 2342 Divi-

418 2381 521 2407 num
547 2367 744 2416 Verum3
778 2372 823 2406 et
847 2366 947 2419 quia
970 2378 1103 2406 omne
1126 2365 1335 2405 Divinum
1359 2365 1527 2405 Verum
1550 2371 1619 2406 est
1642 2377 1667 2404 a
1690 2364 1900 2412 Domino,

418 2438 463 2471 et
498 2430 716 2470 Dominus
742 2442 819 2482 per
850 2428 893 2468 id
926 2429 1115 2469 destruit
1147 2427 1305 2468 salsum
1337 2441 1395 2467 ex
1428 2426 1561 2475 malo,
1594 2426 1696 2467 ideo
1727 2426 1900 2475 dicitur,

415 2484 444 2513 '“
462 2493 543 2533 Ille
570 2491 853 2532 conculcabit
885 2491 964 2531 tibi
991 2497 1124 2543 caput
1143 2489 1176 2540 ;”
1210 2489 1361 2530 “Ille”
1393 2488 1615 2541 significat
1642 2488 1900 2537 Dominum,

418 2562 463 2596 et
498 2553 704 2606 “caput''
737 2567 869 2594 omne
906 2553 1063 2593 falsum
1095 2566 1154 2593 ex
1190 2551 1334 2591 malo:
1378 2551 1497 2604 quod
1529 2564 1666 2604 usque
1697 2551 1902 2592 sensuale

418 2617 668 2658 nociturum
691 2616 746 2656 sit
770 2616 933 2661 Divino
951 2615 1074 2656 Vero
1095 2615 1138 2655 in
1161 2613 1327 2655 ultimis
1349 2614 1453 2665 ejus,
1474 2613 1592 2666 quod
1615 2619 1684 2654 est
1701 2612 1902 2653 Verbum

417 2682 460 2721 in
484 2693 615 2720 sensu
639 2679 829 2726 litterae,
850 2677 1124 2730 significatur
1145 2690 1223 2729 per
1245 2677 1363 2729 quod
1384 2676 1571 2716 “laedet
1590 2675 1848 2716 calcaneum
1870 2675 1903 2725 ;”

420 2748 445 2763 “
460 2742 696 2783 calcaneus
708 2740 726 2755 ’¹
741 2739 961 2793 significat
980 2739 1087 2780 illud
1104 2739 1307 2780 ultimum
1322 2745 1367 2779 et
1382 2738 1506 2778 illum
1521 2750 1714 2778 sensum.
1769 2736 1902 2789 Quod

418 2805 601 2845 laedant
625 2810 670 2844 et
693 2803 916 2850 laeserint,
938 2808 1145 2843 constare
1164 2808 1315 2854 potest
1338 2815 1395 2841 ex
1419 2801 1548 2840 unico
1570 2801 1654 2840 hoc
1673 2799 1899 2852 exemplo,

421 2867 539 2920 quod
569 2865 787 2907 Pontificii
814 2879 891 2917 per
916 2863 1216 2905 “mulierem”
1237 2863 1493 2915 intelligant
1518 2862 1718 2910 Mariam,
1743 2867 1788 2902 et
1811 2861 1902 2914 ejus

418 2930 589 2970 cultum
608 2943 616 2979 ;
650 2942 784 2981 quare
807 2941 895 2967 non
917 2932 941 2947 ‘⁸
956 2927 1067 2967 Ille'’
1085 2927 1163 2967 sed
1185 2925 1301 2966 illud
1317 2932 1362 2965 et
1385 2925 1463 2965 illa
1485 2926 1527 2965 in
1552 2924 1703 2964 Bibliis
1724 2923 1899 2964 illorum

419 2992 595 3044 legitur.
657 2991 727 3031 Ita
753 2991 795 3030 in
822 2989 943 3030 mille
970 2989 1064 3030 aliis
1091 2988 1213 3029 locis.
1274 2987 1410 3041 Apud
1436 2986 1695 3035 Jeremz‘am,
1749 3033 1758 3036 -
