2008 3458
617 387 724 421 CAP.
748 387 863 428 XIV„
887 386 1025 419 VERS.
1054 386 1222 418 12.-—N.
1246 378 1340 431 893.
1608 386 1720 431 2425

226 500 338 543 fides
364 501 450 543 illis
475 507 544 542 est
571 501 795 551 charitas;
830 513 933 540 nam
959 499 1168 553 quicquid
1195 514 1254 540 ex
1280 499 1502 541 charitate
1527 500 1652 540 venit
1679 499 1723 539 in

227 565 570 618 cogitationem,
605 564 648 604 id
680 564 782 617 quia
813 563 1046 604 charitatis
1078 570 1161 611 est,
1193 569 1262 604 est
1293 562 1443 616 quoad
1477 563 1724 603 essentiam

227 627 436 676 charitas,
457 627 639 668 tametsi
662 626 737 666 illa
759 625 906 679 quoad
929 626 1221 666 existentiam
1244 631 1432 666 vocatur
1453 624 1590 675 fides;
1619 638 1723 665 nam

227 690 336 732 nihil
362 691 406 732 in
431 690 709 743 cogitatione
737 695 888 742 potest
911 690 1122 737 existere,
1148 689 1230 729 nisi
1256 688 1376 742 quod
1403 689 1461 729 sit
1487 702 1546 728 ex
1574 688 1724 742 aliqua

227 751 477 803 affectione,
500 759 546 794 et
569 752 672 793 inde
698 759 766 792 est
789 750 1061 802 affectioni&
1095 751 1206 792 haec
1230 753 1349 792 enim
1372 752 1488 792 sicut
1511 757 1580 792 est
1607 764 1720 798 esse,

226 817 292 858 ita
315 823 386 857 est
407 816 502 856 vita
523 822 569 856 et
595 815 744 855 anima
765 815 1080 868 cogitationis:
1115 815 1258 856 simile
1280 821 1350 855 est
1377 827 1477 855 cum
1501 814 1722 855 charitate

225 885 274 920 et
314 877 428 929 fide;
469 878 572 919 inde
604 878 803 931 sequitur
834 878 954 931 quod
987 877 1096 918 fides
1129 891 1219 918 non
1251 877 1413 918 dabilis
1450 878 1507 919 sit
1539 878 1622 918 nisi
1663 891 1723 918 ex

225 942 463 990 charitate,
487 947 584 982 tum
610 940 730 994 quod
757 939 868 993 fides
894 954 1073 994 prorsus
1101 940 1204 981 talis
1230 941 1288 982 sit
1311 940 1454 994 qualis
1480 947 1552 981 est
1578 941 1722 981 chari-

226 1009 298 1045 tas
322 1013 394 1052 (sed
412 1013 453 1043 de
471 1013 607 1042 hisaubi
625 1013 743 1050 plura).
802 1002 938 1054 Quod
972 1002 1319 1058 persecutiones
1355 1002 1538 1042 illorum
1571 1003 1645 1055 qui
1677 1003 1722 1042 in

225 1065 447 1106 charitate
470 1070 588 1112 sunt,
613 1063 670 1104 ab
692 1063 777 1103 illis
800 1064 873 1116 qui
899 1063 942 1103 in
966 1062 1052 1103 fide
1075 1070 1284 1116 separata
1305 1077 1331 1103 a
1353 1063 1588 1111 charitate,
1614 1064 1722 1104 atti-

225 1133 318 1178 net,
352 1140 442 1168 non
480 1126 613 1168 hodie
651 1126 766 1167 tales
799 1127 1137 1179 persecutiones
1170 1133 1274 1167 sunt
1306 1126 1425 1179 quod
1463 1126 1724 1179 relegentur

225 1197 272 1232 et
297 1189 553 1244 rejiciantur
578 1204 601 1230 e
629 1189 834 1230 coetibus
861 1190 980 1230 orbis
1007 1189 1265 1238 Christiani,
1293 1189 1372 1230 sed
1399 1189 1519 1243 quod
1549 1190 1605 1230 ab
1636 1189 1722 1230 illis

224 1253 298 1307 qui
328 1254 372 1294 in
398 1252 495 1294 sola
520 1251 607 1293 fide
633 1252 1005 1306 blasphementur
1030 1259 1076 1293 et
1102 1252 1402 1304 damnentur;
1442 1266 1576 1293 nemo
1602 1254 1722 1293 enim

224 1320 378 1370 potest
403 1315 594 1369 relegari
619 1322 665 1357 et
697 1315 829 1369 rejici,
857 1315 901 1356 in
933 1329 1200 1370 quocunque
1226 1329 1369 1369 regno
1401 1317 1472 1365 sit,
1501 1317 1575 1370 qui
1606 1316 1722 1357 bene

223 1379 348 1429 vivit,
375 1385 422 1420 et
451 1379 559 1420 dicit
587 1379 705 1433 quod
738 1380 854 1420 bene
879 1379 1121 1420 vivendum
1148 1380 1205 1421 sit
1239 1387 1286 1421 ut
1320 1379 1548 1430 salvetur;
1587 1393 1722 1420 causa

224 1448 310 1492 est,
330 1443 432 1497 quia
449 1442 533 1483 hoc
554 1455 732 1495 prorsus
750 1443 1001 1483 concordat
1024 1455 1126 1483 cum
1149 1443 1317 1490 Verbo,
1342 1449 1388 1484 et
1411 1444 1514 1497 quia
1536 1444 1721 1496 quisque

222 1519 284 1547 ex
305 1505 514 1547 rationali
537 1505 702 1546 lumine
722 1506 846 1546 videt
864 1506 984 1559 quod
1006 1506 1121 1547 bene
1140 1506 1382 1547 vivendum
1400 1507 1456 1547 sit
1475 1520 1483 1556 ;
1512 1513 1559 1546 at
1582 1520 1720 1559 usque

223 1568 283 1610 ab
302 1567 390 1610 illis
409 1569 483 1622 qui
512 1567 594 1622 [in]
620 1568 716 1609 sola
738 1568 824 1610 fide
848 1575 966 1618 sunt,
991 1569 1265 1610 damnantur
1285 1570 1399 1610 sicut
1422 1569 1496 1623 qui
1519 1582 1608 1609 non
1631 1568 1721 1609 sal-

224 1631 319 1673 vari
339 1638 542 1686 possunt,
562 1646 621 1672 ex
645 1645 780 1672 causa
803 1632 948 1673 meriti
970 1633 1013 1673 in
1036 1633 1165 1673 bonis
1188 1633 1410 1685 operibus,
1431 1638 1477 1673 et
1504 1646 1563 1673 ex
1587 1645 1722 1672 causa

225 1707 410 1750 operum
435 1709 462 1736 a
487 1706 549 1744 se,
576 1709 690 1748 quae
717 1708 808 1735 non
834 1695 953 1736 bona
979 1702 1098 1744 sunt,
1127 1702 1306 1749 praeter
1332 1695 1472 1749 plura,
1501 1709 1580 1748 per
1605 1709 1720 1749 quae

225 1756 494 1799 confirmant
512 1757 880 1811 justificationem
904 1765 949 1799 et
973 1758 1272 1799 salvationem
1291 1772 1369 1812 per
1391 1759 1535 1799 solam
1558 1758 1720 1809 fidem;

224 1820 310 1862 hoc
329 1820 606 1863 manifestius
623 1827 751 1874 patet
770 1822 888 1874 apud
906 1821 1007 1862 illos
1025 1822 1097 1875 qui
1120 1836 1144 1862 e
1162 1828 1297 1863 coetu
1316 1822 1582 1862 Moraviano
1599 1829 1719 1870 sunt,

225 1884 300 1937 qui
329 1883 587 1924 defensores
616 1883 717 1924 fidei
743 1891 979 1937 separatae
1005 1891 1109 1926 sunt
1139 1898 1244 1937 prae
1272 1885 1381 1933 aliis,
1410 1899 1437 1926 a
1467 1885 1626 1939 quibus
1658 1886 1723 1926 ita

225 1945 499 1988 damnantur
519 1953 567 1988 ut
590 1947 744 1988 dicant
767 1947 868 1988 illos
891 1961 980 1988 non
1003 1948 1144 1996 vivos,
1169 1947 1249 1988 sed
1276 1947 1409 2001 plane
1432 1955 1649 1997 mortuos,
1674 1954 1722 1989 et

225 2021 383 2051 omnes
408 2008 598 2062 rejectos
629 2024 652 2051 e
684 2010 825 2059 caelo,
853 2011 927 2064 qui
958 2011 1001 2051 in
1034 2011 1127 2052 vita
1153 2025 1232 2051 sua
1263 2025 1323 2051 ex
1356 2011 1571 2064 religione
1595 2013 1719 2064 cogi-

224 2078 327 2114 tant
348 2072 405 2114 de
431 2073 559 2114 bonis
581 2073 807 2114 faciendis.
869 2073 939 2115 Illi
966 2075 1039 2128 qui
1066 2088 1156 2115 non
1183 2089 1242 2115 ex
1269 2074 1347 2115 illo
1373 2081 1506 2115 coetu
1532 2082 1651 2122 sunt,
1676 2076 1720 2115 in

224 2135 426 2178 ecclesiis
457 2136 529 2176 ubi
561 2150 698 2190 opera
728 2135 894 2190 rejecta
919 2144 1024 2178 sunt
1056 2144 1104 2178 ut
1138 2151 1227 2178 non
1254 2138 1402 2178 media
1428 2137 1599 2184 salutis,
1629 2152 1720 2179 non

224 2198 289 2239 ita
305 2197 637 2252 blasphemant,
658 2200 736 2240 sed
761 2214 898 2253 usque
917 2201 1093 2242 sinistre
1116 2201 1172 2241 de
1195 2200 1280 2241 illis
1299 2201 1506 2254 cogitant
1525 2215 1534 2251 ;
1567 2202 1720 2255 impri-

225 2260 308 2303 mis
338 2260 402 2302 illi
433 2262 507 2316 qui
539 2262 691 2304 multis
724 2277 770 2303 se
803 2276 881 2315 per
911 2264 1092 2316 scripta,
1121 2271 1198 2304 aut
1231 2277 1310 2317 per
1341 2264 1718 2317 praedicationes,

225 2329 303 2365 aut
329 2337 408 2378 per
430 2325 814 2374 ratiocinationes,
843 2325 886 2366 in
913 2325 1282 2379 justificationem
1309 2340 1388 2380 per
1412 2326 1556 2368 solam
1583 2327 1718 2368 fidem

225 2386 627 2440 confirmaverunt;
660 2389 743 2429 hae
770 2390 1106 2442 persecutiones
1126 2397 1230 2431 sunt
1257 2404 1370 2444 quae
1397 2404 1476 2443 per
1501 2392 1718 2443 “patien-

225 2452 336 2493 tiam
346 2451 366 2466 '’
382 2451 452 2493 hic
471 2451 762 2506 intelligitur3
790 2458 835 2493 et
853 2467 1030 2507 quoque
1053 2454 1097 2494 in
1115 2455 1263 2507 capite
1282 2455 1359 2495 xii.
1376 2453 1718 2507 Apocalypseos,

225 2528 305 2570 per

291 2601 396 2645 Quod
415 2603 522 2636 draco
539 2606 676 2636 steterit
691 2614 812 2636 coram
831 2605 978 2637 muliere
995 2605 1113 2637 futura
1130 2616 1265 2646 parere,
1279 2612 1318 2638 ut
1335 2613 1524 2647 postquam
1544 2608 1722 2647 pepererit

400 2647 510 2678 fetum
532 2647 610 2688 ejus
627 2649 836 2686 devoraret;
861 2655 896 2680 et
916 2650 1009 2690 quod
1030 2657 1156 2690 postea
1175 2658 1382 2690 persecutus
1403 2651 1449 2681 sit
1470 2651 1665 2688 mulierem,
1685 2657 1722 2683 et

400 2697 481 2731 post
501 2691 595 2722 illam
619 2701 663 2722 ex
688 2702 748 2723 ore
769 2702 834 2723 suo
854 2693 998 2732 ejecerit
1017 2703 1144 2733 aquam
1166 2701 1334 2734 tanquam
1356 2694 1498 2731 flumen,
1517 2701 1554 2725 ut
1579 2694 1675 2725 illam
1699 2705 1723 2726 a

400 2734 546 2766 flumine
562 2735 767 2775 absorptam
785 2735 937 2767 faceret:
967 2743 1002 2767 et
1025 2737 1118 2777 quod
1137 2737 1246 2768 iratus
1266 2738 1311 2768 sit
1331 2738 1437 2768 draco
1454 2744 1580 2769 contra
1597 2739 1722 2770 mulie-

400 2787 485 2816 rem,
499 2784 534 2809 et
550 2779 700 2809 abiverit
717 2779 834 2810 facere
847 2780 977 2810 bellum
991 2789 1070 2811 cum
1086 2781 1229 2821 reliquis
1243 2781 1390 2812 seminis
1404 2781 1482 2821 ejus
1499 2782 1723 2813 observanti·

399 2822 465 2853 bus
490 2822 660 2853 mandata
685 2822 760 2860 Dei,
782 2828 817 2854 et
840 2823 1052 2854 habentibus
1078 2823 1323 2855 testimonium
1347 2824 1433 2866 Jesu
1458 2823 1590 2856 Christi
1615 2825 1721 2864 (vers.

399 2865 594 2905 4‚15.17)=

225 2951 429 2993 similiter
469 2966 582 3006 quae
622 2953 678 2994 de
722 2947 946 2995 “bestiis’'
989 2953 1105 3008 (cap.
1138 2956 1228 2996 xiii.
1258 2965 1351 3009 5—7,
1385 2955 1452 3010 15)
1495 2957 1717 3000 dicuntur.

227 3013 362 3068 Quod
389 3015 526 3056 etiarn
554 3017 889 3069 persecutiones
914 3016 1000 3058 illis
1032 3018 1120 3060 sint
1153 3026 1336 3072 propter
1361 3021 1640 3073 agnitionem
1671 3028 1719 3064 et
