<?xml version="1.0" encoding="UTF-8"?>
<!DOCTYPE html PUBLIC "-//W3C//DTD XHTML 1.0 Transitional//EN"
    "http://www.w3.org/TR/xhtml1/DTD/xhtml1-transitional.dtd">
<html xmlns="http://www.w3.org/1999/xhtml" xml:lang="en" lang="en">
 <head>
  <title>
</title>
<meta http-equiv="Content-Type" content="text/html;charset=utf-8" />
  <meta name='ocr-system' content='tesseract 3.04.00' />
  <meta name='ocr-capabilities' content='ocr_page ocr_carea ocr_par ocr_line ocrx_word'/>
</head>
<body>
  <div class='ocr_page' id='page_1' title='image "apocalypsisexpli04sweduoft_0292.png"; bbox 0 0 2054 3464; ppageno 0'>
   <div class='ocr_carea' id='block_1_1' title="bbox 419 344 1484 390">
    <p class='ocr_par' dir='ltr' id='par_1_1' title="bbox 419 344 1484 390">
     <span class='ocr_line' id='line_1_1' title="bbox 419 344 1484 390; baseline 0.002 -14"><span class='ocrx_word' id='word_1_1' title='bbox 419 347 530 390; x_wconf 89' lang='lat'>2194</span> <span class='ocrx_word' id='word_1_2' title='bbox 578 348 585 355; x_wconf 85' lang='lat'><strong><em>&#39;</em></strong></span> <span class='ocrx_word' id='word_1_3' title='bbox 829 344 1157 378; x_wconf 86' lang='lat' dir='ltr'>APOCALYPSIS</span> <span class='ocrx_word' id='word_1_4' title='bbox 1188 345 1484 378; x_wconf 87' lang='lat' dir='ltr'>EXPLICATA.</span> 
     </span>
    </p>
   </div>
   <div class='ocr_carea' id='block_1_2' title="bbox 419 455 1899 761">
    <p class='ocr_par' dir='ltr' id='par_1_2' title="bbox 419 455 1899 761">
     <span class='ocr_line' id='line_1_2' title="bbox 419 455 1898 512; baseline 0.002 -15"><span class='ocrx_word' id='word_1_5' title='bbox 419 455 755 509; x_wconf 60' lang='lat' dir='ltr'>conjunffifiones</span> <span class='ocrx_word' id='word_1_6' title='bbox 777 456 997 498; x_wconf 90' lang='lat' dir='ltr'>bonorum</span> <span class='ocrx_word' id='word_1_7' title='bbox 1020 471 1203 510; x_wconf 78' lang='lat' dir='ltr'>operum</span> <span class='ocrx_word' id='word_1_8' title='bbox 1225 471 1325 499; x_wconf 91' lang='lat' dir='ltr'>cum</span> <span class='ocrx_word' id='word_1_9' title='bbox 1352 457 1452 507; x_wconf 89' lang='lat' dir='ltr'>fide,</span> <span class='ocrx_word' id='word_1_10' title='bbox 1477 471 1555 511; x_wconf 89' lang='lat' dir='ltr'>per</span> <span class='ocrx_word' id='word_1_11' title='bbox 1576 471 1685 512; x_wconf 89' lang='lat' dir='ltr'>quas</span> <span class='ocrx_word' id='word_1_12' title='bbox 1710 464 1898 512; x_wconf 87' lang='lat' dir='ltr'>apparet</span> 
     </span>
     <span class='ocr_line' id='line_1_3' title="bbox 419 519 1898 575; baseline 0.002 -16"><span class='ocrx_word' id='word_1_13' title='bbox 419 519 531 559; x_wconf 89' lang='lat' dir='ltr'>sicut</span> <span class='ocrx_word' id='word_1_14' title='bbox 569 519 872 560; x_wconf 82' lang='lat' dir='ltr'>discordantia</span> <span class='ocrx_word' id='word_1_15' title='bbox 911 533 1011 560; x_wconf 90' lang='lat' dir='ltr'>cum</span> <span class='ocrx_word' id='word_1_16' title='bbox 1048 520 1203 561; x_wconf 89' lang='lat' dir='ltr'>Verbo</span> <span class='ocrx_word' id='word_1_17' title='bbox 1243 527 1468 561; x_wconf 91' lang='lat' dir='ltr'>summota</span> <span class='ocrx_word' id='word_1_18' title='bbox 1509 527 1642 569; x_wconf 85' lang='lat' dir='ltr'>esset,</span> <span class='ocrx_word' id='word_1_19' title='bbox 1682 521 1898 575; x_wconf 84' lang='lat' dir='ltr'>quasdam</span> 
     </span>
     <span class='ocr_line' id='line_1_4' title="bbox 419 582 1897 636; baseline 0.002 -15"><span class='ocrx_word' id='word_1_20' title='bbox 419 582 612 622; x_wconf 88' lang='lat' dir='ltr'>creditas</span> <span class='ocrx_word' id='word_1_21' title='bbox 649 596 674 622; x_wconf 91' lang='lat' dir='ltr'>a</span> <span class='ocrx_word' id='word_1_22' title='bbox 710 582 998 634; x_wconf 84' lang='lat' dir='ltr'>simplicibus,</span> <span class='ocrx_word' id='word_1_23' title='bbox 1032 589 1078 624; x_wconf 91' lang='lat' dir='ltr'>et</span> <span class='ocrx_word' id='word_1_24' title='bbox 1115 583 1330 636; x_wconf 89' lang='lat' dir='ltr'>quasdam</span> <span class='ocrx_word' id='word_1_25' title='bbox 1368 584 1574 624; x_wconf 88' lang='lat' dir='ltr'>inventas</span> <span class='ocrx_word' id='word_1_26' title='bbox 1611 583 1668 623; x_wconf 88' lang='lat' dir='ltr'>ab</span> <span class='ocrx_word' id='word_1_27' title='bbox 1699 583 1897 632; x_wconf 83' lang='lat' dir='ltr'>eruditis,</span> 
     </span>
     <span class='ocr_line' id='line_1_5' title="bbox 419 643 1899 700; baseline 0.003 -17"><span class='ocrx_word' id='word_1_28' title='bbox 419 644 609 684; x_wconf 84' lang='lat' dir='ltr'>tradere.</span> <span class='ocrx_word' id='word_1_29' title='bbox 673 643 752 698; x_wconf 90' lang='lat'>(1.)</span> <span class='ocrx_word' id='word_1_30' title='bbox 797 644 1120 697; x_wconf 85' lang='lat' dir='ltr'>Simplicissimi</span> <span class='ocrx_word' id='word_1_31' title='bbox 1157 659 1246 686; x_wconf 92' lang='lat' dir='ltr'>non</span> <span class='ocrx_word' id='word_1_32' title='bbox 1278 647 1424 686; x_wconf 88' lang='lat' dir='ltr'>sciunt</span> <span class='ocrx_word' id='word_1_33' title='bbox 1456 646 1585 686; x_wconf 88' lang='lat' dir='ltr'>aliter</span> <span class='ocrx_word' id='word_1_34' title='bbox 1616 658 1748 699; x_wconf 89' lang='lat' dir='ltr'>quam</span> <span class='ocrx_word' id='word_1_35' title='bbox 1779 645 1899 700; x_wconf 89' lang='lat' dir='ltr'>quod</span> 
     </span>
     <span class='ocr_line' id='line_1_6' title="bbox 420 705 1899 761; baseline 0.003 -16"><span class='ocrx_word' id='word_1_36' title='bbox 420 706 516 746; x_wconf 85' lang='lat' dir='ltr'>sola</span> <span class='ocrx_word' id='word_1_37' title='bbox 538 705 647 746; x_wconf 97' lang='lat' dir='ltr'>fides</span> <span class='ocrx_word' id='word_1_38' title='bbox 670 707 726 747; x_wconf 92' lang='lat' dir='ltr'>sit</span> <span class='ocrx_word' id='word_1_39' title='bbox 753 707 934 747; x_wconf 92' lang='lat' dir='ltr'>credere</span> <span class='ocrx_word' id='word_1_40' title='bbox 960 706 1037 748; x_wconf 90' lang='lat' dir='ltr'>illa</span> <span class='ocrx_word' id='word_1_41' title='bbox 1057 721 1170 761; x_wconf 90' lang='lat' dir='ltr'>quae</span> <span class='ocrx_word' id='word_1_42' title='bbox 1196 708 1238 748; x_wconf 90' lang='lat' dir='ltr'>in</span> <span class='ocrx_word' id='word_1_43' title='bbox 1262 707 1417 748; x_wconf 89' lang='lat' dir='ltr'>Verbo</span> <span class='ocrx_word' id='word_1_44' title='bbox 1439 714 1555 756; x_wconf 88' lang='lat' dir='ltr'>sunt,</span> <span class='ocrx_word' id='word_1_45' title='bbox 1580 714 1635 748; x_wconf 88' lang='lat' dir='ltr'>et</span> <span class='ocrx_word' id='word_1_46' title='bbox 1652 721 1764 761; x_wconf 89' lang='lat' dir='ltr'>quae</span> <span class='ocrx_word' id='word_1_47' title='bbox 1790 708 1899 750; x_wconf 84' lang='lat' dir='ltr'>doc-</span> 
     </span>
    </p>
   </div>
   <div class='ocr_carea' id='block_1_3' title="bbox 420 768 2046 824">
    <p class='ocr_par' dir='ltr' id='par_1_3' title="bbox 420 768 2046 824">
     <span class='ocr_line' id='line_1_7' title="bbox 420 768 2046 824; baseline 0.002 -16"><span class='ocrx_word' id='word_1_48' title='bbox 420 769 536 808; x_wconf 89' lang='lat' dir='ltr'>trina</span> <span class='ocrx_word' id='word_1_49' title='bbox 558 768 773 810; x_wconf 90' lang='lat' dir='ltr'>ecclesiae</span> <span class='ocrx_word' id='word_1_50' title='bbox 796 770 898 810; x_wconf 90' lang='lat' dir='ltr'>inde</span> <span class='ocrx_word' id='word_1_51' title='bbox 916 770 1064 811; x_wconf 91' lang='lat' dir='ltr'>docet.</span> <span class='ocrx_word' id='word_1_52' title='bbox 1127 770 1205 824; x_wconf 89' lang='lat'>(2.)</span> <span class='ocrx_word' id='word_1_53' title='bbox 1240 771 1388 811; x_wconf 90' lang='lat' dir='ltr'>Minus</span> <span class='ocrx_word' id='word_1_54' title='bbox 1406 770 1628 823; x_wconf 87' lang='lat' dir='ltr'>simplices</span> <span class='ocrx_word' id='word_1_55' title='bbox 1647 783 1736 810; x_wconf 92' lang='lat' dir='ltr'>non</span> <span class='ocrx_word' id='word_1_56' title='bbox 1754 770 1900 812; x_wconf 87' lang='lat' dir='ltr'>sciunt</span> <span class='ocrx_word' id='word_1_57' title='bbox 1961 769 1964 771; x_wconf 65' lang='grc'><strong>’</strong></span> <span class='ocrx_word' id='word_1_58' title='bbox 2018 791 2046 803; x_wconf 76' lang='lat'>.</span> 
     </span>
    </p>
   </div>
   <div class='ocr_carea' id='block_1_4' title="bbox 419 831 1902 1199">
    <p class='ocr_par' dir='ltr' id='par_1_4' title="bbox 419 831 1902 1199">
     <span class='ocr_line' id='line_1_8' title="bbox 420 831 1900 886; baseline 0.001 -15"><span class='ocrx_word' id='word_1_59' title='bbox 420 831 524 884; x_wconf 91' lang='lat' dir='ltr'>quid</span> <span class='ocrx_word' id='word_1_60' title='bbox 551 831 646 872; x_wconf 90' lang='lat' dir='ltr'>sola</span> <span class='ocrx_word' id='word_1_61' title='bbox 672 831 796 881; x_wconf 86' lang='lat' dir='ltr'>fides,</span> <span class='ocrx_word' id='word_1_62' title='bbox 825 833 903 873; x_wconf 90' lang='lat' dir='ltr'>sed</span> <span class='ocrx_word' id='word_1_63' title='bbox 930 834 1048 886; x_wconf 91' lang='lat' dir='ltr'>quod</span> <span class='ocrx_word' id='word_1_64' title='bbox 1076 833 1184 874; x_wconf 88' lang='lat' dir='ltr'>fides</span> <span class='ocrx_word' id='word_1_65' title='bbox 1215 834 1272 874; x_wconf 91' lang='lat' dir='ltr'>sit</span> <span class='ocrx_word' id='word_1_66' title='bbox 1299 834 1478 874; x_wconf 90' lang='lat' dir='ltr'>credere</span> <span class='ocrx_word' id='word_1_67' title='bbox 1505 833 1623 886; x_wconf 89' lang='lat' dir='ltr'>quod</span> <span class='ocrx_word' id='word_1_68' title='bbox 1649 832 1900 885; x_wconf 85' lang='lat' dir='ltr'>faciendum</span> 
     </span>
     <span class='ocr_line' id='line_1_9' title="bbox 421 894 1900 949; baseline 0.002 -16"><span class='ocrx_word' id='word_1_69' title='bbox 421 895 476 934; x_wconf 87' lang='lat' dir='ltr'>sit</span> <span class='ocrx_word' id='word_1_70' title='bbox 498 908 506 944; x_wconf 90' lang='lat'>;</span> <span class='ocrx_word' id='word_1_71' title='bbox 557 895 685 946; x_wconf 88' lang='lat' dir='ltr'>pauci</span> <span class='ocrx_word' id='word_1_72' title='bbox 729 909 787 935; x_wconf 82' lang='lat' dir='ltr'>ex</span> <span class='ocrx_word' id='word_1_73' title='bbox 829 895 915 936; x_wconf 88' lang='lat' dir='ltr'>illis</span> <span class='ocrx_word' id='word_1_74' title='bbox 956 896 1238 949; x_wconf 87' lang='lat' dir='ltr'>distinguunt</span> <span class='ocrx_word' id='word_1_75' title='bbox 1279 896 1394 936; x_wconf 89' lang='lat' dir='ltr'>inter</span> <span class='ocrx_word' id='word_1_76' title='bbox 1435 896 1614 936; x_wconf 90' lang='lat' dir='ltr'>credere</span> <span class='ocrx_word' id='word_1_77' title='bbox 1655 901 1702 936; x_wconf 90' lang='lat' dir='ltr'>et</span> <span class='ocrx_word' id='word_1_78' title='bbox 1742 894 1900 936; x_wconf 85' lang='lat' dir='ltr'>facere.</span> 
     </span>
     <span class='ocr_line' id='line_1_10' title="bbox 426 956 1901 1012; baseline 0.001 -16"><span class='ocrx_word' id='word_1_79' title='bbox 426 956 504 1010; x_wconf 91' lang='lat'>(3.)</span> <span class='ocrx_word' id='word_1_80' title='bbox 534 957 625 997; x_wconf 89' lang='lat' dir='ltr'>Alii</span> <span class='ocrx_word' id='word_1_81' title='bbox 643 972 749 998; x_wconf 90' lang='lat' dir='ltr'>vero</span> <span class='ocrx_word' id='word_1_82' title='bbox 765 965 1002 1000; x_wconf 82' lang='lat' dir='ltr'><strong>autumant</strong></span> <span class='ocrx_word' id='word_1_83' title='bbox 1020 959 1138 1012; x_wconf 92' lang='lat' dir='ltr'>quod</span> <span class='ocrx_word' id='word_1_84' title='bbox 1161 958 1270 999; x_wconf 88' lang='lat' dir='ltr'>fides</span> <span class='ocrx_word' id='word_1_85' title='bbox 1288 959 1506 1011; x_wconf 91' lang='lat' dir='ltr'>producat</span> <span class='ocrx_word' id='word_1_86' title='bbox 1524 959 1643 999; x_wconf 92' lang='lat' dir='ltr'>bona</span> <span class='ocrx_word' id='word_1_87' title='bbox 1659 971 1807 1011; x_wconf 90' lang='lat' dir='ltr'>opera,</span> <span class='ocrx_word' id='word_1_88' title='bbox 1821 956 1901 998; x_wconf 87' lang='lat' dir='ltr'>sed</span> 
     </span>
     <span class='ocr_line' id='line_1_11' title="bbox 421 1018 1899 1074; baseline 0.001 -15"><span class='ocrx_word' id='word_1_89' title='bbox 421 1032 510 1059; x_wconf 89' lang='lat' dir='ltr'>non</span> <span class='ocrx_word' id='word_1_90' title='bbox 542 1020 747 1071; x_wconf 85' lang='lat' dir='ltr'>cogitant</span> <span class='ocrx_word' id='word_1_91' title='bbox 773 1022 1000 1074; x_wconf 92' lang='lat' dir='ltr'>quomodo</span> <span class='ocrx_word' id='word_1_92' title='bbox 1026 1021 1243 1074; x_wconf 85' lang='lat' dir='ltr'>producit.</span> <span class='ocrx_word' id='word_1_93' title='bbox 1307 1020 1384 1074; x_wconf 86' lang='lat'>(4.)</span> <span class='ocrx_word' id='word_1_94' title='bbox 1418 1020 1510 1061; x_wconf 91' lang='lat' dir='ltr'>Alii</span> <span class='ocrx_word' id='word_1_95' title='bbox 1542 1021 1746 1074; x_wconf 83' lang='lat' dir='ltr'>cogitant</span> <span class='ocrx_word' id='word_1_96' title='bbox 1779 1018 1899 1074; x_wconf 84' lang='lat' dir='ltr'>quod</span> 
     </span>
     <span class='ocr_line' id='line_1_12' title="bbox 419 1081 1898 1137; baseline 0.001 -16"><span class='ocrx_word' id='word_1_97' title='bbox 419 1081 528 1122; x_wconf 90' lang='lat' dir='ltr'>fides</span> <span class='ocrx_word' id='word_1_98' title='bbox 555 1084 739 1124; x_wconf 89' lang='lat' dir='ltr'>omnino</span> <span class='ocrx_word' id='word_1_99' title='bbox 762 1085 1016 1135; x_wconf 83' lang='lat' dir='ltr'>praecedet,</span> <span class='ocrx_word' id='word_1_100' title='bbox 1042 1091 1087 1125; x_wconf 94' lang='lat' dir='ltr'>et</span> <span class='ocrx_word' id='word_1_101' title='bbox 1110 1084 1229 1137; x_wconf 90' lang='lat' dir='ltr'>quod</span> <span class='ocrx_word' id='word_1_102' title='bbox 1256 1084 1374 1124; x_wconf 90' lang='lat' dir='ltr'>bona</span> <span class='ocrx_word' id='word_1_103' title='bbox 1397 1098 1455 1124; x_wconf 85' lang='lat' dir='ltr'>ex</span> <span class='ocrx_word' id='word_1_104' title='bbox 1481 1083 1557 1124; x_wconf 88' lang='lat' dir='ltr'>illa</span> <span class='ocrx_word' id='word_1_105' title='bbox 1582 1083 1898 1136; x_wconf 85' lang='lat' dir='ltr'>producantur,</span> 
     </span>
     <span class='ocr_line' id='line_1_13' title="bbox 420 1145 1902 1199; baseline 0.001 -16"><span class='ocrx_word' id='word_1_106' title='bbox 420 1150 496 1184; x_wconf 90' lang='lat' dir='ltr'>aut</span> <span class='ocrx_word' id='word_1_107' title='bbox 520 1145 722 1185; x_wconf 82' lang='lat' dir='ltr'>existant</span> <span class='ocrx_word' id='word_1_108' title='bbox 744 1147 857 1186; x_wconf 91' lang='lat' dir='ltr'>sicut</span> <span class='ocrx_word' id='word_1_109' title='bbox 880 1145 1045 1187; x_wconf 64' lang='lat' dir='ltr'>fructus</span> <span class='ocrx_word' id='word_1_110' title='bbox 1067 1160 1124 1187; x_wconf 84' lang='lat' dir='ltr'>ex</span> <span class='ocrx_word' id='word_1_111' title='bbox 1147 1146 1317 1186; x_wconf 88' lang='lat' dir='ltr'>arbore.</span> <span class='ocrx_word' id='word_1_112' title='bbox 1381 1145 1459 1199; x_wconf 85' lang='grc'>(5.)</span> <span class='ocrx_word' id='word_1_113' title='bbox 1495 1145 1688 1198; x_wconf 78' lang='lat' dir='ltr'>Quidam</span> <span class='ocrx_word' id='word_1_114' title='bbox 1711 1145 1902 1186; x_wconf 89' lang='lat' dir='ltr'>credunt</span> 
     </span>
    </p>
   </div>
   <div class='ocr_carea' id='block_1_5' title="bbox 422 1199 2025 1261">
    <p class='ocr_par' dir='ltr' id='par_1_5' title="bbox 422 1185 2049 1275">
     <span class='ocr_line' id='line_1_14' title="bbox 422 1199 2025 1261; baseline 0.001 -15"><span class='ocrx_word' id='word_1_115' title='bbox 422 1207 540 1259; x_wconf 90' lang='lat' dir='ltr'>quod</span> <span class='ocrx_word' id='word_1_116' title='bbox 572 1208 634 1247; x_wconf 89' lang='lat' dir='ltr'>ita</span> <span class='ocrx_word' id='word_1_117' title='bbox 665 1207 741 1248; x_wconf 90' lang='lat' dir='ltr'>fiat</span> <span class='ocrx_word' id='word_1_118' title='bbox 773 1221 852 1260; x_wconf 92' lang='lat' dir='ltr'>per</span> <span class='ocrx_word' id='word_1_119' title='bbox 877 1209 1241 1261; x_wconf 83' lang='lat' dir='ltr'>cooperationem</span> <span class='ocrx_word' id='word_1_120' title='bbox 1268 1209 1324 1248; x_wconf 92' lang='lat' dir='ltr'>ab</span> <span class='ocrx_word' id='word_1_121' title='bbox 1354 1208 1548 1256; x_wconf 89' lang='lat' dir='ltr'>homine,</span> <span class='ocrx_word' id='word_1_122' title='bbox 1577 1208 1757 1261; x_wconf 83' lang='lat' dir='ltr'>quidam</span> <span class='ocrx_word' id='word_1_123' title='bbox 1782 1206 1903 1261; x_wconf 91' lang='lat' dir='ltr'>quod</span> <span class='ocrx_word' id='word_1_124' title='bbox 1975 1253 1978 1254; x_wconf 15' lang='lat'><em>⁷</em></span> <span class='ocrx_word' id='word_1_125' title='bbox 2023 1199 2025 1202; x_wconf 42' lang='grc'>’</span> 
     </span>
    </p>
   </div>
   <div class='ocr_carea' id='block_1_6' title="bbox 415 1267 1903 1824">
    <p class='ocr_par' dir='ltr' id='par_1_6' title="bbox 415 1267 1903 1824">
     <span class='ocr_line' id='line_1_15' title="bbox 422 1267 1903 1324; baseline 0.001 -16"><span class='ocrx_word' id='word_1_126' title='bbox 422 1269 590 1322; x_wconf 88' lang='lat' dir='ltr'>absque</span> <span class='ocrx_word' id='word_1_127' title='bbox 617 1269 707 1322; x_wconf 88' lang='lat' dir='ltr'>ejus</span> <span class='ocrx_word' id='word_1_128' title='bbox 734 1272 1064 1323; x_wconf 89' lang='lat' dir='ltr'>cooperatione.</span> <span class='ocrx_word' id='word_1_129' title='bbox 1128 1269 1205 1324; x_wconf 85' lang='lat'>(6.)</span> <span class='ocrx_word' id='word_1_130' title='bbox 1251 1270 1339 1311; x_wconf 85' lang='lat' dir='ltr'>Sed</span> <span class='ocrx_word' id='word_1_131' title='bbox 1365 1272 1466 1324; x_wconf 89' lang='lat' dir='ltr'>quia</span> <span class='ocrx_word' id='word_1_132' title='bbox 1488 1269 1735 1311; x_wconf 59' lang='lat' dir='ltr'>doctrinale</span> <span class='ocrx_word' id='word_1_133' title='bbox 1761 1267 1903 1311; x_wconf 61' lang='lat' dir='ltr'>dffiat</span> 
     </span>
     <span class='ocr_line' id='line_1_16' title="bbox 422 1330 1902 1386; baseline 0.001 -15"><span class='ocrx_word' id='word_1_134' title='bbox 422 1332 539 1383; x_wconf 89' lang='lat' dir='ltr'>quod</span> <span class='ocrx_word' id='word_1_135' title='bbox 562 1332 657 1372; x_wconf 90' lang='lat' dir='ltr'>sola</span> <span class='ocrx_word' id='word_1_136' title='bbox 688 1331 797 1372; x_wconf 90' lang='lat' dir='ltr'>fides</span> <span class='ocrx_word' id='word_1_137' title='bbox 823 1333 992 1386; x_wconf 87' lang='lat' dir='ltr'>absque</span> <span class='ocrx_word' id='word_1_138' title='bbox 1021 1333 1148 1374; x_wconf 91' lang='lat' dir='ltr'>bonis</span> <span class='ocrx_word' id='word_1_139' title='bbox 1175 1333 1381 1385; x_wconf 89' lang='lat' dir='ltr'>operibus</span> <span class='ocrx_word' id='word_1_140' title='bbox 1408 1333 1565 1381; x_wconf 88' lang='lat' dir='ltr'>salvet,</span> <span class='ocrx_word' id='word_1_141' title='bbox 1594 1332 1696 1373; x_wconf 90' lang='lat' dir='ltr'>ideo</span> <span class='ocrx_word' id='word_1_142' title='bbox 1721 1330 1902 1386; x_wconf 77' lang='lat' dir='ltr'>quidar&#39;n</span> 
     </span>
     <span class='ocr_line' id='line_1_17' title="bbox 421 1393 1902 1449; baseline 0.001 -16"><span class='ocrx_word' id='word_1_143' title='bbox 421 1393 539 1433; x_wconf 91' lang='lat' dir='ltr'>bona</span> <span class='ocrx_word' id='word_1_144' title='bbox 557 1407 692 1446; x_wconf 85' lang='lat' dir='ltr'>opera</span> <span class='ocrx_word' id='word_1_145' title='bbox 716 1394 838 1435; x_wconf 90' lang='lat' dir='ltr'>nihili</span> <span class='ocrx_word' id='word_1_146' title='bbox 862 1396 1077 1447; x_wconf 89' lang='lat' dir='ltr'>pendunt,</span> <span class='ocrx_word' id='word_1_147' title='bbox 1099 1396 1301 1436; x_wconf 88' lang='lat' dir='ltr'>dicentes</span> <span class='ocrx_word' id='word_1_148' title='bbox 1324 1396 1457 1436; x_wconf 91' lang='lat' dir='ltr'>corde</span> <span class='ocrx_word' id='word_1_149' title='bbox 1477 1395 1595 1449; x_wconf 90' lang='lat' dir='ltr'>quod</span> <span class='ocrx_word' id='word_1_150' title='bbox 1617 1395 1767 1436; x_wconf 87' lang='lat' dir='ltr'>omnia</span> <span class='ocrx_word' id='word_1_151' title='bbox 1789 1407 1902 1448; x_wconf 89' lang='lat' dir='ltr'>quae</span> 
     </span>
     <span class='ocr_line' id='line_1_18' title="bbox 421 1456 1902 1511; baseline 0.001 -16"><span class='ocrx_word' id='word_1_152' title='bbox 421 1456 587 1496; x_wconf 89' lang='lat' dir='ltr'>faciunt</span> <span class='ocrx_word' id='word_1_153' title='bbox 619 1457 662 1496; x_wconf 93' lang='lat' dir='ltr'>in</span> <span class='ocrx_word' id='word_1_154' title='bbox 684 1456 940 1509; x_wconf 13' lang='lat' dir='ltr'>*conspeetu</span> <span class='ocrx_word' id='word_1_155' title='bbox 973 1457 1056 1498; x_wconf 92' lang='lat' dir='ltr'>Dei</span> <span class='ocrx_word' id='word_1_156' title='bbox 1088 1458 1176 1498; x_wconf 87' lang='lat' dir='ltr'>sint</span> <span class='ocrx_word' id='word_1_157' title='bbox 1207 1458 1339 1506; x_wconf 87' lang='lat' dir='ltr'>bona,</span> <span class='ocrx_word' id='word_1_158' title='bbox 1368 1464 1414 1498; x_wconf 88' lang='lat' dir='ltr'>et</span> <span class='ocrx_word' id='word_1_159' title='bbox 1446 1458 1564 1511; x_wconf 91' lang='lat' dir='ltr'>quod</span> <span class='ocrx_word' id='word_1_160' title='bbox 1597 1456 1715 1497; x_wconf 84' lang='lat' dir='ltr'>mala</span> <span class='ocrx_word' id='word_1_161' title='bbox 1745 1470 1771 1497; x_wconf 88' lang='lat' dir='ltr'>a</span> <span class='ocrx_word' id='word_1_162' title='bbox 1802 1456 1902 1498; x_wconf 93' lang='lat' dir='ltr'>Deo</span> 
     </span>
     <span class='ocr_line' id='line_1_19' title="bbox 422 1518 1902 1574; baseline 0.001 -16"><span class='ocrx_word' id='word_1_163' title='bbox 422 1532 513 1559; x_wconf 91' lang='lat' dir='ltr'>non</span> <span class='ocrx_word' id='word_1_164' title='bbox 531 1519 778 1559; x_wconf 87' lang='lat' dir='ltr'>videantur.</span> <span class='ocrx_word' id='word_1_165' title='bbox 842 1518 920 1573; x_wconf 86' lang='lat'>(7.)</span> <span class='ocrx_word' id='word_1_166' title='bbox 955 1519 1021 1561; x_wconf 85' lang='lat' dir='ltr'>At</span> <span class='ocrx_word' id='word_1_167' title='bbox 1039 1521 1140 1574; x_wconf 89' lang='lat' dir='ltr'>quia</span> <span class='ocrx_word' id='word_1_168' title='bbox 1158 1521 1295 1561; x_wconf 91' lang='lat' dir='ltr'>toties</span> <span class='ocrx_word' id='word_1_169' title='bbox 1312 1521 1356 1561; x_wconf 93' lang='lat' dir='ltr'>in</span> <span class='ocrx_word' id='word_1_170' title='bbox 1375 1520 1528 1561; x_wconf 91' lang='lat' dir='ltr'>Verbo</span> <span class='ocrx_word' id='word_1_171' title='bbox 1547 1521 1754 1561; x_wconf 87' lang='lat' dir='ltr'>dicuntur</span> <span class='ocrx_word' id='word_1_172' title='bbox 1771 1519 1902 1561; x_wconf 82' lang='lat' dir='ltr'>“fac&#39;-</span> 
     </span>
     <span class='ocr_line' id='line_1_20' title="bbox 421 1581 1902 1635; baseline 0.002 -14"><span class='ocrx_word' id='word_1_173' title='bbox 421 1587 468 1621; x_wconf 86' lang='lat' dir='ltr'>ta</span> <span class='ocrx_word' id='word_1_174' title='bbox 481 1581 499 1596; x_wconf 92' lang='lat'>’‘</span> <span class='ocrx_word' id='word_1_175' title='bbox 524 1588 569 1622; x_wconf 93' lang='lat' dir='ltr'>et</span> <span class='ocrx_word' id='word_1_176' title='bbox 599 1586 623 1602; x_wconf 86' lang='lat'>“</span> <span class='ocrx_word' id='word_1_177' title='bbox 640 1581 815 1634; x_wconf 87' lang='lat' dir='ltr'>opera‚”</span> <span class='ocrx_word' id='word_1_178' title='bbox 841 1589 936 1623; x_wconf 89' lang='lat' dir='ltr'>tum</span> <span class='ocrx_word' id='word_1_179' title='bbox 965 1583 1177 1623; x_wconf 86' lang='lat' dir='ltr'>“facere”</span> <span class='ocrx_word' id='word_1_180' title='bbox 1202 1590 1248 1623; x_wconf 90' lang='lat' dir='ltr'>et</span> <span class='ocrx_word' id='word_1_181' title='bbox 1277 1582 1524 1635; x_wconf 88' lang='lat' dir='ltr'>“operari‚’&#39;</span> <span class='ocrx_word' id='word_1_182' title='bbox 1546 1597 1605 1623; x_wconf 85' lang='lat' dir='ltr'>ex</span> <span class='ocrx_word' id='word_1_183' title='bbox 1631 1583 1902 1625; x_wconf 87' lang='lat' dir='ltr'>necessitate</span> 
     </span>
     <span class='ocr_line' id='line_1_21' title="bbox 421 1644 1903 1698; baseline 0.002 -15"><span class='ocrx_word' id='word_1_184' title='bbox 421 1644 688 1684; x_wconf 90' lang='lat' dir='ltr'>conciliandi</span> <span class='ocrx_word' id='word_1_185' title='bbox 725 1644 926 1685; x_wconf 90' lang='lat' dir='ltr'>Verbum</span> <span class='ocrx_word' id='word_1_186' title='bbox 967 1658 1067 1685; x_wconf 92' lang='lat' dir='ltr'>cum</span> <span class='ocrx_word' id='word_1_187' title='bbox 1107 1645 1184 1686; x_wconf 93' lang='lat' dir='ltr'>illo</span> <span class='ocrx_word' id='word_1_188' title='bbox 1221 1646 1449 1698; x_wconf 84' lang='lat' dir='ltr'>dogmate,</span> <span class='ocrx_word' id='word_1_189' title='bbox 1489 1646 1756 1698; x_wconf 85' lang='lat' dir='ltr'>excogitant</span> <span class='ocrx_word' id='word_1_190' title='bbox 1794 1658 1903 1686; x_wconf 91' lang='lat' dir='ltr'>con-</span> 
     </span>
     <span class='ocr_line' id='line_1_22' title="bbox 415 1705 1903 1761; baseline 0.002 -15"><span class='ocrx_word' id='word_1_191' title='bbox 415 1705 681 1758; x_wconf 69' lang='lat' dir='ltr'>junffiones,</span> <span class='ocrx_word' id='word_1_192' title='bbox 715 1708 794 1748; x_wconf 89' lang='lat' dir='ltr'>sed</span> <span class='ocrx_word' id='word_1_193' title='bbox 833 1708 1143 1757; x_wconf 82' lang='lat' dir='ltr'>diversimode,</span> <span class='ocrx_word' id='word_1_194' title='bbox 1177 1722 1314 1761; x_wconf 91' lang='lat' dir='ltr'>usque</span> <span class='ocrx_word' id='word_1_195' title='bbox 1351 1714 1504 1748; x_wconf 89' lang='lat' dir='ltr'>tamen</span> <span class='ocrx_word' id='word_1_196' title='bbox 1542 1708 1671 1756; x_wconf 87' lang='lat' dir='ltr'>tales,</span> <span class='ocrx_word' id='word_1_197' title='bbox 1709 1714 1758 1749; x_wconf 91' lang='lat' dir='ltr'>ut</span> <span class='ocrx_word' id='word_1_198' title='bbox 1793 1707 1903 1749; x_wconf 85' lang='lat' dir='ltr'>fides</span> 
     </span>
     <span class='ocr_line' id='line_1_23' title="bbox 421 1770 1901 1824; baseline 0.001 -14"><span class='ocrx_word' id='word_1_199' title='bbox 421 1783 498 1822; x_wconf 91' lang='lat' dir='ltr'>per</span> <span class='ocrx_word' id='word_1_200' title='bbox 523 1783 571 1810; x_wconf 90' lang='lat' dir='ltr'>se</span> <span class='ocrx_word' id='word_1_201' title='bbox 603 1771 674 1818; x_wconf 88' lang='lat' dir='ltr'>sit,</span> <span class='ocrx_word' id='word_1_202' title='bbox 703 1776 749 1811; x_wconf 93' lang='lat' dir='ltr'>et</span> <span class='ocrx_word' id='word_1_203' title='bbox 781 1784 917 1823; x_wconf 90' lang='lat' dir='ltr'>opera</span> <span class='ocrx_word' id='word_1_204' title='bbox 943 1784 1021 1824; x_wconf 92' lang='lat' dir='ltr'>per</span> <span class='ocrx_word' id='word_1_205' title='bbox 1052 1785 1099 1811; x_wconf 88' lang='lat' dir='ltr'>se</span> <span class='ocrx_word' id='word_1_206' title='bbox 1131 1772 1235 1820; x_wconf 90' lang='lat' dir='ltr'>sint,</span> <span class='ocrx_word' id='word_1_207' title='bbox 1264 1771 1322 1819; x_wconf 88' lang='lat' dir='ltr'>ob</span> <span class='ocrx_word' id='word_1_208' title='bbox 1353 1784 1534 1812; x_wconf 90' lang='lat' dir='ltr'>causam</span> <span class='ocrx_word' id='word_1_209' title='bbox 1567 1777 1614 1812; x_wconf 91' lang='lat' dir='ltr'>ut</span> <span class='ocrx_word' id='word_1_210' title='bbox 1646 1771 1691 1811; x_wconf 88' lang='lat' dir='ltr'>in</span> <span class='ocrx_word' id='word_1_211' title='bbox 1722 1770 1809 1812; x_wconf 92' lang='lat' dir='ltr'>fide</span> <span class='ocrx_word' id='word_1_212' title='bbox 1842 1771 1901 1812; x_wconf 90' lang='lat' dir='ltr'>sit</span> 
     </span>
    </p>
   </div>
   <div class='ocr_carea' id='block_1_7' title="bbox 423 1832 2020 1889">
    <p class='ocr_par' dir='ltr' id='par_1_7' title="bbox 423 1832 2020 1889">
     <span class='ocr_line' id='line_1_24' title="bbox 423 1832 2020 1889; baseline 0.003 -18"><span class='ocrx_word' id='word_1_213' title='bbox 423 1832 630 1880; x_wconf 90' lang='lat' dir='ltr'>salvatio,</span> <span class='ocrx_word' id='word_1_214' title='bbox 664 1838 710 1872; x_wconf 92' lang='lat' dir='ltr'>et</span> <span class='ocrx_word' id='word_1_215' title='bbox 748 1832 856 1872; x_wconf 90' lang='lat' dir='ltr'>nihil</span> <span class='ocrx_word' id='word_1_216' title='bbox 893 1833 936 1873; x_wconf 92' lang='lat' dir='ltr'>in</span> <span class='ocrx_word' id='word_1_217' title='bbox 969 1833 1189 1886; x_wconf 88' lang='lat' dir='ltr'>operibus.</span> <span class='ocrx_word' id='word_1_218' title='bbox 1273 1832 1351 1887; x_wconf 90' lang='lat'>(8.)</span> <span class='ocrx_word' id='word_1_219' title='bbox 1397 1832 1591 1886; x_wconf 80' lang='lat' dir='ltr'>Quidam</span> <span class='ocrx_word' id='word_1_220' title='bbox 1623 1832 1901 1886; x_wconf 88' lang='lat' dir='ltr'>conjungunt</span> <span class='ocrx_word' id='word_1_221' title='bbox 1972 1886 1974 1889; x_wconf 27' lang='grc' dir='ltr'>Ι</span> <span class='ocrx_word' id='word_1_222' title='bbox 2016 1847 2020 1851; x_wconf 69' lang='grc'>’</span> 
     </span>
    </p>
   </div>
   <div class='ocr_carea' id='block_1_8' title="bbox 417 1893 1904 3007">
    <p class='ocr_par' dir='ltr' id='par_1_8' title="bbox 417 1893 1904 3007">
     <span class='ocr_line' id='line_1_25' title="bbox 422 1893 1901 1949; baseline 0.001 -15"><span class='ocrx_word' id='word_1_223' title='bbox 422 1893 554 1934; x_wconf 89' lang='lat' dir='ltr'>fidem</span> <span class='ocrx_word' id='word_1_224' title='bbox 574 1908 674 1935; x_wconf 93' lang='lat' dir='ltr'>cum</span> <span class='ocrx_word' id='word_1_225' title='bbox 693 1901 859 1935; x_wconf 90' lang='lat' dir='ltr'>conatu</span> <span class='ocrx_word' id='word_1_226' title='bbox 877 1895 1064 1936; x_wconf 90' lang='lat' dir='ltr'>faciendi</span> <span class='ocrx_word' id='word_1_227' title='bbox 1085 1895 1251 1936; x_wconf 92' lang='lat' dir='ltr'>bonum</span> <span class='ocrx_word' id='word_1_228' title='bbox 1270 1895 1387 1949; x_wconf 92' lang='lat' dir='ltr'>apud</span> <span class='ocrx_word' id='word_1_229' title='bbox 1411 1895 1512 1936; x_wconf 89' lang='lat' dir='ltr'>illos</span> <span class='ocrx_word' id='word_1_230' title='bbox 1530 1896 1603 1949; x_wconf 86' lang='lat' dir='ltr'>qui</span> <span class='ocrx_word' id='word_1_231' title='bbox 1620 1896 1676 1936; x_wconf 91' lang='lat' dir='ltr'>ad</span> <span class='ocrx_word' id='word_1_232' title='bbox 1694 1895 1901 1937; x_wconf 88' lang='lat' dir='ltr'>ultimum</span> 
     </span>
     <span class='ocr_line' id='line_1_26' title="bbox 417 1956 1902 2012; baseline 0.001 -15"><span class='ocrx_word' id='word_1_233' title='bbox 417 1956 749 2009; x_wconf 87' lang='lat' dir='ltr'>justificationis</span> <span class='ocrx_word' id='word_1_234' title='bbox 785 1957 974 2010; x_wconf 87' lang='lat' dir='ltr'>gradum</span> <span class='ocrx_word' id='word_1_235' title='bbox 1006 1965 1320 2011; x_wconf 88' lang='lat' dir='ltr'>pervenerunt,</span> <span class='ocrx_word' id='word_1_236' title='bbox 1363 1958 1442 1999; x_wconf 88' lang='lat' dir='ltr'>sed</span> <span class='ocrx_word' id='word_1_237' title='bbox 1483 1972 1583 1999; x_wconf 90' lang='lat' dir='ltr'>cum</span> <span class='ocrx_word' id='word_1_238' title='bbox 1624 1964 1791 2000; x_wconf 90' lang='lat' dir='ltr'>conatu</span> <span class='ocrx_word' id='word_1_239' title='bbox 1827 1959 1902 2012; x_wconf 87' lang='lat' dir='ltr'>qui</span> 
     </span>
     <span class='ocr_line' id='line_1_27' title="bbox 423 2019 1902 2069; baseline 0.001 -9"><span class='ocrx_word' id='word_1_240' title='bbox 423 2020 532 2060; x_wconf 86' lang='lat' dir='ltr'>nihil</span> <span class='ocrx_word' id='word_1_241' title='bbox 560 2020 698 2060; x_wconf 90' lang='lat' dir='ltr'>trahit</span> <span class='ocrx_word' id='word_1_242' title='bbox 722 2034 789 2060; x_wconf 86' lang='lat' dir='ltr'>ex</span> <span class='ocrx_word' id='word_1_243' title='bbox 821 2019 1077 2060; x_wconf 89' lang='lat' dir='ltr'>voluntario</span> <span class='ocrx_word' id='word_1_244' title='bbox 1113 2020 1319 2069; x_wconf 90' lang='lat' dir='ltr'>hominis,</span> <span class='ocrx_word' id='word_1_245' title='bbox 1354 2021 1433 2061; x_wconf 93' lang='lat' dir='ltr'>sed</span> <span class='ocrx_word' id='word_1_246' title='bbox 1465 2021 1610 2061; x_wconf 91' lang='lat' dir='ltr'>solum</span> <span class='ocrx_word' id='word_1_247' title='bbox 1641 2035 1700 2062; x_wconf 89' lang='lat' dir='ltr'>ex</span> <span class='ocrx_word' id='word_1_248' title='bbox 1731 2020 1902 2062; x_wconf 89' lang='lat' dir='ltr'>influxu</span> 
     </span>
     <span class='ocr_line' id='line_1_28' title="bbox 422 2083 1901 2135; baseline 0.001 -13"><span class='ocrx_word' id='word_1_249' title='bbox 422 2097 499 2123; x_wconf 92' lang='lat' dir='ltr'>seu</span> <span class='ocrx_word' id='word_1_250' title='bbox 530 2083 836 2135; x_wconf 88' lang='lat' dir='ltr'>inspiratione,</span> <span class='ocrx_word' id='word_1_251' title='bbox 864 2083 965 2135; x_wconf 87' lang='lat' dir='ltr'>quia</span> <span class='ocrx_word' id='word_1_252' title='bbox 987 2083 1154 2123; x_wconf 91' lang='lat' dir='ltr'>bonum</span> <span class='ocrx_word' id='word_1_253' title='bbox 1186 2097 1245 2123; x_wconf 86' lang='lat' dir='ltr'>ex</span> <span class='ocrx_word' id='word_1_254' title='bbox 1271 2083 1527 2124; x_wconf 88' lang='lat' dir='ltr'>voluntario</span> <span class='ocrx_word' id='word_1_255' title='bbox 1559 2083 1752 2124; x_wconf 89' lang='lat' dir='ltr'>hominis</span> <span class='ocrx_word' id='word_1_256' title='bbox 1782 2083 1826 2124; x_wconf 88' lang='lat' dir='ltr'>in</span> <span class='ocrx_word' id='word_1_257' title='bbox 1852 2097 1901 2125; x_wconf 89' lang='lat' dir='ltr'>se</span> 
     </span>
     <span class='ocr_line' id='line_1_29' title="bbox 423 2144 1903 2198; baseline 0.001 -12"><span class='ocrx_word' id='word_1_258' title='bbox 423 2159 513 2186; x_wconf 91' lang='lat' dir='ltr'>non</span> <span class='ocrx_word' id='word_1_259' title='bbox 531 2146 698 2185; x_wconf 88' lang='lat' dir='ltr'>bonum</span> <span class='ocrx_word' id='word_1_260' title='bbox 716 2151 799 2185; x_wconf 89' lang='lat' dir='ltr'>est.</span> <span class='ocrx_word' id='word_1_261' title='bbox 852 2144 929 2198; x_wconf 90' lang='lat'>(9.)</span> <span class='ocrx_word' id='word_1_262' title='bbox 960 2144 1154 2198; x_wconf 82' lang='lat' dir='ltr'>Quidam</span> <span class='ocrx_word' id='word_1_263' title='bbox 1173 2146 1452 2198; x_wconf 86' lang='lat' dir='ltr'>conjungunt</span> <span class='ocrx_word' id='word_1_264' title='bbox 1470 2146 1604 2187; x_wconf 91' lang='lat' dir='ltr'>fidem</span> <span class='ocrx_word' id='word_1_265' title='bbox 1622 2159 1722 2187; x_wconf 93' lang='lat' dir='ltr'>cum</span> <span class='ocrx_word' id='word_1_266' title='bbox 1740 2147 1903 2187; x_wconf 87' lang='lat' dir='ltr'>merito</span> 
     </span>
     <span class='ocr_line' id='line_1_30' title="bbox 426 2207 1900 2260; baseline 0.001 -12"><span class='ocrx_word' id='word_1_267' title='bbox 426 2208 621 2255; x_wconf 91' lang='lat' dir='ltr'>Domini,</span> <span class='ocrx_word' id='word_1_268' title='bbox 655 2207 859 2247; x_wconf 88' lang='lat' dir='ltr'>dicentes</span> <span class='ocrx_word' id='word_1_269' title='bbox 891 2207 1010 2260; x_wconf 91' lang='lat' dir='ltr'>quod</span> <span class='ocrx_word' id='word_1_270' title='bbox 1043 2207 1085 2247; x_wconf 92' lang='lat' dir='ltr'>id</span> <span class='ocrx_word' id='word_1_271' title='bbox 1118 2214 1328 2260; x_wconf 88' lang='lat' dir='ltr'>operetur</span> <span class='ocrx_word' id='word_1_272' title='bbox 1359 2210 1508 2249; x_wconf 87' lang='lat' dir='ltr'>omnia</span> <span class='ocrx_word' id='word_1_273' title='bbox 1539 2209 1660 2250; x_wconf 91' lang='lat' dir='ltr'>vitae</span> <span class='ocrx_word' id='word_1_274' title='bbox 1692 2208 1900 2258; x_wconf 87' lang='lat' dir='ltr'>hominis,</span> 
     </span>
     <span class='ocr_line' id='line_1_31' title="bbox 424 2267 1901 2323; baseline 0 -12"><span class='ocrx_word' id='word_1_275' title='bbox 424 2285 478 2311; x_wconf 94' lang='lat' dir='ltr'>eo</span> <span class='ocrx_word' id='word_1_276' title='bbox 505 2270 747 2310; x_wconf 89' lang='lat' dir='ltr'>nesciente.</span> <span class='ocrx_word' id='word_1_277' title='bbox 812 2267 917 2322; x_wconf 86' lang='lat'>(10.)</span> <span class='ocrx_word' id='word_1_278' title='bbox 962 2268 1156 2322; x_wconf 91' lang='lat' dir='ltr'>Quidam</span> <span class='ocrx_word' id='word_1_279' title='bbox 1184 2270 1462 2323; x_wconf 87' lang='lat' dir='ltr'>conjungunt</span> <span class='ocrx_word' id='word_1_280' title='bbox 1489 2270 1622 2311; x_wconf 91' lang='lat' dir='ltr'>fidem</span> <span class='ocrx_word' id='word_1_281' title='bbox 1649 2283 1750 2311; x_wconf 91' lang='lat' dir='ltr'>cum</span> <span class='ocrx_word' id='word_1_282' title='bbox 1780 2271 1901 2312; x_wconf 90' lang='lat' dir='ltr'>bono</span> 
     </span>
     <span class='ocr_line' id='line_1_32' title="bbox 423 2331 1904 2386; baseline 0.002 -15"><span class='ocrx_word' id='word_1_283' title='bbox 423 2332 580 2372; x_wconf 86' lang='lat' dir='ltr'>morali</span> <span class='ocrx_word' id='word_1_284' title='bbox 603 2338 649 2372; x_wconf 91' lang='lat' dir='ltr'>et</span> <span class='ocrx_word' id='word_1_285' title='bbox 672 2344 771 2371; x_wconf 92' lang='lat' dir='ltr'>cum</span> <span class='ocrx_word' id='word_1_286' title='bbox 794 2331 913 2371; x_wconf 91' lang='lat' dir='ltr'>bono</span> <span class='ocrx_word' id='word_1_287' title='bbox 936 2331 1067 2379; x_wconf 90' lang='lat' dir='ltr'>civili,</span> <span class='ocrx_word' id='word_1_288' title='bbox 1092 2346 1204 2385; x_wconf 90' lang='lat' dir='ltr'>quae</span> <span class='ocrx_word' id='word_1_289' title='bbox 1227 2332 1345 2372; x_wconf 89' lang='lat' dir='ltr'>bona</span> <span class='ocrx_word' id='word_1_290' title='bbox 1367 2333 1570 2373; x_wconf 89' lang='lat' dir='ltr'>facienda</span> <span class='ocrx_word' id='word_1_291' title='bbox 1592 2339 1695 2374; x_wconf 91' lang='lat' dir='ltr'>sunt</span> <span class='ocrx_word' id='word_1_292' title='bbox 1719 2339 1904 2386; x_wconf 88' lang='lat' dir='ltr'>propter</span> 
     </span>
     <span class='ocr_line' id='line_1_33' title="bbox 423 2394 1902 2449; baseline 0.001 -14"><span class='ocrx_word' id='word_1_293' title='bbox 423 2396 563 2435; x_wconf 87' lang='lat' dir='ltr'>vitam</span> <span class='ocrx_word' id='word_1_294' title='bbox 590 2395 633 2434; x_wconf 87' lang='lat' dir='ltr'>in</span> <span class='ocrx_word' id='word_1_295' title='bbox 656 2394 837 2442; x_wconf 84' lang='lat' dir='ltr'>mundo,</span> <span class='ocrx_word' id='word_1_296' title='bbox 861 2400 907 2434; x_wconf 91' lang='lat' dir='ltr'>et</span> <span class='ocrx_word' id='word_1_297' title='bbox 934 2407 1024 2433; x_wconf 91' lang='lat' dir='ltr'>non</span> <span class='ocrx_word' id='word_1_298' title='bbox 1049 2400 1232 2447; x_wconf 92' lang='lat' dir='ltr'>propter</span> <span class='ocrx_word' id='word_1_299' title='bbox 1253 2395 1393 2435; x_wconf 88' lang='lat' dir='ltr'>vitam</span> <span class='ocrx_word' id='word_1_300' title='bbox 1420 2402 1678 2436; x_wconf 87' lang='lat' dir='ltr'>aeternam:</span> <span class='ocrx_word' id='word_1_301' title='bbox 1710 2402 1756 2436; x_wconf 93' lang='lat' dir='ltr'>et</span> <span class='ocrx_word' id='word_1_302' title='bbox 1783 2395 1902 2449; x_wconf 93' lang='lat' dir='ltr'>quod</span> 
     </span>
     <span class='ocr_line' id='line_1_34' title="bbox 424 2455 1903 2512; baseline 0.001 -15"><span class='ocrx_word' id='word_1_303' title='bbox 424 2457 535 2497; x_wconf 87' lang='lat' dir='ltr'>haec</span> <span class='ocrx_word' id='word_1_304' title='bbox 581 2456 700 2496; x_wconf 90' lang='lat' dir='ltr'>bona</span> <span class='ocrx_word' id='word_1_305' title='bbox 743 2455 1056 2508; x_wconf 86' lang='lat' dir='ltr'>intelligantur</span> <span class='ocrx_word' id='word_1_306' title='bbox 1096 2470 1173 2509; x_wconf 92' lang='lat' dir='ltr'>per</span> <span class='ocrx_word' id='word_1_307' title='bbox 1206 2455 1393 2497; x_wconf 61' lang='lat' dir='ltr'>“faeta’&#39;</span> <span class='ocrx_word' id='word_1_308' title='bbox 1424 2463 1470 2498; x_wconf 90' lang='lat' dir='ltr'>et</span> <span class='ocrx_word' id='word_1_309' title='bbox 1505 2457 1710 2510; x_wconf 85' lang='lat' dir='ltr'>“opera’&#39;</span> <span class='ocrx_word' id='word_1_310' title='bbox 1741 2471 1792 2498; x_wconf 87' lang='lat' dir='ltr'>ac</span> <span class='ocrx_word' id='word_1_311' title='bbox 1825 2471 1903 2512; x_wconf 90' lang='lat' dir='ltr'>per</span> 
     </span>
     <span class='ocr_line' id='line_1_35' title="bbox 428 2517 1903 2573; baseline 0.001 -14"><span class='ocrx_word' id='word_1_312' title='bbox 428 2518 642 2559; x_wconf 88' lang='lat' dir='ltr'>“facere’&#39;</span> <span class='ocrx_word' id='word_1_313' title='bbox 668 2525 714 2559; x_wconf 92' lang='lat' dir='ltr'>et</span> <span class='ocrx_word' id='word_1_314' title='bbox 743 2522 768 2538; x_wconf 78' lang='lat'>‘⁴</span> <span class='ocrx_word' id='word_1_315' title='bbox 785 2517 987 2571; x_wconf 89' lang='lat' dir='ltr'>operari’&#39;</span> <span class='ocrx_word' id='word_1_316' title='bbox 1013 2519 1056 2558; x_wconf 90' lang='lat' dir='ltr'>in</span> <span class='ocrx_word' id='word_1_317' title='bbox 1083 2518 1251 2566; x_wconf 90' lang='lat' dir='ltr'>Verbo,</span> <span class='ocrx_word' id='word_1_318' title='bbox 1280 2525 1325 2559; x_wconf 91' lang='lat' dir='ltr'>et</span> <span class='ocrx_word' id='word_1_319' title='bbox 1358 2519 1475 2572; x_wconf 91' lang='lat' dir='ltr'>quod</span> <span class='ocrx_word' id='word_1_320' title='bbox 1502 2526 1686 2573; x_wconf 91' lang='lat' dir='ltr'>propter</span> <span class='ocrx_word' id='word_1_321' title='bbox 1711 2533 1813 2560; x_wconf 90' lang='lat' dir='ltr'>usus</span> <span class='ocrx_word' id='word_1_322' title='bbox 1843 2520 1903 2561; x_wconf 90' lang='lat' dir='ltr'>ibi</span> 
     </span>
     <span class='ocr_line' id='line_1_36' title="bbox 424 2581 1904 2636; baseline 0.001 -15"><span class='ocrx_word' id='word_1_323' title='bbox 424 2582 543 2622; x_wconf 88' lang='lat' dir='ltr'>bona</span> <span class='ocrx_word' id='word_1_324' title='bbox 565 2595 700 2634; x_wconf 89' lang='lat' dir='ltr'>opera</span> <span class='ocrx_word' id='word_1_325' title='bbox 726 2581 931 2621; x_wconf 88' lang='lat' dir='ltr'>docenda</span> <span class='ocrx_word' id='word_1_326' title='bbox 953 2587 999 2621; x_wconf 91' lang='lat' dir='ltr'>et</span> <span class='ocrx_word' id='word_1_327' title='bbox 1022 2581 1322 2633; x_wconf 88' lang='lat' dir='ltr'>praedicanda</span> <span class='ocrx_word' id='word_1_328' title='bbox 1348 2583 1437 2622; x_wconf 91' lang='lat' dir='ltr'>sint</span> <span class='ocrx_word' id='word_1_329' title='bbox 1465 2595 1615 2622; x_wconf 88' lang='lat' dir='ltr'>coram</span> <span class='ocrx_word' id='word_1_330' title='bbox 1639 2582 1777 2631; x_wconf 85' lang='lat' dir='ltr'>laicis,</span> <span class='ocrx_word' id='word_1_331' title='bbox 1801 2583 1904 2636; x_wconf 90' lang='lat' dir='ltr'>quia</span> 
     </span>
     <span class='ocr_line' id='line_1_37' title="bbox 425 2641 1903 2698; baseline 0.001 -15"><span class='ocrx_word' id='word_1_332' title='bbox 425 2644 469 2683; x_wconf 91' lang='lat' dir='ltr'>hi</span> <span class='ocrx_word' id='word_1_333' title='bbox 496 2656 658 2684; x_wconf 86' lang='lat' dir='ltr'>arcana</span> <span class='ocrx_word' id='word_1_334' title='bbox 681 2641 1005 2695; x_wconf 63' lang='lat' dir='ltr'>conjunctionis</span> <span class='ocrx_word' id='word_1_335' title='bbox 1028 2642 1128 2683; x_wconf 90' lang='lat' dir='ltr'>fidei</span> <span class='ocrx_word' id='word_1_336' title='bbox 1154 2649 1200 2683; x_wconf 93' lang='lat' dir='ltr'>et</span> <span class='ocrx_word' id='word_1_337' title='bbox 1226 2657 1410 2696; x_wconf 92' lang='lat' dir='ltr'>operum</span> <span class='ocrx_word' id='word_1_338' title='bbox 1433 2657 1522 2684; x_wconf 90' lang='lat' dir='ltr'>non</span> <span class='ocrx_word' id='word_1_339' title='bbox 1549 2645 1710 2693; x_wconf 88' lang='lat' dir='ltr'>sciunt,</span> <span class='ocrx_word' id='word_1_340' title='bbox 1737 2650 1784 2685; x_wconf 90' lang='lat' dir='ltr'>et</span> <span class='ocrx_word' id='word_1_341' title='bbox 1806 2645 1903 2698; x_wconf 90' lang='lat' dir='ltr'>qui-</span> 
     </span>
     <span class='ocr_line' id='line_1_38' title="bbox 425 2704 1902 2760; baseline 0.001 -14"><span class='ocrx_word' id='word_1_342' title='bbox 425 2707 529 2746; x_wconf 90' lang='lat' dir='ltr'>dam</span> <span class='ocrx_word' id='word_1_343' title='bbox 567 2719 655 2745; x_wconf 91' lang='lat' dir='ltr'>non</span> <span class='ocrx_word' id='word_1_344' title='bbox 692 2706 888 2758; x_wconf 88' lang='lat' dir='ltr'>capiunt.</span> <span class='ocrx_word' id='word_1_345' title='bbox 953 2704 1059 2759; x_wconf 90' lang='lat'>(11.)</span> <span class='ocrx_word' id='word_1_346' title='bbox 1104 2705 1236 2746; x_wconf 85' lang='lat' dir='ltr'>Multi</span> <span class='ocrx_word' id='word_1_347' title='bbox 1273 2720 1331 2746; x_wconf 87' lang='lat' dir='ltr'>ex</span> <span class='ocrx_word' id='word_1_348' title='bbox 1363 2706 1547 2747; x_wconf 88' lang='lat' dir='ltr'>eruditis</span> <span class='ocrx_word' id='word_1_349' title='bbox 1583 2713 1745 2759; x_wconf 89' lang='lat' dir='ltr'>putant</span> <span class='ocrx_word' id='word_1_350' title='bbox 1782 2707 1902 2760; x_wconf 91' lang='lat' dir='ltr'>quod</span> 
     </span>
     <span class='ocr_line' id='line_1_39' title="bbox 424 2766 1903 2822; baseline 0.001 -14"><span class='ocrx_word' id='word_1_351' title='bbox 424 2766 679 2820; x_wconf 65' lang='lat' dir='ltr'>conjunctio</span> <span class='ocrx_word' id='word_1_352' title='bbox 701 2768 898 2807; x_wconf 90' lang='lat' dir='ltr'>omnium</span> <span class='ocrx_word' id='word_1_353' title='bbox 921 2767 978 2808; x_wconf 92' lang='lat' dir='ltr'>sit</span> <span class='ocrx_word' id='word_1_354' title='bbox 1001 2768 1044 2807; x_wconf 92' lang='lat' dir='ltr'>in</span> <span class='ocrx_word' id='word_1_355' title='bbox 1067 2767 1164 2808; x_wconf 90' lang='lat' dir='ltr'>sola</span> <span class='ocrx_word' id='word_1_356' title='bbox 1185 2767 1297 2818; x_wconf 90' lang='lat' dir='ltr'>fide;</span> <span class='ocrx_word' id='word_1_357' title='bbox 1331 2781 1506 2821; x_wconf 90' lang='lat' dir='ltr'>nempe,</span> <span class='ocrx_word' id='word_1_358' title='bbox 1531 2769 1650 2822; x_wconf 90' lang='lat' dir='ltr'>quod</span> <span class='ocrx_word' id='word_1_359' title='bbox 1676 2769 1720 2809; x_wconf 92' lang='lat' dir='ltr'>in</span> <span class='ocrx_word' id='word_1_360' title='bbox 1745 2768 1822 2809; x_wconf 90' lang='lat' dir='ltr'>illa</span> <span class='ocrx_word' id='word_1_361' title='bbox 1843 2769 1903 2809; x_wconf 89' lang='lat' dir='ltr'>sit</span> 
     </span>
     <span class='ocr_line' id='line_1_40' title="bbox 425 2829 1901 2882; baseline 0.001 -12"><span class='ocrx_word' id='word_1_362' title='bbox 425 2843 550 2870; x_wconf 90' lang='lat' dir='ltr'>amor</span> <span class='ocrx_word' id='word_1_363' title='bbox 575 2830 619 2870; x_wconf 90' lang='lat' dir='ltr'>in</span> <span class='ocrx_word' id='word_1_364' title='bbox 647 2829 806 2877; x_wconf 90' lang='lat' dir='ltr'>Deum,</span> <span class='ocrx_word' id='word_1_365' title='bbox 835 2829 1032 2870; x_wconf 88' lang='lat' dir='ltr'>charitas</span> <span class='ocrx_word' id='word_1_366' title='bbox 1058 2843 1165 2882; x_wconf 88' lang='lat' dir='ltr'>erga</span> <span class='ocrx_word' id='word_1_367' title='bbox 1191 2830 1461 2882; x_wconf 84' lang='lat' dir='ltr'>proximum,</span> <span class='ocrx_word' id='word_1_368' title='bbox 1490 2832 1546 2871; x_wconf 91' lang='lat' dir='ltr'>sit</span> <span class='ocrx_word' id='word_1_369' title='bbox 1573 2831 1739 2871; x_wconf 91' lang='lat' dir='ltr'>bonum</span> <span class='ocrx_word' id='word_1_370' title='bbox 1765 2831 1901 2879; x_wconf 87' lang='lat' dir='ltr'>vitae,</span> 
     </span>
     <span class='ocr_line' id='line_1_41' title="bbox 426 2891 1904 2946; baseline 0.001 -15"><span class='ocrx_word' id='word_1_371' title='bbox 426 2893 515 2932; x_wconf 91' lang='lat' dir='ltr'>sint</span> <span class='ocrx_word' id='word_1_372' title='bbox 552 2905 700 2944; x_wconf 89' lang='lat' dir='ltr'>opera,</span> <span class='ocrx_word' id='word_1_373' title='bbox 734 2892 791 2931; x_wconf 91' lang='lat' dir='ltr'>sit</span> <span class='ocrx_word' id='word_1_374' title='bbox 828 2892 1036 2940; x_wconf 87' lang='lat' dir='ltr'>meritum</span> <span class='ocrx_word' id='word_1_375' title='bbox 1069 2891 1263 2940; x_wconf 90' lang='lat' dir='ltr'>Domini,</span> <span class='ocrx_word' id='word_1_376' title='bbox 1297 2893 1353 2932; x_wconf 91' lang='lat' dir='ltr'>sit</span> <span class='ocrx_word' id='word_1_377' title='bbox 1387 2892 1533 2943; x_wconf 87' lang='lat' dir='ltr'>Deus;</span> <span class='ocrx_word' id='word_1_378' title='bbox 1576 2898 1755 2945; x_wconf 89' lang='lat' dir='ltr'>praeter</span> <span class='ocrx_word' id='word_1_379' title='bbox 1785 2893 1904 2946; x_wconf 90' lang='lat' dir='ltr'>quod</span> 
     </span>
     <span class='ocr_line' id='line_1_42' title="bbox 426 2953 1902 3007; baseline 0.001 -13"><span class='ocrx_word' id='word_1_380' title='bbox 426 2954 562 2994; x_wconf 89' lang='lat' dir='ltr'>homo</span> <span class='ocrx_word' id='word_1_381' title='bbox 602 2955 696 3007; x_wconf 89' lang='lat' dir='ltr'>ipse</span> <span class='ocrx_word' id='word_1_382' title='bbox 732 2953 895 3007; x_wconf 88' lang='lat' dir='ltr'>aliquid</span> <span class='ocrx_word' id='word_1_383' title='bbox 929 2954 984 2995; x_wconf 92' lang='lat' dir='ltr'>de</span> <span class='ocrx_word' id='word_1_384' title='bbox 1015 2953 1102 2994; x_wconf 88' lang='lat' dir='ltr'>illis</span> <span class='ocrx_word' id='word_1_385' title='bbox 1134 2967 1192 2994; x_wconf 86' lang='lat' dir='ltr'>ex</span> <span class='ocrx_word' id='word_1_386' title='bbox 1230 2967 1276 2995; x_wconf 90' lang='lat' dir='ltr'>se</span> <span class='ocrx_word' id='word_1_387' title='bbox 1313 2955 1501 3007; x_wconf 83' lang='lat' dir='ltr'>cogitet,</span> <span class='ocrx_word' id='word_1_388' title='bbox 1535 2954 1644 2996; x_wconf 89' lang='lat' dir='ltr'>velit</span> <span class='ocrx_word' id='word_1_389' title='bbox 1677 2961 1722 2996; x_wconf 92' lang='lat' dir='ltr'>et</span> <span class='ocrx_word' id='word_1_390' title='bbox 1754 2954 1902 3004; x_wconf 84' lang='lat' dir='ltr'>faciat.</span> 
     </span>
    </p>
   </div>
   <div class='ocr_carea' id='block_1_9' title="bbox 1792 0 2054 1355">
    <p class='ocr_par' dir='ltr' id='par_1_9' title="bbox 1792 0 2054 1355">
     <span class='ocr_line' id='line_1_43' title="bbox 1792 0 2054 1355; baseline 0 -928"><span class='ocrx_word' id='word_1_391' title='bbox 1792 0 2054 1355; x_wconf 95' lang='lat' dir='ltr'>    </span> 
     </span>
    </p>
   </div>
   <div class='ocr_carea' id='block_1_10' title="bbox 2030 1516 2054 2140">
    <p class='ocr_par' dir='ltr' id='par_1_10' title="bbox 2030 1516 2054 2140">
     <span class='ocr_line' id='line_1_44' title="bbox 2030 1516 2054 2140; textangle 90"><span class='ocrx_word' id='word_1_392' title='bbox 2048 2100 2054 2140; x_wconf 82' lang='lat'>.-.</span> <span class='ocrx_word' id='word_1_393' title='bbox 2030 1624 2054 2084; x_wconf 40' lang='lat' dir='ltr'>..⁴A..1=....-.:.*v.&#39;.ffla;,-..;.¹.4fflsffl&#39;</span> <span class='ocrx_word' id='word_1_394' title='bbox 2030 1567 2033 1571; x_wconf 84' lang='grc'><strong>’</strong></span> <span class='ocrx_word' id='word_1_395' title='bbox 2037 1516 2039 1519; x_wconf 85' lang='grc'><strong>’</strong></span> 
     </span>
    </p>
   </div>
  </div>
 </body>
</html>
