2098 3476
381 352 488 394 1940
787 348 1118 381 APOCALYPSIS
1151 349 1451 381 EXPLICATA.

374 477 452 516 per
481 462 691 503 “femur’'
719 463 836 503 enim
870 462 1146 515 significatur
1177 460 1435 514 conjunctio
1466 461 1571 503 boni
1602 468 1648 504 et
1678 462 1784 512 veri,
1814 469 1860 504 et

374 539 452 578 per
491 526 810 566 “luxationem
825 525 843 540 '⁹
880 525 988 577 ejus,
1028 525 1146 578 quod
1185 525 1307 564 nulla
1343 523 1596 577 conjunctio
1631 526 1723 566 veri
1758 538 1860 567 cum

373 588 493 628 bono
530 595 649 628 esset
680 588 849 640 Jacobo
894 594 938 627 et
972 588 1163 639 posteris
1199 586 1317 639 ejus;
1360 587 1444 628 hoc
1482 587 1748 641 intelligitur
1783 600 1861 641 per

373 649 493 701 quod
519 648 698 700 “Jacob
724 654 940 701 potenter
966 648 1237 700 pugnaverit
1260 661 1360 688 cum
1384 647 1523 688 De0.'’
1567 659 1644 696 (Sed
1660 660 1700 688 de
1714 659 1762 688 his
1775 659 1862 689 vide-

372 714 465 737 antur
478 709 609 738 Arcana
628 710 790 742 Caelestia,
807 718 836 737 n.
860 711 951 745 4281,
968 709 1022 737 ubi
1045 708 1200 745 explicata
1220 714 1302 737 sunt.
1346 708 1443 745 Quod
1463 718 1542 746 gens
1564 709 1734 739 Israelitica
1753 713 1784 739 et
1804 709 1862 749 Ju-

373 754 463 782 daica
484 763 547 782 non
571 754 672 782 electa
694 754 793 786 suerit,
816 754 871 782 sed
894 758 1020 790 recepta
1045 758 1079 782 ut
1101 753 1263 782 ecclesiam
1287 758 1542 790 repraesentaret.
1565 754 1607 783 ob
1629 754 1860 783 contumaciam

373 807 437 835 qua
463 804 566 836 patres
582 808 690 827 eorum
713 804 743 827 et
766 799 875 827 Moses
897 798 1082 832 institerunt,
1097 798 1140 826 ibi
1162 807 1192 828 n.
1208 807 1297 836 4290,
1313 807 1402 836 4293,
1418 806 1506 836 7051,
1522 808 1610 837 7439,
1629 808 1735 837 10430,
1753 806 1860 837 10535,

377 848 498 886 10632.)
556 838 695 890 Apud
720 837 888 885 Mosen,

450 924 678 956 Collidebant
698 924 757 955 filii
778 924 869 955 inter
889 934 926 955 se
948 924 981 955 in
1003 930 1127 955 ventre
1149 924 1349 956 Rebeccae:
1374 930 1410 956 et
1430 925 1547 956 “dixit
1565 924 1737 966 Jehovah,
1758 924 1859 957 Duae

550 974 676 1007 gentes
698 968 731 998 in
753 974 854 998 utero
875 973 945 1005 tuo,
966 974 1000 998 et
1020 968 1090 999 duo
1111 968 1230 1008 populi
1250 978 1269 999 e
1289 968 1481 999 visceribus
1502 969 1570 999 tuis
1591 969 1858 1008 separabuntur,

546 1018 580 1042 et
597 1011 747 1051 populus
766 1021 850 1050 prae
867 1011 999 1051 populo
1019 1011 1161 1047 valebit,
1179 1017 1214 1042 et
1233 1010 1348 1051 major
1365 1009 1529 1043 [¹]serviet
1549 1011 1687 1044 minori.
1735 1011 1780 1043 Et
1795 1012 1859 1044 im-

547 1055 630 1094 pleti
651 1061 733 1085 sunt
753 1055 827 1085 dies
847 1055 891 1085 ad
910 1055 1131 1094 pariendum,
1149 1061 1184 1085 et
1203 1064 1283 1085 ecce
1299 1055 1432 1094 gemini
1453 1055 1487 1086 in
1507 1061 1608 1086 utero
1628 1055 1715 1095 ejus,
1733 1062 1767 1087 et
1787 1055 1859 1086 exi-

545 1098 595 1128 vit
612 1098 745 1137 primus
763 1098 860 1128 rufus
880 1104 985 1134 totus,
1003 1099 1093 1129 sicut
1110 1097 1230 1128 tunica
1246 1098 1369 1138 pilosa,
1387 1104 1421 1129 et
1438 1099 1614 1129 vocabant
1631 1107 1762 1129 nomen
1779 1098 1858 1139 ers

546 1141 659 1172 Esau:
686 1147 720 1172 et
741 1147 820 1181 post
840 1142 888 1172 ita
907 1141 1020 1172 exivit
1040 1141 1149 1172 frater
1168 1141 1256 1181 ejus,
1277 1147 1312 1172 et
1332 1151 1458 1172 manus
1477 1142 1555 1181 ejus
1574 1142 1801 1182 prehendens
1821 1142 1856 1173 in

545 1185 748 1215 calcaneum
765 1184 881 1222 Esavi,
896 1190 930 1215 et
949 1185 1103 1215 vocabat
1120 1194 1253 1215 nomen
1268 1184 1345 1224 ejus
1358 1184 1497 1226 Jacob”
1514 1185 1609 1225 (Gen.
1622 1195 1702 1217 xxv.
1717 1185 1855 1224 20—26):

372 1272 482 1313 haec
515 1272 724 1312 historica
756 1272 993 1312 involvunt
1026 1271 1102 1312 illa
1139 1286 1251 1325 quae
1289 1285 1405 1312 nunc
1437 1285 1569 1325 supra
1599 1272 1655 1313 de
1683 1271 1855 1325 Jacobo

372 1341 419 1375 et
455 1334 545 1387 ejus
578 1335 768 1387 posteris
800 1333 919 1375 dicta
956 1341 1084 1384 sunt;
1128 1334 1247 1387 quod
1280 1347 1441 1386 nempe
1473 1347 1593 1374 mere
1625 1333 1855 1375 naturales

373 1404 537 1445 essent,
566 1405 611 1437 et
644 1397 746 1437 inde
779 1411 868 1437 non
901 1398 945 1437 in
977 1397 1125 1450 aliquo
1157 1397 1277 1437 bono
1309 1396 1500 1437 naturali
1532 1411 1590 1437 ex
1623 1396 1853 1452 spirituali,

372 1460 491 1513 quod
514 1459 789 1512 significatur
812 1473 889 1512 per
914 1463 938 1479 “
953 1459 1151 1500 Esavum
1173 1459 1205 1509 ;''
1237 1459 1356 1513 quod
1377 1459 1533 1512 Jacobi
1559 1457 1727 1511 posteri
1752 1458 1855 1500 abs·

372 1536 457 1575 que
494 1521 570 1562 illo
608 1528 773 1570 essent,
809 1521 1083 1574 significatur
1120 1535 1198 1575 per
1234 1522 1353 1575 quod
1388 1521 1567 1574 “Jacob
1603 1521 1761 1562 exiens
1796 1535 1856 1562 ex

372 1591 499 1624 utero
531 1585 684 1624 matris
718 1584 1007 1636 prehenderit
1040 1583 1302 1625 calcaneum
1334 1583 1521 1634 Esavi;”
1559 1597 1637 1636 per
1670 1583 1856 1624 “calca-

373 1644 539 1685 neum‘’
570 1644 854 1697 significatur
886 1645 1096 1685 ultimum
1128 1644 1351 1685 naturale.
1410 1655 1587 1694 (Sedhaec
1606 1663 1737 1692 quoque
1757 1655 1856 1693 expli-

371 1720 442 1744 cata
455 1715 574 1744 suntin
589 1715 726 1744 Arcanis
746 1715 952 1753 Caelestibus.)
1012 1704 1152 1757 APUd
1178 1704 1389 1753 eundem,

438 1791 498 1822 “A
517 1792 594 1823 Deo
612 1792 721 1832 patris
740 1792 788 1823 tui
806 1798 841 1823 et
857 1792 993 1832 juvabit
1009 1798 1053 1830 te,
1071 1798 1106 1823 et
1123 1801 1200 1823 cum
1219 1791 1392 1823 Schaddai
1409 1797 1444 1823 et
1459 1792 1646 1823 benedicet
1661 1791 1734 1830 tibi,
1751 1792 1857 1824 bene-

545 1834 760 1866 dictionibus
785 1835 872 1866 caeli
897 1836 1060 1875 desuper,
1084 1834 1390 1866 benedictionibus
1419 1835 1541 1875 abyssi
1565 1835 1726 1866 cubantis
1752 1834 1855 1872 infra,

545 1877 852 1909 benedictionibus
869 1879 1017 1909 uberum
1036 1885 1071 1910 et
1086 1879 1176 1910 uteri
1189 1878 1206 1890 ’¹
1224 1878 1319 1918 (Gen.
1336 1878 1418 1910 xlix.
1437 1879 1511 1918 25):

376 1967 487 2007 haec
519 1965 772 2007 benedictio
802 1966 984 2019 Josephi
1017 1981 1042 2007 a
1073 1973 1200 2019 patre
1233 1966 1411 2015 Israele,
1440 1966 1495 2006 de
1527 1980 1613 2019 qua
1644 1966 1780 2007 etiam
1811 1966 1855 2007 in
1899 1971 1903 1975 ⁴

371 2027 571 2067 Arcanis
596 2026 871 2068 Caelestibus
897 2038 1185 2078 (n.6428-6434);
1217 2034 1263 2068 et
1294 2027 1353 2067 ibi
1383 2027 1503 2080 quod
1533 2025 1852 2067 “benedictio-

373 2101 452 2128 nes
479 2088 693 2128 uberum''
715 2088 967 2140 significent
991 2087 1248 2129 affectiones
1270 2087 1376 2128 boni
1402 2094 1447 2129 et
1475 2089 1581 2136 veri,
1605 2094 1651 2128 et
1677 2087 1855 2128 “bene-

373 2148 592 2190 dictiones
617 2150 759 2191 uteri'’
786 2150 1148 2203 conjuncftionem
1179 2151 1284 2191 boni
1316 2157 1362 2191 et
1393 2151 1500 2199 veri,
1527 2151 1590 2191 ita
1615 2164 1853 2228 regenera-

373 2213 554 2253 tionem.
615 2212 751 2265 Apud
779 2214 984 2262 eundem,

440 2301 535 2333 “Ut'
540 2301 755 2342 '‘Jehovah
760 2303 871 2333 ‘amet
896 2309 940 2340 te,
961 2308 996 2333 et
1020 2303 1207 2334 benedicat
1231 2303 1304 2340 tibi,
1325 2309 1360 2334 et
1379 2302 1588 2342 multiplicet
1607 2308 1652 2340 te,
1672 2302 1857 2334 benedicat

547 2343 674 2375 frudtui
695 2346 829 2376 ventris
850 2346 910 2383 tui,
931 2352 966 2377 et
991 2344 1119 2377 fructui
1144 2352 1259 2377 terrae
1284 2353 1375 2383 tuae,
1395 2346 1574 2377 frumento
1594 2351 1655 2376 tuo
1678 2352 1714 2377 et
1738 2352 1856 2377 musto

546 2394 618 2425 tuo,
633 2388 712 2420 oleo
730 2395 800 2423 tuo,
814 2389 900 2419 fetui
915 2390 1021 2420 boum
1036 2396 1188 2427 tuorum,
1203 2396 1237 2420 et
1254 2389 1403 2420 arietum
1417 2389 1536 2429 gregis
1553 2389 1603 2420 tui
1616 2387 1634 2400 '’
1650 2387 1784 2429 (Deutr.
1795 2389 1856 2425 ¹vii.

549 2432 619 2470 13);

374 2513 420 2548 et
447 2507 564 2555 alibi,

439 2583 457 2595 “
471 2579 684 2612 Benedictus
705 2579 838 2611 fruetus
859 2581 993 2612 ventris
1018 2581 1078 2619 tui,
1100 2587 1134 2612 et
1159 2579 1293 2612 fructus
1318 2587 1432 2612 terrae
1454 2587 1560 2620 tuae„
1575 2606 1604 2613 ..
1619 2580 1727 2612 Actus
1746 2581 1854 2612 boum

546 2631 697 2661 tuorum,
716 2631 750 2654 et
767 2634 932 2663 pecorum
951 2625 1070 2664 gregis
1087 2625 1136 2655 tui
1148 2624 1166 2635 ’'
1183 2625 1317 2663 (Deutr.
1335 2625 1453 2656 xxviii.
1470 2625 1523 2664 4):

373 2712 487 2752 haec
515 2712 570 2751 ad
594 2710 705 2751 filios
726 2711 894 2763 Jacobi,
920 2712 991 2764 qui
1015 2725 1102 2752 non
1127 2712 1257 2752 aliter
1278 2711 1354 2752 illa
1375 2711 1698 2761 intellexerunt
1721 2724 1854 2765 quam

374 2774 651 2822 naturaliter,
679 2774 763 2813 hoc
796 2780 879 2821 est,
909 2775 1154 2814 secundum
1180 2788 1360 2814 sensum
1387 2775 1577 2823 litterae,
1605 2775 1706 2827 quia
1735 2787 1854 2814 mere

375 2836 601 2877 naturales
628 2842 768 2884 erant,
797 2842 842 2876 et
869 2849 1047 2888 prorsus
1074 2850 1163 2876 non
1192 2837 1469 2888 spirituales;
1503 2843 1549 2877 at
1575 2850 1653 2889 per
1680 2835 1854 2876 “bene-

374 2897 622 2939 di&i0nes‘’
645 2898 742 2938 illas
766 2898 1071 2951 significantur
1094 2898 1432 2940 benedictiones
1454 2898 1718 2952 spirituales,
1739 2912 1851 2951 quae

373 2969 476 3003 sunt
500 2961 610 3003 caeli
636 2968 680 3002 et
707 2961 808 3001 inde
836 2962 954 3002 vitae
981 2969 1217 3002 aeternae:
1259 2975 1360 3002 nam
1388 2975 1464 3014 per
1493 2960 1718 3002 “fructum
1743 2974 1852 3002 ven-
