<?xml version="1.0" encoding="UTF-8"?>
<!DOCTYPE html PUBLIC "-//W3C//DTD XHTML 1.0 Transitional//EN"
    "http://www.w3.org/TR/xhtml1/DTD/xhtml1-transitional.dtd">
<html xmlns="http://www.w3.org/1999/xhtml" xml:lang="en" lang="en">
 <head>
  <title>
</title>
<meta http-equiv="Content-Type" content="text/html;charset=utf-8" />
  <meta name='ocr-system' content='tesseract 3.04.00' />
  <meta name='ocr-capabilities' content='ocr_page ocr_carea ocr_par ocr_line ocrx_word'/>
</head>
<body>
  <div class='ocr_page' id='page_1' title='image "apocalypsisexpli04sweduoft_0210.png"; bbox 0 0 2054 3464; ppageno 0'>
   <div class='ocr_carea' id='block_1_1' title="bbox 360 385 1427 421">
    <p class='ocr_par' dir='ltr' id='par_1_1' title="bbox 360 385 1427 421">
     <span class='ocr_line' id='line_1_1' title="bbox 360 385 1427 421; baseline 0.004 -4"><span class='ocrx_word' id='word_1_1' title='bbox 360 386 384 417; x_wconf 89' lang='lat'>2</span> <span class='ocrx_word' id='word_1_2' title='bbox 394 386 469 418; x_wconf 88' lang='lat'>112</span> <span class='ocrx_word' id='word_1_3' title='bbox 770 385 1100 420; x_wconf 84' lang='lat' dir='ltr'>APOCALYPSIS</span> <span class='ocrx_word' id='word_1_4' title='bbox 1130 388 1427 421; x_wconf 89' lang='lat' dir='ltr'>EXPLICATA.</span> 
     </span>
    </p>
   </div>
   <div class='ocr_carea' id='block_1_2' title="bbox 424 497 1842 714">
    <p class='ocr_par' dir='ltr' id='par_1_2' title="bbox 424 497 1448 542">
     <span class='ocr_line' id='line_1_2' title="bbox 424 497 1448 542; baseline 0.005 -13"><span class='ocrx_word' id='word_1_5' title='bbox 424 497 616 536; x_wconf 76' lang='lat' dir='ltr'>“Benedic,</span> <span class='ocrx_word' id='word_1_6' title='bbox 635 498 753 530; x_wconf 86' lang='lat' dir='ltr'>anima</span> <span class='ocrx_word' id='word_1_7' title='bbox 770 509 859 537; x_wconf 85' lang='lat' dir='ltr'>mea,</span> <span class='ocrx_word' id='word_1_8' title='bbox 876 499 1064 541; x_wconf 86' lang='lat' dir='ltr'>Jehovae”</span> <span class='ocrx_word' id='word_1_9' title='bbox 1080 499 1223 540; x_wconf 69' lang='lat' dir='ltr'><em>(psalm.</em></span> <span class='ocrx_word' id='word_1_10' title='bbox 1241 501 1308 534; x_wconf 90' lang='lat' dir='ltr'>ciii.</span> <span class='ocrx_word' id='word_1_11' title='bbox 1329 510 1356 540; x_wconf 94' lang='lat'>1,</span> <span class='ocrx_word' id='word_1_12' title='bbox 1375 501 1448 542; x_wconf 89' lang='lat'><strong>22);</strong></span> 
     </span>
    </p>

    <p class='ocr_par' dir='ltr' id='par_1_3' title="bbox 424 542 1251 584">
     <span class='ocr_line' id='line_1_3' title="bbox 424 542 1251 584; baseline 0.005 -12"><span class='ocrx_word' id='word_1_13' title='bbox 424 543 442 556; x_wconf 86' lang='lat'>“</span> <span class='ocrx_word' id='word_1_14' title='bbox 453 542 579 573; x_wconf 86' lang='lat' dir='ltr'>Omnis</span> <span class='ocrx_word' id='word_1_15' title='bbox 596 543 716 573; x_wconf 86' lang='lat' dir='ltr'>anima</span> <span class='ocrx_word' id='word_1_16' title='bbox 732 543 850 574; x_wconf 84' lang='lat' dir='ltr'>laudet</span> <span class='ocrx_word' id='word_1_17' title='bbox 865 543 932 584; x_wconf 85' lang='lat' dir='ltr'>Jah</span> <span class='ocrx_word' id='word_1_18' title='bbox 943 542 961 555; x_wconf 87' lang='lat'>’&#39;</span> <span class='ocrx_word' id='word_1_19' title='bbox 977 543 1120 581; x_wconf 75' lang='lat' dir='ltr'>(Psalm.</span> <span class='ocrx_word' id='word_1_20' title='bbox 1139 545 1180 576; x_wconf 91' lang='lat' dir='ltr'>cl.</span> <span class='ocrx_word' id='word_1_21' title='bbox 1197 544 1231 584; x_wconf 81' lang='grc' dir='ltr'>ὁ)</span> <span class='ocrx_word' id='word_1_22' title='bbox 1245 554 1251 582; x_wconf 89' lang='grc'><strong>;</strong></span> 
     </span>
    </p>

    <p class='ocr_par' dir='ltr' id='par_1_4' title="bbox 424 585 1406 628">
     <span class='ocr_line' id='line_1_4' title="bbox 424 585 1406 628; baseline 0.005 -13"><span class='ocrx_word' id='word_1_23' title='bbox 424 586 442 599; x_wconf 88' lang='grc'><em>“</em></span> <span class='ocrx_word' id='word_1_24' title='bbox 455 585 580 616; x_wconf 86' lang='lat' dir='ltr'>Petent</span> <span class='ocrx_word' id='word_1_25' title='bbox 596 586 712 616; x_wconf 90' lang='lat' dir='ltr'>cibum</span> <span class='ocrx_word' id='word_1_26' title='bbox 730 586 870 617; x_wconf 83' lang='lat' dir='ltr'>animae</span> <span class='ocrx_word' id='word_1_27' title='bbox 887 596 972 617; x_wconf 89' lang='lat' dir='ltr'>suae</span> <span class='ocrx_word' id='word_1_28' title='bbox 985 585 1003 598; x_wconf 90' lang='lat'>&#39;’</span> <span class='ocrx_word' id='word_1_29' title='bbox 1019 587 1162 625; x_wconf 88' lang='lat' dir='ltr'>(Psalm.</span> <span class='ocrx_word' id='word_1_30' title='bbox 1180 588 1312 620; x_wconf 88' lang='lat' dir='ltr'>lxxviii.</span> <span class='ocrx_word' id='word_1_31' title='bbox 1332 589 1385 628; x_wconf 86' lang='lat'>18)</span> <span class='ocrx_word' id='word_1_32' title='bbox 1399 597 1406 623; x_wconf 83' lang='lat'>:</span> 
     </span>
    </p>

    <p class='ocr_par' dir='ltr' id='par_1_5' title="bbox 424 627 1842 714">
     <span class='ocr_line' id='line_1_5' title="bbox 424 627 1842 671; baseline 0.004 -13"><span class='ocrx_word' id='word_1_33' title='bbox 424 627 628 669; x_wconf 76' lang='lat' dir='ltr'>“Jehovah.</span> <span class='ocrx_word' id='word_1_34' title='bbox 644 629 867 669; x_wconf 86' lang='lat' dir='ltr'>..inspiravit</span> <span class='ocrx_word' id='word_1_35' title='bbox 887 629 922 660; x_wconf 91' lang='lat' dir='ltr'>in</span> <span class='ocrx_word' id='word_1_36' title='bbox 944 639 1046 661; x_wconf 89' lang='lat' dir='ltr'>nares</span> <span class='ocrx_word' id='word_1_37' title='bbox 1058 629 1076 642; x_wconf 83' lang='lat'>&#39;’</span> <span class='ocrx_word' id='word_1_38' title='bbox 1093 630 1249 662; x_wconf 87' lang='lat' dir='ltr'>hominis</span> <span class='ocrx_word' id='word_1_39' title='bbox 1270 631 1511 671; x_wconf 80' lang='lat' dir='ltr'>“spiraculum</span> <span class='ocrx_word' id='word_1_40' title='bbox 1533 631 1696 671; x_wconf 86' lang='lat' dir='ltr'>vitarum,</span> <span class='ocrx_word' id='word_1_41' title='bbox 1717 636 1752 664; x_wconf 86' lang='lat' dir='ltr'>et</span> <span class='ocrx_word' id='word_1_42' title='bbox 1769 631 1842 664; x_wconf 79' lang='lat' dir='ltr'>fac-</span> 
     </span>
     <span class='ocr_line' id='line_1_6' title="bbox 532 672 1471 714; baseline 0.004 -12"><span class='ocrx_word' id='word_1_43' title='bbox 532 677 587 702; x_wconf 88' lang='lat' dir='ltr'>tus</span> <span class='ocrx_word' id='word_1_44' title='bbox 604 679 658 703; x_wconf 87' lang='lat' dir='ltr'>est</span> <span class='ocrx_word' id='word_1_45' title='bbox 675 672 783 703; x_wconf 85' lang='lat' dir='ltr'>homo</span> <span class='ocrx_word' id='word_1_46' title='bbox 801 672 835 703; x_wconf 87' lang='lat' dir='ltr'>in</span> <span class='ocrx_word' id='word_1_47' title='bbox 853 673 1010 704; x_wconf 88' lang='lat' dir='ltr'>animam</span> <span class='ocrx_word' id='word_1_48' title='bbox 1027 673 1206 705; x_wconf 85' lang='lat' dir='ltr'>viventem</span> <span class='ocrx_word' id='word_1_49' title='bbox 1219 673 1238 686; x_wconf 86' lang='lat'>&#39;’</span> <span class='ocrx_word' id='word_1_50' title='bbox 1255 674 1350 714; x_wconf 88' lang='lat' dir='ltr'><em>(Gen.</em></span> <span class='ocrx_word' id='word_1_51' title='bbox 1368 675 1402 706; x_wconf 89' lang='lat' dir='ltr'>ii.</span> <span class='ocrx_word' id='word_1_52' title='bbox 1422 676 1471 714; x_wconf 91' lang='lat'>7):</span> 
     </span>
    </p>
   </div>
   <div class='ocr_carea' id='block_1_3' title="bbox 359 765 1842 1261">
    <p class='ocr_par' dir='ltr' id='par_1_6' title="bbox 359 765 1842 881">
     <span class='ocr_line' id='line_1_7' title="bbox 359 765 1842 823; baseline 0.004 -19"><span class='ocrx_word' id='word_1_53' title='bbox 359 765 403 804; x_wconf 90' lang='lat' dir='ltr'>in</span> <span class='ocrx_word' id='word_1_54' title='bbox 426 765 494 805; x_wconf 90' lang='lat' dir='ltr'>his</span> <span class='ocrx_word' id='word_1_55' title='bbox 517 765 627 806; x_wconf 88' lang='lat' dir='ltr'>locis</span> <span class='ocrx_word' id='word_1_56' title='bbox 651 766 811 806; x_wconf 90' lang='lat' dir='ltr'>dicitur</span> <span class='ocrx_word' id='word_1_57' title='bbox 837 766 1055 807; x_wconf 88' lang='lat' dir='ltr'>“anima”</span> <span class='ocrx_word' id='word_1_58' title='bbox 1077 780 1157 820; x_wconf 88' lang='lat' dir='ltr'>pro</span> <span class='ocrx_word' id='word_1_59' title='bbox 1179 768 1273 808; x_wconf 88' lang='lat' dir='ltr'>vita</span> <span class='ocrx_word' id='word_1_60' title='bbox 1295 769 1475 821; x_wconf 88' lang='lat' dir='ltr'>spiritus</span> <span class='ocrx_word' id='word_1_61' title='bbox 1498 768 1704 818; x_wconf 87' lang='lat' dir='ltr'>hominis,</span> <span class='ocrx_word' id='word_1_62' title='bbox 1729 782 1842 823; x_wconf 85' lang='lat' dir='ltr'>quae</span> 
     </span>
     <span class='ocr_line' id='line_1_8' title="bbox 359 827 1062 881; baseline 0.003 -14"><span class='ocrx_word' id='word_1_63' title='bbox 359 828 452 868; x_wconf 84' lang='lat' dir='ltr'>vita</span> <span class='ocrx_word' id='word_1_64' title='bbox 478 827 718 880; x_wconf 85' lang='lat' dir='ltr'>spiritualis</span> <span class='ocrx_word' id='word_1_65' title='bbox 744 827 837 881; x_wconf 86' lang='lat' dir='ltr'>ejus</span> <span class='ocrx_word' id='word_1_66' title='bbox 863 836 1062 870; x_wconf 89' lang='lat' dir='ltr'>vocatur.</span> 
     </span>
    </p>

    <p class='ocr_par' dir='ltr' id='par_1_7' title="bbox 359 895 1842 1261">
     <span class='ocr_line' id='line_1_9' title="bbox 443 895 1840 949; baseline 0.002 -12"><span class='ocrx_word' id='word_1_67' title='bbox 443 895 522 949; x_wconf 81' lang='lat' dir='ltr'>[e.]</span> <span class='ocrx_word' id='word_1_68' title='bbox 570 896 667 949; x_wconf 85' lang='lat' dir='ltr'>(iv.)</span> <span class='ocrx_word' id='word_1_69' title='bbox 702 896 929 949; x_wconf 78' lang='lat' dir='ltr'><strong>Quoniam</strong></span> <span class='ocrx_word' id='word_1_70' title='bbox 954 897 1088 938; x_wconf 87' lang='lat' dir='ltr'>binae</span> <span class='ocrx_word' id='word_1_71' title='bbox 1109 898 1232 939; x_wconf 86' lang='lat' dir='ltr'>vitae</span> <span class='ocrx_word' id='word_1_72' title='bbox 1255 898 1498 939; x_wconf 83' lang='lat' dir='ltr'>facultates</span> <span class='ocrx_word' id='word_1_73' title='bbox 1523 899 1696 940; x_wconf 89' lang='lat' dir='ltr'>homini</span> <span class='ocrx_word' id='word_1_74' title='bbox 1720 904 1840 948; x_wconf 86' lang='lat' dir='ltr'>sunt,</span> 
     </span>
     <span class='ocr_line' id='line_1_10' title="bbox 361 957 1842 1014; baseline 0.003 -18"><span class='ocrx_word' id='word_1_75' title='bbox 361 970 523 1010; x_wconf 86' lang='lat' dir='ltr'><strong>nempe</strong></span> <span class='ocrx_word' id='word_1_76' title='bbox 550 957 742 997; x_wconf 80' lang='lat' dir='ltr'>facultas</span> <span class='ocrx_word' id='word_1_77' title='bbox 768 958 1052 1010; x_wconf 86' lang='lat' dir='ltr'>intelligendi</span> <span class='ocrx_word' id='word_1_78' title='bbox 1078 965 1123 999; x_wconf 95' lang='lat' dir='ltr'>et</span> <span class='ocrx_word' id='word_1_79' title='bbox 1149 959 1340 999; x_wconf 80' lang='lat' dir='ltr'>facultas</span> <span class='ocrx_word' id='word_1_80' title='bbox 1363 959 1558 1008; x_wconf 86' lang='lat' dir='ltr'>volendi,</span> <span class='ocrx_word' id='word_1_81' title='bbox 1583 965 1629 1000; x_wconf 87' lang='lat' dir='ltr'>et</span> <span class='ocrx_word' id='word_1_82' title='bbox 1655 966 1842 1014; x_wconf 86' lang='lat' dir='ltr'>utraque</span> 
     </span>
     <span class='ocr_line' id='line_1_11' title="bbox 359 1020 1842 1075; baseline 0.002 -15"><span class='ocrx_word' id='word_1_83' title='bbox 359 1020 549 1060; x_wconf 80' lang='lat' dir='ltr'>facultas</span> <span class='ocrx_word' id='word_1_84' title='bbox 580 1020 686 1060; x_wconf 88' lang='lat' dir='ltr'>facit</span> <span class='ocrx_word' id='word_1_85' title='bbox 719 1020 859 1061; x_wconf 88' lang='lat' dir='ltr'>vitam</span> <span class='ocrx_word' id='word_1_86' title='bbox 892 1021 1168 1074; x_wconf 84' lang='lat' dir='ltr'>spiritualem</span> <span class='ocrx_word' id='word_1_87' title='bbox 1206 1021 1413 1068; x_wconf 81' lang='lat' dir='ltr'>hominis,</span> <span class='ocrx_word' id='word_1_88' title='bbox 1447 1028 1657 1062; x_wconf 83' lang='lat' dir='ltr'>constare</span> <span class='ocrx_word' id='word_1_89' title='bbox 1689 1027 1842 1075; x_wconf 87' lang='lat' dir='ltr'>potest</span> 
     </span>
     <span class='ocr_line' id='line_1_12' title="bbox 361 1081 1842 1137; baseline 0.003 -17"><span class='ocrx_word' id='word_1_90' title='bbox 361 1095 419 1121; x_wconf 85' lang='lat' dir='ltr'>ex</span> <span class='ocrx_word' id='word_1_91' title='bbox 442 1081 705 1134; x_wconf 87' lang='lat' dir='ltr'>quibusdam</span> <span class='ocrx_word' id='word_1_92' title='bbox 729 1081 839 1122; x_wconf 88' lang='lat' dir='ltr'>locis</span> <span class='ocrx_word' id='word_1_93' title='bbox 863 1096 994 1135; x_wconf 83' lang='lat' dir='ltr'>supra</span> <span class='ocrx_word' id='word_1_94' title='bbox 1012 1083 1177 1132; x_wconf 84' lang='lat' dir='ltr'>allatis,</span> <span class='ocrx_word' id='word_1_95' title='bbox 1198 1089 1293 1124; x_wconf 90' lang='lat' dir='ltr'>tum</span> <span class='ocrx_word' id='word_1_96' title='bbox 1317 1097 1376 1124; x_wconf 84' lang='lat' dir='ltr'>ex</span> <span class='ocrx_word' id='word_1_97' title='bbox 1399 1084 1703 1137; x_wconf 85' lang='lat' dir='ltr'>sequentibus,</span> <span class='ocrx_word' id='word_1_98' title='bbox 1723 1083 1842 1137; x_wconf 91' lang='lat' dir='ltr'>quod</span> 
     </span>
     <span class='ocr_line' id='line_1_13' title="bbox 364 1143 1842 1199; baseline 0.003 -16"><span class='ocrx_word' id='word_1_99' title='bbox 364 1144 551 1184; x_wconf 84' lang='lat' dir='ltr'>“anima</span> <span class='ocrx_word' id='word_1_100' title='bbox 566 1143 585 1159; x_wconf 90' lang='lat'><strong>”</strong></span> <span class='ocrx_word' id='word_1_101' title='bbox 627 1144 847 1196; x_wconf 84' lang='lat' dir='ltr'>significet</span> <span class='ocrx_word' id='word_1_102' title='bbox 891 1145 1016 1185; x_wconf 88' lang='lat' dir='ltr'>illam</span> <span class='ocrx_word' id='word_1_103' title='bbox 1060 1145 1323 1186; x_wconf 85' lang='lat' dir='ltr'>facultatem</span> <span class='ocrx_word' id='word_1_104' title='bbox 1365 1160 1478 1199; x_wconf 87' lang='lat' dir='ltr'>quae</span> <span class='ocrx_word' id='word_1_105' title='bbox 1519 1152 1707 1187; x_wconf 88' lang='lat' dir='ltr'>vocatur</span> <span class='ocrx_word' id='word_1_106' title='bbox 1746 1147 1842 1187; x_wconf 78' lang='lat' dir='ltr'>vita</span> 
     </span>
     <span class='ocr_line' id='line_1_14' title="bbox 362 1205 1326 1261; baseline 0.001 -14"><span class='ocrx_word' id='word_1_107' title='bbox 362 1205 618 1247; x_wconf 60' lang='lat' dir='ltr'>intellectus</span> <span class='ocrx_word' id='word_1_108' title='bbox 644 1207 837 1247; x_wconf 90' lang='lat' dir='ltr'>hominis</span> <span class='ocrx_word' id='word_1_109' title='bbox 854 1207 992 1249; x_wconf 79' lang='lat' dir='ltr'>z—Ut</span> <span class='ocrx_word' id='word_1_110' title='bbox 1018 1208 1135 1261; x_wconf 83' lang='lat' dir='ltr'>apud</span> <span class='ocrx_word' id='word_1_111' title='bbox 1159 1208 1326 1257; x_wconf 83' lang='lat' dir='ltr'>Mosen,</span> 
     </span>
    </p>
   </div>
   <div class='ocr_carea' id='block_1_4' title="bbox 427 1301 1844 1429">
    <p class='ocr_par' dir='ltr' id='par_1_8' title="bbox 427 1301 1844 1429">
     <span class='ocr_line' id='line_1_15' title="bbox 427 1301 1844 1343; baseline 0.003 -11"><span class='ocrx_word' id='word_1_112' title='bbox 427 1301 603 1333; x_wconf 89' lang='lat' dir='ltr'>“Amabis</span> <span class='ocrx_word' id='word_1_113' title='bbox 623 1301 797 1343; x_wconf 87' lang='lat' dir='ltr'>Jehovam</span> <span class='ocrx_word' id='word_1_114' title='bbox 820 1302 934 1333; x_wconf 87' lang='lat' dir='ltr'>Deum</span> <span class='ocrx_word' id='word_1_115' title='bbox 959 1308 1057 1334; x_wconf 86' lang='lat' dir='ltr'>tuum</span> <span class='ocrx_word' id='word_1_116' title='bbox 1082 1312 1125 1333; x_wconf 88' lang='lat' dir='ltr'>ex</span> <span class='ocrx_word' id='word_1_117' title='bbox 1150 1309 1225 1334; x_wconf 90' lang='lat' dir='ltr'>toto</span> <span class='ocrx_word' id='word_1_118' title='bbox 1249 1303 1354 1334; x_wconf 86' lang='lat' dir='ltr'>corde</span> <span class='ocrx_word' id='word_1_119' title='bbox 1378 1310 1449 1341; x_wconf 87' lang='lat' dir='ltr'>tu0,</span> <span class='ocrx_word' id='word_1_120' title='bbox 1471 1314 1514 1335; x_wconf 83' lang='lat' dir='ltr'>ex</span> <span class='ocrx_word' id='word_1_121' title='bbox 1538 1310 1615 1335; x_wconf 89' lang='lat' dir='ltr'>tota</span> <span class='ocrx_word' id='word_1_122' title='bbox 1633 1304 1756 1336; x_wconf 84' lang='lat' dir='ltr'>anima</span> <span class='ocrx_word' id='word_1_123' title='bbox 1773 1311 1844 1343; x_wconf 82' lang='lat' dir='ltr'>tua,</span> 
     </span>
     <span class='ocr_line' id='line_1_16' title="bbox 533 1345 1844 1429; baseline 0.003 -54"><span class='ocrx_word' id='word_1_124' title='bbox 533 1352 575 1419; x_wconf 50' lang='grc' dir='ltr'>ἓξ</span> <span class='ocrx_word' id='word_1_125' title='bbox 587 1355 630 1376; x_wconf 86' lang='lat' dir='ltr'>ex</span> <span class='ocrx_word' id='word_1_126' title='bbox 650 1346 815 1429; x_wconf 50' lang='grc' dir='ltr'>οτηηίὶέιςε</span> <span class='ocrx_word' id='word_1_127' title='bbox 836 1346 968 1377; x_wconf 89' lang='lat' dir='ltr'>viribus</span> <span class='ocrx_word' id='word_1_128' title='bbox 989 1345 1086 1377; x_wconf 87' lang='lat' dir='ltr'>tuis&#39;’</span> <span class='ocrx_word' id='word_1_129' title='bbox 1104 1346 1237 1386; x_wconf 87' lang='lat' dir='ltr'>(Deutr.</span> <span class='ocrx_word' id='word_1_130' title='bbox 1255 1346 1299 1378; x_wconf 92' lang='lat' dir='ltr'>vi.</span> <span class='ocrx_word' id='word_1_131' title='bbox 1322 1354 1361 1386; x_wconf 88' lang='lat'>5;</span> <span class='ocrx_word' id='word_1_132' title='bbox 1386 1356 1459 1387; x_wconf 89' lang='lat' dir='ltr'>cap.</span> <span class='ocrx_word' id='word_1_133' title='bbox 1480 1357 1512 1379; x_wconf 89' lang='lat' dir='ltr'>x.</span> <span class='ocrx_word' id='word_1_134' title='bbox 1536 1355 1596 1386; x_wconf 85' lang='lat'>12;</span> <span class='ocrx_word' id='word_1_135' title='bbox 1620 1357 1695 1388; x_wconf 88' lang='lat' dir='ltr'>cap.</span> <span class='ocrx_word' id='word_1_136' title='bbox 1717 1347 1762 1380; x_wconf 85' lang='lat' dir='ltr'>xi.</span> <span class='ocrx_word' id='word_1_137' title='bbox 1782 1355 1844 1387; x_wconf 82' lang='lat'>13;</span> 
     </span>
     <span class='ocr_line' id='line_1_17' title="bbox 578 1397 813 1428; baseline -0.004 -8"><span class='ocrx_word' id='word_1_138' title='bbox 578 1398 609 1428; x_wconf 87' lang='lat' dir='ltr'>p.</span> <span class='ocrx_word' id='word_1_139' title='bbox 626 1399 718 1420; x_wconf 72' lang='lat' dir='ltr'><strong>xxm.</strong></span> <span class='ocrx_word' id='word_1_140' title='bbox 739 1397 753 1419; x_wconf 93' lang='lat'>1</span> <span class='ocrx_word' id='word_1_141' title='bbox 807 1398 813 1426; x_wconf 84' lang='lat'>;</span> 
     </span>
    </p>
   </div>
   <div class='ocr_carea' id='block_1_5' title="bbox 365 1471 910 1524">
    <p class='ocr_par' dir='ltr' id='par_1_9' title="bbox 365 1471 910 1524">
     <span class='ocr_line' id='line_1_18' title="bbox 365 1471 910 1524; baseline 0 -12"><span class='ocrx_word' id='word_1_142' title='bbox 365 1477 411 1512; x_wconf 89' lang='lat' dir='ltr'>et</span> <span class='ocrx_word' id='word_1_143' title='bbox 437 1471 553 1524; x_wconf 88' lang='lat' dir='ltr'>apud</span> <span class='ocrx_word' id='word_1_144' title='bbox 579 1471 621 1511; x_wconf 88' lang='lat' dir='ltr'><em>E</em></span> <span class='ocrx_word' id='word_1_145' title='bbox 623 1471 910 1523; x_wconf 78' lang='lat' dir='ltr'>vangelz&#39;stas‚</span> 
     </span>
    </p>
   </div>
   <div class='ocr_carea' id='block_1_6' title="bbox 428 1546 1877 1588">
    <p class='ocr_par' dir='ltr' id='par_1_10' title="bbox 428 1546 1877 1588">
     <span class='ocr_line' id='line_1_19' title="bbox 428 1546 1877 1588; baseline 0.002 -11"><span class='ocrx_word' id='word_1_146' title='bbox 428 1546 710 1588; x_wconf 82' lang='lat' dir='ltr'>“Jesus..dixit.</span> <span class='ocrx_word' id='word_1_147' title='bbox 725 1571 748 1584; x_wconf 81' lang='lat'>.‚</span> <span class='ocrx_word' id='word_1_148' title='bbox 769 1546 917 1577; x_wconf 84' lang='lat' dir='ltr'>Amabis</span> <span class='ocrx_word' id='word_1_149' title='bbox 944 1546 1139 1578; x_wconf 89' lang='lat' dir='ltr'>Dominum</span> <span class='ocrx_word' id='word_1_150' title='bbox 1166 1547 1280 1578; x_wconf 85' lang='lat' dir='ltr'>Deum</span> <span class='ocrx_word' id='word_1_151' title='bbox 1301 1553 1408 1578; x_wconf 87' lang='lat' dir='ltr'>tuum·</span> <span class='ocrx_word' id='word_1_152' title='bbox 1426 1558 1469 1578; x_wconf 87' lang='lat' dir='ltr'>ex</span> <span class='ocrx_word' id='word_1_153' title='bbox 1493 1554 1568 1579; x_wconf 87' lang='lat' dir='ltr'>toto</span> <span class='ocrx_word' id='word_1_154' title='bbox 1592 1548 1696 1579; x_wconf 82' lang='lat' dir='ltr'>corde</span> <span class='ocrx_word' id='word_1_155' title='bbox 1721 1555 1791 1586; x_wconf 88' lang='lat' dir='ltr'>tuo,</span> <span class='ocrx_word' id='word_1_156' title='bbox 1811 1555 1846 1580; x_wconf 85' lang='lat' dir='ltr'>et</span> <span class='ocrx_word' id='word_1_157' title='bbox 1873 1558 1877 1562; x_wconf 84' lang='grc'><strong>’</strong></span> 
     </span>
    </p>
   </div>
   <div class='ocr_carea' id='block_1_7' title="bbox 534 1589 1844 1672">
    <p class='ocr_par' dir='ltr' id='par_1_11' title="bbox 534 1589 1844 1672">
     <span class='ocr_line' id='line_1_20' title="bbox 534 1589 1844 1630; baseline 0.002 -10"><span class='ocrx_word' id='word_1_158' title='bbox 534 1600 578 1621; x_wconf 89' lang='lat' dir='ltr'>ex</span> <span class='ocrx_word' id='word_1_159' title='bbox 595 1596 669 1621; x_wconf 86' lang='lat' dir='ltr'>tota</span> <span class='ocrx_word' id='word_1_160' title='bbox 685 1590 805 1620; x_wconf 84' lang='lat' dir='ltr'>anima</span> <span class='ocrx_word' id='word_1_161' title='bbox 822 1597 890 1628; x_wconf 80' lang='lat' dir='ltr'>tua,</span> <span class='ocrx_word' id='word_1_162' title='bbox 905 1596 939 1621; x_wconf 87' lang='lat' dir='ltr'>et</span> <span class='ocrx_word' id='word_1_163' title='bbox 956 1600 1000 1621; x_wconf 87' lang='lat' dir='ltr'>ex</span> <span class='ocrx_word' id='word_1_164' title='bbox 1017 1596 1093 1622; x_wconf 78' lang='lat' dir='ltr'>tota</span> <span class='ocrx_word' id='word_1_165' title='bbox 1109 1597 1227 1622; x_wconf 88' lang='lat' dir='ltr'>mente</span> <span class='ocrx_word' id='word_1_166' title='bbox 1245 1590 1332 1622; x_wconf 83' lang='lat' dir='ltr'>tua&#39;‘</span> <span class='ocrx_word' id='word_1_167' title='bbox 1351 1591 1492 1630; x_wconf 75' lang='lat' dir='ltr'>(Matth.</span> <span class='ocrx_word' id='word_1_168' title='bbox 1511 1591 1593 1623; x_wconf 79' lang='lat' dir='ltr'>xxii.</span> <span class='ocrx_word' id='word_1_169' title='bbox 1611 1589 1707 1630; x_wconf 71' lang='lat'>[¹137;</span> <span class='ocrx_word' id='word_1_170' title='bbox 1731 1591 1844 1623; x_wconf 65' lang='grc' dir='ltr'>Αἴαντ’.</span> 
     </span>
     <span class='ocr_line' id='line_1_21' title="bbox 534 1631 1026 1672; baseline 0.006 -9"><span class='ocrx_word' id='word_1_171' title='bbox 534 1633 592 1664; x_wconf 83' lang='lat' dir='ltr'>xii.</span> <span class='ocrx_word' id='word_1_172' title='bbox 610 1631 696 1671; x_wconf 85' lang='lat' dir='ltr'>[²]3o,</span> <span class='ocrx_word' id='word_1_173' title='bbox 715 1642 777 1672; x_wconf 79' lang='lat'>333</span> <span class='ocrx_word' id='word_1_174' title='bbox 804 1633 883 1664; x_wconf 87' lang='lat' dir='ltr'><em>Luc.</em></span> <span class='ocrx_word' id='word_1_175' title='bbox 901 1643 933 1665; x_wconf 89' lang='lat' dir='ltr'>x.</span> <span class='ocrx_word' id='word_1_176' title='bbox 953 1634 1026 1672; x_wconf 87' lang='lat'><strong>27):</strong></span> 
     </span>
    </p>
   </div>
   <div class='ocr_carea' id='block_1_8' title="bbox 362 1726 1846 2524">
    <p class='ocr_par' dir='ltr' id='par_1_12' title="bbox 362 1726 1846 2524">
     <span class='ocr_line' id='line_1_22' title="bbox 362 1726 1846 1780; baseline 0.001 -13"><span class='ocrx_word' id='word_1_177' title='bbox 362 1741 440 1780; x_wconf 91' lang='lat' dir='ltr'>per</span> <span class='ocrx_word' id='word_1_178' title='bbox 473 1731 661 1767; x_wconf 85' lang='lat' dir='ltr'>“amare</span> <span class='ocrx_word' id='word_1_179' title='bbox 695 1726 915 1779; x_wconf 88' lang='lat' dir='ltr'>Jehovam</span> <span class='ocrx_word' id='word_1_180' title='bbox 953 1727 1099 1768; x_wconf 88' lang='lat' dir='ltr'>Deum</span> <span class='ocrx_word' id='word_1_181' title='bbox 1137 1733 1239 1768; x_wconf 92' lang='lat' dir='ltr'>toto</span> <span class='ocrx_word' id='word_1_182' title='bbox 1275 1728 1410 1768; x_wconf 88' lang='lat' dir='ltr'>corde</span> <span class='ocrx_word' id='word_1_183' title='bbox 1447 1734 1492 1769; x_wconf 90' lang='lat' dir='ltr'>et</span> <span class='ocrx_word' id='word_1_184' title='bbox 1530 1735 1630 1769; x_wconf 85' lang='lat' dir='ltr'>tota</span> <span class='ocrx_word' id='word_1_185' title='bbox 1666 1728 1811 1769; x_wconf 82' lang='lat' dir='ltr'>anima</span> <span class='ocrx_word' id='word_1_186' title='bbox 1826 1727 1846 1743; x_wconf 77' lang='lat'>&#39;&#39;</span> 
     </span>
     <span class='ocr_line' id='line_1_23' title="bbox 363 1789 1842 1842; baseline 0.001 -13"><span class='ocrx_word' id='word_1_187' title='bbox 363 1789 631 1842; x_wconf 83' lang='lat' dir='ltr'>intelligitur</span> <span class='ocrx_word' id='word_1_188' title='bbox 663 1790 784 1830; x_wconf 87' lang='lat' dir='ltr'>omni</span> <span class='ocrx_word' id='word_1_189' title='bbox 816 1789 1055 1830; x_wconf 89' lang='lat' dir='ltr'>voluntate</span> <span class='ocrx_word' id='word_1_190' title='bbox 1086 1796 1133 1830; x_wconf 89' lang='lat' dir='ltr'>et</span> <span class='ocrx_word' id='word_1_191' title='bbox 1165 1791 1286 1830; x_wconf 89' lang='lat' dir='ltr'>omni</span> <span class='ocrx_word' id='word_1_192' title='bbox 1317 1789 1564 1839; x_wconf 66' lang='lat' dir='ltr'>intellectu,</span> <span class='ocrx_word' id='word_1_193' title='bbox 1592 1796 1688 1831; x_wconf 90' lang='lat' dir='ltr'>tum</span> <span class='ocrx_word' id='word_1_194' title='bbox 1719 1790 1842 1831; x_wconf 91' lang='lat' dir='ltr'>omni</span> 
     </span>
     <span class='ocr_line' id='line_1_24' title="bbox 362 1851 1845 1905; baseline 0.001 -13"><span class='ocrx_word' id='word_1_195' title='bbox 362 1865 515 1892; x_wconf 89' lang='lat' dir='ltr'>amore</span> <span class='ocrx_word' id='word_1_196' title='bbox 559 1858 605 1892; x_wconf 90' lang='lat' dir='ltr'>et</span> <span class='ocrx_word' id='word_1_197' title='bbox 647 1852 769 1892; x_wconf 90' lang='lat' dir='ltr'>omni</span> <span class='ocrx_word' id='word_1_198' title='bbox 805 1851 917 1902; x_wconf 91' lang='lat' dir='ltr'>fide;</span> <span class='ocrx_word' id='word_1_199' title='bbox 964 1852 1108 1893; x_wconf 88' lang='lat' dir='ltr'>“cor&#39;&#39;</span> <span class='ocrx_word' id='word_1_200' title='bbox 1144 1854 1262 1893; x_wconf 90' lang='lat' dir='ltr'>enim</span> <span class='ocrx_word' id='word_1_201' title='bbox 1299 1852 1522 1905; x_wconf 87' lang='lat' dir='ltr'>significat</span> <span class='ocrx_word' id='word_1_202' title='bbox 1558 1865 1758 1894; x_wconf 87' lang='lat' dir='ltr'>amorem</span> <span class='ocrx_word' id='word_1_203' title='bbox 1798 1858 1845 1894; x_wconf 86' lang='lat' dir='ltr'>et</span> 
     </span>
     <span class='ocr_line' id='line_1_25' title="bbox 362 1913 1843 1968; baseline 0.001 -14"><span class='ocrx_word' id='word_1_204' title='bbox 362 1915 663 1962; x_wconf 87' lang='lat' dir='ltr'>voluntatem,</span> <span class='ocrx_word' id='word_1_205' title='bbox 697 1921 743 1955; x_wconf 88' lang='lat' dir='ltr'>et</span> <span class='ocrx_word' id='word_1_206' title='bbox 777 1914 996 1955; x_wconf 85' lang='lat' dir='ltr'>“anima’&#39;</span> <span class='ocrx_word' id='word_1_207' title='bbox 1027 1915 1250 1968; x_wconf 85' lang='lat' dir='ltr'>significat</span> <span class='ocrx_word' id='word_1_208' title='bbox 1281 1914 1414 1955; x_wconf 89' lang='lat' dir='ltr'>fidem</span> <span class='ocrx_word' id='word_1_209' title='bbox 1452 1922 1498 1956; x_wconf 84' lang='lat' dir='ltr'>et</span> <span class='ocrx_word' id='word_1_210' title='bbox 1535 1913 1843 1965; x_wconf 67' lang='lat' dir='ltr'>intellectum;</span> 
     </span>
     <span class='ocr_line' id='line_1_26' title="bbox 363 1976 1842 2030; baseline 0 -14"><span class='ocrx_word' id='word_1_211' title='bbox 363 1977 481 2029; x_wconf 91' lang='lat' dir='ltr'>quod</span> <span class='ocrx_word' id='word_1_212' title='bbox 510 1977 654 2017; x_wconf 88' lang='lat' dir='ltr'>“cor’&#39;</span> <span class='ocrx_word' id='word_1_213' title='bbox 680 1977 768 2017; x_wconf 90' lang='lat' dir='ltr'>duo</span> <span class='ocrx_word' id='word_1_214' title='bbox 799 1976 877 2017; x_wconf 85' lang='lat' dir='ltr'>illa</span> <span class='ocrx_word' id='word_1_215' title='bbox 910 1976 1147 2030; x_wconf 87' lang='lat' dir='ltr'>significet,</span> <span class='ocrx_word' id='word_1_216' title='bbox 1182 1991 1343 2030; x_wconf 89' lang='lat' dir='ltr'>nempe</span> <span class='ocrx_word' id='word_1_217' title='bbox 1374 1990 1574 2017; x_wconf 87' lang='lat' dir='ltr'>amorem</span> <span class='ocrx_word' id='word_1_218' title='bbox 1606 1983 1652 2017; x_wconf 88' lang='lat' dir='ltr'>et</span> <span class='ocrx_word' id='word_1_219' title='bbox 1683 1976 1842 2021; x_wconf 89' lang='lat' dir='ltr'>volun-</span> 
     </span>
     <span class='ocr_line' id='line_1_27' title="bbox 363 2038 1846 2092; baseline 0 -13"><span class='ocrx_word' id='word_1_220' title='bbox 363 2046 522 2087; x_wconf 87' lang='lat' dir='ltr'>tatem,</span> <span class='ocrx_word' id='word_1_221' title='bbox 556 2046 626 2080; x_wconf 90' lang='lat' dir='ltr'>est</span> <span class='ocrx_word' id='word_1_222' title='bbox 663 2040 765 2092; x_wconf 90' lang='lat' dir='ltr'>quia</span> <span class='ocrx_word' id='word_1_223' title='bbox 800 2053 927 2080; x_wconf 87' lang='lat' dir='ltr'>amor</span> <span class='ocrx_word' id='word_1_224' title='bbox 958 2040 1150 2080; x_wconf 89' lang='lat' dir='ltr'>hominis</span> <span class='ocrx_word' id='word_1_225' title='bbox 1182 2046 1252 2080; x_wconf 87' lang='lat' dir='ltr'>est</span> <span class='ocrx_word' id='word_1_226' title='bbox 1284 2040 1534 2080; x_wconf 83' lang='lat' dir='ltr'>voluntatis</span> <span class='ocrx_word' id='word_1_227' title='bbox 1565 2039 1683 2091; x_wconf 88' lang='lat' dir='ltr'>ejus;</span> <span class='ocrx_word' id='word_1_228' title='bbox 1726 2038 1846 2092; x_wconf 92' lang='lat' dir='ltr'>quod</span> 
     </span>
     <span class='ocr_line' id='line_1_28' title="bbox 366 2099 1843 2155; baseline 0 -14"><span class='ocrx_word' id='word_1_229' title='bbox 366 2102 584 2141; x_wconf 81' lang='lat' dir='ltr'>“anima”</span> <span class='ocrx_word' id='word_1_230' title='bbox 606 2103 744 2142; x_wconf 89' lang='lat' dir='ltr'>etiam</span> <span class='ocrx_word' id='word_1_231' title='bbox 767 2101 990 2154; x_wconf 87' lang='lat' dir='ltr'>significet</span> <span class='ocrx_word' id='word_1_232' title='bbox 1013 2103 1114 2151; x_wconf 91' lang='lat' dir='ltr'>duo,</span> <span class='ocrx_word' id='word_1_233' title='bbox 1136 2115 1298 2155; x_wconf 89' lang='lat' dir='ltr'>nempe</span> <span class='ocrx_word' id='word_1_234' title='bbox 1321 2101 1454 2142; x_wconf 84' lang='lat' dir='ltr'>fidem</span> <span class='ocrx_word' id='word_1_235' title='bbox 1478 2108 1524 2142; x_wconf 88' lang='lat' dir='ltr'>et</span> <span class='ocrx_word' id='word_1_236' title='bbox 1547 2099 1843 2149; x_wconf 63' lang='lat' dir='ltr'>intellectum,</span> 
     </span>
     <span class='ocr_line' id='line_1_29' title="bbox 363 2162 1846 2217; baseline 0 -14"><span class='ocrx_word' id='word_1_237' title='bbox 363 2170 433 2204; x_wconf 86' lang='lat' dir='ltr'>est</span> <span class='ocrx_word' id='word_1_238' title='bbox 459 2164 560 2217; x_wconf 90' lang='lat' dir='ltr'>quia</span> <span class='ocrx_word' id='word_1_239' title='bbox 586 2163 697 2205; x_wconf 87' lang='lat' dir='ltr'>fides</span> <span class='ocrx_word' id='word_1_240' title='bbox 722 2170 793 2205; x_wconf 91' lang='lat' dir='ltr'>est</span> <span class='ocrx_word' id='word_1_241' title='bbox 819 2162 1104 2215; x_wconf 64' lang='lat' dir='ltr'>intellectus3</span> <span class='ocrx_word' id='word_1_242' title='bbox 1137 2165 1256 2217; x_wconf 92' lang='lat' dir='ltr'>quod</span> <span class='ocrx_word' id='word_1_243' title='bbox 1286 2163 1431 2204; x_wconf 82' lang='lat' dir='ltr'>“cor&#39;’</span> <span class='ocrx_word' id='word_1_244' title='bbox 1454 2170 1500 2204; x_wconf 87' lang='lat' dir='ltr'>et</span> <span class='ocrx_word' id='word_1_245' title='bbox 1529 2162 1746 2205; x_wconf 79' lang='lat' dir='ltr'>“anima”</span> <span class='ocrx_word' id='word_1_246' title='bbox 1767 2162 1846 2203; x_wconf 86' lang='lat' dir='ltr'>illa</span> 
     </span>
     <span class='ocr_line' id='line_1_30' title="bbox 364 2225 1841 2279; baseline 0 -14"><span class='ocrx_word' id='word_1_247' title='bbox 364 2225 631 2278; x_wconf 86' lang='lat' dir='ltr'>significent,</span> <span class='ocrx_word' id='word_1_248' title='bbox 656 2232 725 2266; x_wconf 91' lang='lat' dir='ltr'>est</span> <span class='ocrx_word' id='word_1_249' title='bbox 748 2227 850 2279; x_wconf 86' lang='lat' dir='ltr'>quia</span> <span class='ocrx_word' id='word_1_250' title='bbox 872 2239 949 2266; x_wconf 89' lang='lat' dir='ltr'>cor</span> <span class='ocrx_word' id='word_1_251' title='bbox 973 2226 1167 2267; x_wconf 91' lang='lat' dir='ltr'>hominis</span> <span class='ocrx_word' id='word_1_252' title='bbox 1189 2226 1512 2279; x_wconf 86' lang='lat' dir='ltr'>correspondet</span> <span class='ocrx_word' id='word_1_253' title='bbox 1535 2226 1655 2266; x_wconf 92' lang='lat' dir='ltr'>bono</span> <span class='ocrx_word' id='word_1_254' title='bbox 1677 2226 1841 2267; x_wconf 85' lang='lat' dir='ltr'>amoris</span> 
     </span>
     <span class='ocr_line' id='line_1_31' title="bbox 363 2288 1845 2342; baseline 0.001 -14"><span class='ocrx_word' id='word_1_255' title='bbox 363 2288 482 2341; x_wconf 89' lang='lat' dir='ltr'>quod</span> <span class='ocrx_word' id='word_1_256' title='bbox 505 2295 575 2328; x_wconf 90' lang='lat' dir='ltr'>est</span> <span class='ocrx_word' id='word_1_257' title='bbox 598 2288 847 2329; x_wconf 87' lang='lat' dir='ltr'>voluntatis</span> <span class='ocrx_word' id='word_1_258' title='bbox 870 2288 975 2340; x_wconf 87' lang='lat' dir='ltr'>ejus,</span> <span class='ocrx_word' id='word_1_259' title='bbox 996 2295 1042 2329; x_wconf 89' lang='lat' dir='ltr'>et</span> <span class='ocrx_word' id='word_1_260' title='bbox 1064 2289 1213 2329; x_wconf 84' lang='lat' dir='ltr'>anima</span> <span class='ocrx_word' id='word_1_261' title='bbox 1234 2288 1496 2342; x_wconf 91' lang='lat' dir='ltr'>pulmonum</span> <span class='ocrx_word' id='word_1_262' title='bbox 1521 2288 1845 2341; x_wconf 88' lang='lat' dir='ltr'>correspondet</span> 
     </span>
     <span class='ocr_line' id='line_1_32' title="bbox 363 2349 1845 2404; baseline 0 -13"><span class='ocrx_word' id='word_1_263' title='bbox 363 2365 469 2391; x_wconf 91' lang='lat' dir='ltr'>vero</span> <span class='ocrx_word' id='word_1_264' title='bbox 487 2351 587 2391; x_wconf 89' lang='lat' dir='ltr'>fidei</span> <span class='ocrx_word' id='word_1_265' title='bbox 611 2352 730 2404; x_wconf 90' lang='lat' dir='ltr'>quod</span> <span class='ocrx_word' id='word_1_266' title='bbox 754 2357 824 2392; x_wconf 90' lang='lat' dir='ltr'>est</span> <span class='ocrx_word' id='word_1_267' title='bbox 847 2349 1104 2392; x_wconf 58' lang='lat' dir='ltr'>intellectus</span> <span class='ocrx_word' id='word_1_268' title='bbox 1121 2351 1339 2391; x_wconf 86' lang='lat' dir='ltr'>hominis:</span> <span class='ocrx_word' id='word_1_269' title='bbox 1364 2356 1387 2371; x_wconf 76' lang='lat'>‘⁸</span> <span class='ocrx_word' id='word_1_270' title='bbox 1404 2350 1500 2404; x_wconf 86' lang='lat' dir='ltr'>[ex]</span> <span class='ocrx_word' id='word_1_271' title='bbox 1521 2351 1726 2391; x_wconf 90' lang='lat' dir='ltr'>omnibus</span> <span class='ocrx_word' id='word_1_272' title='bbox 1743 2351 1845 2392; x_wconf 90' lang='lat' dir='ltr'>viri-</span> 
     </span>
     <span class='ocr_line' id='line_1_33' title="bbox 363 2412 1845 2467; baseline 0 -13"><span class='ocrx_word' id='word_1_273' title='bbox 363 2413 476 2454; x_wconf 83' lang='lat' dir='ltr'>bus‘’</span> <span class='ocrx_word' id='word_1_274' title='bbox 502 2420 548 2454; x_wconf 86' lang='lat' dir='ltr'>et</span> <span class='ocrx_word' id='word_1_275' title='bbox 578 2413 715 2467; x_wconf 77' lang='lat' dir='ltr'>“[ex]</span> <span class='ocrx_word' id='word_1_276' title='bbox 744 2420 845 2454; x_wconf 90' lang='lat' dir='ltr'>tota</span> <span class='ocrx_word' id='word_1_277' title='bbox 871 2413 1054 2454; x_wconf 87' lang='lat' dir='ltr'>mente&#39;’</span> <span class='ocrx_word' id='word_1_278' title='bbox 1079 2412 1303 2466; x_wconf 85' lang='lat' dir='ltr'>significat</span> <span class='ocrx_word' id='word_1_279' title='bbox 1330 2427 1461 2466; x_wconf 90' lang='lat' dir='ltr'>super</span> <span class='ocrx_word' id='word_1_280' title='bbox 1486 2413 1648 2454; x_wconf 89' lang='lat' dir='ltr'>omnia.</span> <span class='ocrx_word' id='word_1_281' title='bbox 1707 2412 1845 2466; x_wconf 90' lang='lat' dir='ltr'>Apud</span> 
     </span>
     <span class='ocr_line' id='line_1_34' title="bbox 362 2475 643 2524; baseline 0 -8"><span class='ocrx_word' id='word_1_282' title='bbox 362 2475 643 2524; x_wconf 68' lang='lat' dir='ltr'>Ezechielem,</span> 
     </span>
    </p>
   </div>
   <div class='ocr_carea' id='block_1_9' title="bbox 429 2570 1845 2697">
    <p class='ocr_par' dir='ltr' id='par_1_13' title="bbox 429 2570 1845 2697">
     <span class='ocr_line' id='line_1_35' title="bbox 429 2570 1845 2611; baseline 0 -9"><span class='ocrx_word' id='word_1_283' title='bbox 429 2571 654 2611; x_wconf 87' lang='lat' dir='ltr'>“Argentum</span> <span class='ocrx_word' id='word_1_284' title='bbox 675 2581 796 2602; x_wconf 91' lang='lat' dir='ltr'>eorum</span> <span class='ocrx_word' id='word_1_285' title='bbox 818 2577 853 2602; x_wconf 87' lang='lat' dir='ltr'>et</span> <span class='ocrx_word' id='word_1_286' title='bbox 871 2581 994 2602; x_wconf 91' lang='lat' dir='ltr'>aurum</span> <span class='ocrx_word' id='word_1_287' title='bbox 1012 2581 1138 2602; x_wconf 84' lang='lat' dir='ltr'>eorum</span> <span class='ocrx_word' id='word_1_288' title='bbox 1158 2581 1229 2602; x_wconf 91' lang='lat' dir='ltr'>non</span> <span class='ocrx_word' id='word_1_289' title='bbox 1251 2571 1379 2611; x_wconf 89' lang='lat' dir='ltr'>poterit</span> <span class='ocrx_word' id='word_1_290' title='bbox 1398 2571 1534 2610; x_wconf 86' lang='lat' dir='ltr'>eripere</span> <span class='ocrx_word' id='word_1_291' title='bbox 1553 2580 1615 2602; x_wconf 90' lang='lat' dir='ltr'>eos</span> <span class='ocrx_word' id='word_1_292' title='bbox 1639 2570 1675 2601; x_wconf 90' lang='lat' dir='ltr'>in</span> <span class='ocrx_word' id='word_1_293' title='bbox 1695 2570 1752 2602; x_wconf 84' lang='lat' dir='ltr'>die</span> <span class='ocrx_word' id='word_1_294' title='bbox 1772 2571 1845 2602; x_wconf 86' lang='lat' dir='ltr'>irae</span> 
     </span>
     <span class='ocr_line' id='line_1_36' title="bbox 536 2614 1842 2655; baseline 0.001 -11"><span class='ocrx_word' id='word_1_295' title='bbox 536 2614 703 2655; x_wconf 79' lang='lat' dir='ltr'>jehovae,</span> <span class='ocrx_word' id='word_1_296' title='bbox 728 2615 883 2645; x_wconf 88' lang='lat' dir='ltr'>animam</span> <span class='ocrx_word' id='word_1_297' title='bbox 909 2623 1030 2645; x_wconf 87' lang='lat' dir='ltr'>eorum</span> <span class='ocrx_word' id='word_1_298' title='bbox 1063 2624 1135 2645; x_wconf 91' lang='lat' dir='ltr'>non</span> <span class='ocrx_word' id='word_1_299' title='bbox 1160 2615 1378 2651; x_wconf 84' lang='lat' dir='ltr'>saturabunt,</span> <span class='ocrx_word' id='word_1_300' title='bbox 1403 2621 1437 2645; x_wconf 89' lang='lat' dir='ltr'>et</span> <span class='ocrx_word' id='word_1_301' title='bbox 1462 2614 1599 2645; x_wconf 87' lang='lat' dir='ltr'>viscera</span> <span class='ocrx_word' id='word_1_302' title='bbox 1621 2623 1744 2645; x_wconf 84' lang='lat' dir='ltr'>eorum</span> <span class='ocrx_word' id='word_1_303' title='bbox 1769 2623 1842 2646; x_wconf 86' lang='lat' dir='ltr'>non</span> 
     </span>
     <span class='ocr_line' id='line_1_37' title="bbox 537 2657 944 2697; baseline 0 -9"><span class='ocrx_word' id='word_1_304' title='bbox 537 2657 761 2697; x_wconf 87' lang='lat' dir='ltr'>implebunt’&#39;</span> <span class='ocrx_word' id='word_1_305' title='bbox 778 2657 850 2697; x_wconf 90' lang='lat' dir='ltr'>(vii.</span> <span class='ocrx_word' id='word_1_306' title='bbox 871 2657 922 2697; x_wconf 90' lang='lat'>19)</span> <span class='ocrx_word' id='word_1_307' title='bbox 937 2668 944 2689; x_wconf 75' lang='lat' dir='ltr'><strong><em>z</em></strong></span> 
     </span>
    </p>
   </div>
   <div class='ocr_carea' id='block_1_10' title="bbox 364 2746 1843 3052">
    <p class='ocr_par' dir='ltr' id='par_1_14' title="bbox 364 2746 1843 3052">
     <span class='ocr_line' id='line_1_38' title="bbox 364 2746 1843 2803; baseline -0.001 -13"><span class='ocrx_word' id='word_1_308' title='bbox 364 2750 435 2790; x_wconf 91' lang='lat' dir='ltr'>hic</span> <span class='ocrx_word' id='word_1_309' title='bbox 462 2763 637 2803; x_wconf 86' lang='lat' dir='ltr'>quoque</span> <span class='ocrx_word' id='word_1_310' title='bbox 667 2749 885 2789; x_wconf 82' lang='lat' dir='ltr'>“anima’&#39;</span> <span class='ocrx_word' id='word_1_311' title='bbox 911 2763 991 2802; x_wconf 87' lang='lat' dir='ltr'>pro</span> <span class='ocrx_word' id='word_1_312' title='bbox 1022 2746 1256 2790; x_wconf 61' lang='lat' dir='ltr'>intellectu</span> <span class='ocrx_word' id='word_1_313' title='bbox 1281 2749 1386 2796; x_wconf 88' lang='lat' dir='ltr'>veri,</span> <span class='ocrx_word' id='word_1_314' title='bbox 1416 2762 1528 2801; x_wconf 89' lang='lat' dir='ltr'>quae</span> <span class='ocrx_word' id='word_1_315' title='bbox 1558 2751 1686 2789; x_wconf 89' lang='lat' dir='ltr'>“non</span> <span class='ocrx_word' id='word_1_316' title='bbox 1718 2755 1843 2789; x_wconf 86' lang='lat' dir='ltr'>satu-</span> 
     </span>
     <span class='ocr_line' id='line_1_39' title="bbox 364 2811 1842 2864; baseline 0 -12"><span class='ocrx_word' id='word_1_317' title='bbox 364 2812 448 2852; x_wconf 88' lang='lat' dir='ltr'>rari</span> <span class='ocrx_word' id='word_1_318' title='bbox 462 2812 481 2827; x_wconf 91' lang='lat'>‘⁷</span> <span class='ocrx_word' id='word_1_319' title='bbox 504 2812 679 2859; x_wconf 89' lang='lat' dir='ltr'>dicitur,</span> <span class='ocrx_word' id='word_1_320' title='bbox 707 2812 887 2864; x_wconf 89' lang='lat' dir='ltr'>quando</span> <span class='ocrx_word' id='word_1_321' title='bbox 914 2825 1003 2851; x_wconf 88' lang='lat' dir='ltr'>non</span> <span class='ocrx_word' id='word_1_322' title='bbox 1030 2824 1183 2852; x_wconf 88' lang='lat' dir='ltr'>verum</span> <span class='ocrx_word' id='word_1_323' title='bbox 1209 2811 1252 2851; x_wconf 92' lang='lat' dir='ltr'>in</span> <span class='ocrx_word' id='word_1_324' title='bbox 1279 2811 1496 2860; x_wconf 85' lang='lat' dir='ltr'>ecclesia;</span> <span class='ocrx_word' id='word_1_325' title='bbox 1530 2817 1575 2851; x_wconf 91' lang='lat' dir='ltr'>et</span> <span class='ocrx_word' id='word_1_326' title='bbox 1602 2811 1842 2852; x_wconf 84' lang='lat' dir='ltr'>“viscera‘’</span> 
     </span>
     <span class='ocr_line' id='line_1_40' title="bbox 365 2873 1842 2928; baseline 0 -14"><span class='ocrx_word' id='word_1_327' title='bbox 365 2889 444 2928; x_wconf 89' lang='lat' dir='ltr'>pro</span> <span class='ocrx_word' id='word_1_328' title='bbox 470 2874 707 2915; x_wconf 88' lang='lat' dir='ltr'>voluntate</span> <span class='ocrx_word' id='word_1_329' title='bbox 736 2874 854 2922; x_wconf 86' lang='lat' dir='ltr'>boni,</span> <span class='ocrx_word' id='word_1_330' title='bbox 883 2887 996 2927; x_wconf 82' lang='lat' dir='ltr'>quae</span> <span class='ocrx_word' id='word_1_331' title='bbox 1025 2877 1152 2914; x_wconf 90' lang='lat' dir='ltr'>“non</span> <span class='ocrx_word' id='word_1_332' title='bbox 1185 2873 1356 2926; x_wconf 89' lang='lat' dir='ltr'>impleri</span> <span class='ocrx_word' id='word_1_333' title='bbox 1369 2873 1387 2887; x_wconf 84' lang='lat'>&#39;’</span> <span class='ocrx_word' id='word_1_334' title='bbox 1414 2874 1633 2921; x_wconf 86' lang='lat' dir='ltr'>dicuntur,</span> <span class='ocrx_word' id='word_1_335' title='bbox 1662 2873 1842 2926; x_wconf 85' lang='lat' dir='ltr'>quando</span> 
     </span>
     <span class='ocr_line' id='line_1_41' title="bbox 364 2934 1842 2989; baseline 0 -13"><span class='ocrx_word' id='word_1_336' title='bbox 364 2950 455 2976; x_wconf 92' lang='lat' dir='ltr'>non</span> <span class='ocrx_word' id='word_1_337' title='bbox 486 2937 652 2976; x_wconf 90' lang='lat' dir='ltr'>bonurn</span> <span class='ocrx_word' id='word_1_338' title='bbox 684 2937 727 2976; x_wconf 86' lang='lat' dir='ltr'>in</span> <span class='ocrx_word' id='word_1_339' title='bbox 759 2936 976 2976; x_wconf 82' lang='lat' dir='ltr'>ecclesia:</span> <span class='ocrx_word' id='word_1_340' title='bbox 1017 2936 1227 2989; x_wconf 89' lang='lat' dir='ltr'>quoniam</span> <span class='ocrx_word' id='word_1_341' title='bbox 1262 2934 1570 2987; x_wconf 78' lang='lat' dir='ltr'>“argentum’&#39;</span> <span class='ocrx_word' id='word_1_342' title='bbox 1602 2949 1659 2975; x_wconf 82' lang='lat' dir='ltr'>ex</span> <span class='ocrx_word' id='word_1_343' title='bbox 1691 2949 1842 2976; x_wconf 88' lang='lat' dir='ltr'>corre-</span> 
     </span>
     <span class='ocr_line' id='line_1_42' title="bbox 365 2997 1838 3052; baseline -0.001 -13"><span class='ocrx_word' id='word_1_344' title='bbox 365 3000 637 3052; x_wconf 81' lang='lat' dir='ltr'>spondentia</span> <span class='ocrx_word' id='word_1_345' title='bbox 669 2998 891 3052; x_wconf 82' lang='lat' dir='ltr'>significat</span> <span class='ocrx_word' id='word_1_346' title='bbox 917 3012 1085 3046; x_wconf 88' lang='lat' dir='ltr'>verum,</span> <span class='ocrx_word' id='word_1_347' title='bbox 1114 3004 1160 3039; x_wconf 90' lang='lat' dir='ltr'>et</span> <span class='ocrx_word' id='word_1_348' title='bbox 1191 2999 1234 3038; x_wconf 91' lang='lat' dir='ltr'>in</span> <span class='ocrx_word' id='word_1_349' title='bbox 1266 2998 1476 3051; x_wconf 90' lang='lat' dir='ltr'>opposito</span> <span class='ocrx_word' id='word_1_350' title='bbox 1508 3011 1639 3038; x_wconf 81' lang='lat' dir='ltr'>sensu</span> <span class='ocrx_word' id='word_1_351' title='bbox 1664 2997 1838 3047; x_wconf 88' lang='lat' dir='ltr'>falsum,</span> 
     </span>
    </p>
   </div>
   <div class='ocr_carea' id='block_1_11' title="bbox 1728 0 2054 1681">
    <p class='ocr_par' dir='ltr' id='par_1_15' title="bbox 1728 0 2054 1681">
     <span class='ocr_line' id='line_1_43' title="bbox 1728 0 2054 1681; baseline 0 0"><span class='ocrx_word' id='word_1_352' title='bbox 1728 0 2054 1681; x_wconf 95' lang='lat' dir='ltr'>   </span> 
     </span>
    </p>
   </div>
   <div class='ocr_carea' id='block_1_12' title="bbox 2030 1794 2054 2102">
    <p class='ocr_par' dir='ltr' id='par_1_16' title="bbox 2030 1794 2054 2102">
     <span class='ocr_line' id='line_1_44' title="bbox 2030 1794 2054 2102; textangle 90"><span class='ocrx_word' id='word_1_353' title='bbox 2031 2023 2054 2102; x_wconf 41' lang='grc' dir='ltr'>’.ξας</span> <span class='ocrx_word' id='word_1_354' title='bbox 2032 1958 2054 2016; x_wconf 49' lang='lat'>:2¹22</span> <span class='ocrx_word' id='word_1_355' title='bbox 2030 1895 2054 1952; x_wconf 45' lang='lat' dir='ltr'>*Ab</span> <span class='ocrx_word' id='word_1_356' title='bbox 2043 1882 2047 1889; x_wconf 91' lang='grc'>-</span> <span class='ocrx_word' id='word_1_357' title='bbox 2035 1872 2039 1877; x_wconf 68' lang='lat'><strong>⁴</strong></span> <span class='ocrx_word' id='word_1_358' title='bbox 2032 1811 2034 1816; x_wconf 28' lang='grc' dir='ltr'><strong>Ἴ</strong></span> <span class='ocrx_word' id='word_1_359' title='bbox 2035 1794 2038 1797; x_wconf 70' lang='grc'><em>’</em></span> 
     </span>
    </p>
   </div>
   <div class='ocr_carea' id='block_1_13' title="bbox 2042 2105 2054 2221">
    <p class='ocr_par' dir='ltr' id='par_1_17' title="bbox 2042 2105 2054 2221">
     <span class='ocr_line' id='line_1_45' title="bbox 2042 2105 2054 2221; textangle 90"><span class='ocrx_word' id='word_1_360' title='bbox 2051 2214 2054 2221; x_wconf 77' lang='lat'><strong>.</strong></span> <span class='ocrx_word' id='word_1_361' title='bbox 2042 2105 2054 2202; x_wconf 49' lang='lat' dir='ltr'>..Y-unz&gt;-</span> 
     </span>
    </p>
   </div>
  </div>
 </body>
</html>
