2098 3476
416 366 521 420 1946
820 374 1150 406 APOCALYPSIS
1182 373 1479 407 EXPLICATA.

409 487 530 528 bono
548 488 589 528 in
614 501 690 527 sua
709 488 903 527 essentia
922 493 988 527 est
1007 487 1174 527 bonum
1193 486 1434 539 spirituale.
1496 487 1596 528 Hoc
1615 487 1887 541 significatur

410 563 487 602 per
534 554 822 602 “aperturam
870 549 1020 595 uteri,”
1068 550 1453 601 “primogenitum
1499 550 1784 600 masculum,”
1827 565 1886 592 ex

372 645 385 657 ,
409 626 542 652 causa
563 613 664 665 quia
686 618 835 651 uterus
859 612 1179 663 correspondet
1202 613 1360 651 intimo
1383 612 1522 652 amori
1545 612 1795 666 conjugiali,
1815 614 1888 667 qui

409 675 453 714 in
481 688 558 714 sua
584 674 779 714 essentia
805 680 873 713 est
907 686 1031 713 amor
1057 673 1290 724 caelestis;
1329 680 1374 714 et
1406 688 1464 714 ex
1497 674 1581 715 hoc
1608 689 1758 716 amore
1785 688 1886 729 pro·

408 737 582 776 ducitur
608 736 774 776 bonum
802 736 1041 788 spirituale,
1070 737 1190 789 quod
1218 737 1260 776 in
1288 750 1365 776 sua
1390 737 1530 777 forma
1555 744 1623 778 est
1650 751 1802 779 verum
1828 753 1888 780 ex

408 800 541 847 bono,
570 813 620 839 ac
654 800 697 838 in
729 800 874 851 specie
908 799 949 838 id
978 812 1130 838 verum
1163 813 1220 839 ex
1253 799 1374 840 bono
1405 801 1524 853 quod
1555 801 1756 854 principii
1787 800 1888 842 loco

409 869 478 902 est
510 862 714 914 reliquis;
758 861 875 914 quod
909 862 1108 913 principii
1140 861 1240 902 loco
1272 868 1355 910 est,
1389 863 1433 902 id
1469 863 1512 902 in
1545 863 1887 904 succedentibus

408 931 476 964 est
503 938 634 964 omne
661 924 807 977 quoad
833 924 1073 964 essentiale
1099 924 1288 972 illorum,
1318 926 1418 978 quia
1444 926 1487 965 id
1520 926 1563 965 in
1595 926 1662 966 his
1688 932 1757 967 est
1783 940 1885 980 reg-

408 1000 532 1026 nans.
594 986 815 1038 Quoniam
853 987 937 1026 hoc
975 986 1250 1038 significatur
1291 1000 1368 1039 per
1407 991 1699 1041 “aperturam
1735 987 1887 1038 uteri,''

407 1063 483 1089 seu
518 1050 903 1101 “primogenitum
936 1049 1221 1096 masculum,”
1253 1050 1354 1090 ideo
1386 1050 1428 1090 id
1460 1049 1786 1092 sanctificatum
1817 1058 1886 1092 est

405 1111 616 1163 Jehovae,
651 1118 695 1151 et
728 1125 804 1164 per
840 1111 883 1151 id
916 1112 1051 1151 etiam
1083 1110 1348 1152 sanctificati
1379 1112 1554 1154 fuerunt
1586 1126 1742 1154 omnes
1772 1113 1887 1155 fetus

407 1181 659 1227 sequentes.
721 1173 960 1214 Sciendum
1000 1180 1068 1213 est
1111 1174 1228 1226 quod
1270 1174 1390 1214 bona
1431 1175 1543 1215 caeli
1587 1181 1633 1216 et
1670 1174 1886 1216 ecclesiae

407 1238 538 1276 trium
579 1237 796 1289 graduum
838 1237 953 1285 sint;
1001 1236 1168 1275 bonum
1210 1237 1354 1276 intimi
1393 1238 1571 1290 gradus,
1613 1238 1677 1278 ita
1711 1251 1886 1292 quoque

406 1300 550 1339 intimi
577 1299 700 1348 caeli,
725 1306 912 1339 vocatur
937 1299 1104 1339 bonum
1131 1300 1293 1339 amoris
1320 1300 1553 1350 caelestis;
1587 1301 1754 1341 bonum
1780 1301 1887 1342 infe-

406 1363 529 1402 rioris
562 1363 739 1414 gradus,
768 1362 886 1415 quod
920 1362 1056 1402 etiam
1089 1368 1158 1402 est
1190 1362 1356 1402 bonum
1390 1363 1521 1403 medii
1548 1363 1672 1412 caeli,
1699 1369 1888 1404 vocatur

407 1423 574 1464 bonum
603 1423 765 1464 amoris
797 1423 1060 1476 spiritualis;
1104 1430 1149 1464 et
1186 1424 1352 1464 bonum
1389 1425 1525 1465 infimi
1555 1426 1733 1478 gradus,
1767 1425 1887 1479 quod

407 1487 541 1526 etiam
579 1494 647 1526 est
684 1486 849 1526 bonum
887 1486 1030 1526 ultimi
1067 1486 1191 1535 caeli,
1230 1493 1417 1527 vocatur
1452 1487 1620 1527 bonum
1657 1487 1887 1528 naturale:

405 1548 515 1588 haec
548 1548 666 1588 bona
697 1550 809 1589 sicut
843 1549 996 1588 ordine
1024 1555 1268 1601 sequuntur
1299 1549 1362 1589 ita
1393 1563 1567 1602 quoque
1597 1550 1750 1590 ordine
1782 1562 1884 1590 nas—

407 1618 590 1662 cuntur;
629 1612 795 1652 bonum
822 1612 985 1651 amoris
1012 1611 1226 1652 naturalis
1253 1613 1450 1652 nascitur
1481 1626 1540 1652 ex
1572 1612 1692 1653 bono
1723 1612 1886 1653 amoris

406 1674 657 1726 spiritualis,
692 1680 736 1714 et
774 1674 940 1714 bonum
973 1675 1136 1714 amoris
1169 1674 1407 1726 spiritualis
1440 1675 1636 1715 nascitur
1671 1689 1730 1715 ex
1766 1674 1887 1715 bono

405 1738 566 1776 amoris
604 1736 834 1786 caelestis;
878 1737 979 1776 inde
1017 1742 1099 1784 est,
1139 1736 1257 1789 quod
1294 1750 1371 1788 per
1405 1740 1699 1790 “aperturam
1735 1734 1890 1785 uteri,’'

408 1800 793 1851 “primogenitum
817 1798 1102 1847 masculum,''
1125 1798 1399 1851 significetur
1420 1799 1587 1840 bonurn
1610 1800 1772 1840 amoris
1794 1800 1883 1852 spi-

404 1862 573 1902 ritualis
606 1869 760 1902 natum
793 1860 887 1902 mex
920 1862 1041 1902 bono
1073 1863 1235 1902 amoris
1267 1861 1488 1902 caelestis.
1550 1861 1775 1914 Quoniam
1806 1875 1885 1915 per

408 1927 433 1944 “
446 1924 612 1964 bestias
625 1925 643 1939 ’'
657 1924 963 1977 significantur
977 1922 1247 1972 affectiones,
1262 1938 1340 1976 per
1354 1925 1559 1977 “bestias
1575 1939 1632 1964 ex
1648 1931 1854 1966 armento
1866 1925 1886 1940 '³

405 1983 661 2025 affectiones
679 1987 940 2034 exteriores,
962 1993 1007 2026 et
1031 2000 1108 2038 per
1128 1987 1333 2026 “bestias
1356 2001 1413 2026 ex
1437 2000 1575 2039 grege
1589 1986 1608 2002 ‘’
1625 1985 1885 2028 affeffiones

405 2049 651 2097 interiores,
672 2048 773 2088 ideo
797 2050 933 2088 etiam
956 2048 1130 2089 illarum
1150 2050 1450 2101 primogenita
1468 2047 1745 2089 sanctificata
1766 2057 1883 2090 sunt.

407 2110 539 2163 Quod
571 2111 633 2150 ita
665 2112 721 2151 sit
754 2112 889 2151 etiam
923 2118 1131 2151 constare
1164 2118 1315 2163 potest.
1348 2125 1406 2151 ex
1445 2125 1512 2160 eo,
1546 2111 1664 2164 quod
1696 2111 1883 2152 Levitae

405 2173 506 2213 loco
543 2174 739 2213 omnium
776 2174 1176 2226 primogenitorum
1215 2174 1383 2226 recepti
1421 2174 1523 2222 sint,
1562 2187 1640 2226 per
1673 2173 1885 2214 “Levin”

405 2236 522 2275 enim
549 2243 593 2276 et
625 2236 727 2275 inde
755 2249 831 2288 per
860 2240 884 2255 “
903 2236 1141 2276 Levitam''
1163 2235 1437 2288 significatur
1463 2236 1630 2276 bonum
1655 2235 1883 2289 spirituale

405 2312 463 2337 ex
490 2298 609 2338 bono
632 2298 842 2348 caelesti;
877 2299 978 2338 inde
1003 2299 1139 2339 etiam
1163 2299 1476 2347 sacerdotium,
1501 2312 1578 2351 per
1604 2298 1722 2352 quod
1745 2299 1883 2352 signi·

404 2359 561 2400 ficatur
593 2360 759 2400 bonum
793 2361 1002 2408 caeleste,
1036 2362 1191 2401 datum
1224 2368 1291 2401 est
1324 2361 1528 2401 Aharoni
1564 2368 1610 2402 et
1641 2361 1740 2402 filiis
1776 2361 1881 2414 ejus,

405 2436 455 2462 ac
489 2423 781 2462 ministerium
815 2423 939 2475 hujus
972 2421 1128 2471 [²¹boni,
1162 2437 1240 2476 per
1273 2424 1391 2476 quod
1423 2422 1699 2476 significatur
1728 2436 1883 2464 verum

404 2497 463 2523 ex
494 2484 630 2531 bono,
662 2484 819 2523 datum
851 2490 920 2524 est
952 2484 1140 2524 Levitis.
1199 2495 1311 2532 (Quod
1330 2495 1382 2523 illa
1401 2504 1457 2532 per
1476 2491 1620 2523 “tribum
1642 2494 1747 2523 Levi'·
1767 2494 1886 2532 signifi-

403 2559 473 2582 cata
487 2554 609 2587 suerint,
622 2554 763 2582 videatur
775 2563 877 2591 supra,
893 2564 922 2583 n.
936 2555 1047 2595 444.)
1089 2543 1222 2596 Quod
1245 2550 1470 2584 statutum
1488 2543 1544 2583 de
1566 2543 1881 2596 primogenitis

404 2610 558 2649 datum
600 2609 656 2648 sit
698 2608 795 2648 filiis
834 2609 1023 2658 Israelis,
1061 2611 1162 2662 quia
1203 2610 1350 2649 occisa
1393 2615 1495 2649 sunt
1533 2609 1682 2648 omnia
1718 2609 1881 2660 primo-

403 2672 557 2723 genita
583 2672 624 2710 in
652 2670 882 2723 Aegypto,
912 2679 1006 2712 erat
1036 2673 1137 2725 quia
1163 2685 1241 2724 per
1270 2670 1634 2723 “primogenita''
1659 2670 1717 2710 ibi
1743 2671 1879 2723 signi-

403 2733 591 2774 ficantur
630 2733 739 2772 falsa
779 2748 836 2773 ex
884 2734 1002 2774 malo
1043 2735 1265 2775 contraria
1304 2748 1381 2774 seu
1421 2734 1627 2786 opposita
1666 2733 1780 2773 veris
1821 2747 1880 2773 ex

403 2797 535 2843 bono,
564 2797 626 2835 ita
652 2795 817 2835 malum
844 2796 1055 2836 infernale
1082 2797 1350 2836 contrarium
1378 2810 1453 2836 seu
1479 2796 1735 2847 oppositum
1761 2795 1881 2835 bono

403 2858 646 2910 spirituali;
685 2865 729 2898 et
762 2859 862 2910 quia
894 2872 992 2898 cum
1025 2859 1100 2898 illa
1131 2859 1240 2899 falsa
1271 2873 1329 2899 ex
1363 2858 1481 2898 malo
1512 2858 1628 2910 apud
1654 2858 1880 2898 hominem

405 2927 506 2960 sunt
535 2921 694 2968 occisa,
723 2920 806 2960 hoc
840 2928 921 2965 est,
951 2928 1137 2967 remota,
1167 2928 1272 2960 tunc
1306 2922 1494 2973 primum
1519 2929 1712 2960 vera·ex
1745 2919 1878 2968 bono,

403 2997 479 3023 seu
506 2984 669 3023 bonum
698 2983 942 3035 spirituale‚'
963 2997 986 3022 a
1015 2984 1207 3024 Domino
1234 2984 1386 3028 influit.
1412 2990 1456 3023 et
1483 2983 1539 3023 ab
1564 2983 1742 3022 homine
1769 2983 1879 3023 reci-
