2098 3476
472 373 577 424 1978
879 381 1208 415 APOCALYPSIS
1239 383 1535 416 EXPLICATA.

484 517 486 521 .
536 491 745 524 “Erubesce
763 492 873 524 Zidon
891 503 898 531 ;
923 494 1009 525 dixit
1026 504 1132 533 mare,
1146 495 1405 527 munimentum
1423 496 1540 534 maris,
1558 495 1716 534 dicendo,
1735 495 1816 528 Non
1832 502 1950 538 partu-

641 537 716 574 rivi,
735 547 807 567 non
829 538 961 577 peperi,
979 544 1014 569 et
1034 548 1106 568 non
1127 539 1272 569 educavi
1291 539 1451 579 juvenes,
1468 539 1669 570 adolescere
1689 539 1755 571 feci
1771 539 1948 580 virgines;

640 589 718 610 cum
733 580 829 611 fama
842 580 1019 621 Aegypto,
1029 581 1151 612 dolore
1165 582 1406 622 corripientur,
1418 583 1507 613 sicut
1516 583 1560 614 ad
1573 582 1704 614 famam
1717 582 1801 624 Tyri
1813 581 1831 595 ”
1840 582 1950 623 (xxiii.

638 623 735 662 4‚5):

466 723 545 761 per
570 713 594 729 “
610 710 860 750 Zidonem”
878 716 923 751 et
944 714 968 730 “
986 710 1187 763 Tyrum”
1211 711 1519 764 significantur
1541 712 1822 765 cognitiones
1843 712 1950 754 boni

462 779 508 812 et
535 772 625 812 veri
652 786 711 812 ex
738 772 918 823 Verbo;
952 773 1071 826 quod
1098 773 1290 814 ecclesia
1315 787 1405 814 non
1431 774 1596 828 aliquid
1622 775 1948 828 intelligentiae

461 841 507 874 et
539 835 785 886 sapientiae
819 835 902 875 sibi
935 848 1013 887 per
1043 835 1144 875 illas
1177 837 1518 888 comparaverit,
1552 850 1603 877 ac
1645 850 1748 877 usus
1778 837 1947 886 fecerit,

461 895 737 947 significatur
768 910 846 949 per
880 898 1023 938 “Non
1056 899 1282 950 parturivi,
1316 912 1405 939 non
1439 900 1602 951 peperi,
1635 912 1725 939 non
1760 898 1949 940 educavi

459 957 656 1009 juvenes,
677 958 935 1000 adolescere
955 960 1038 1000 feci
1052 960 1277 1013 virgines’'
1295 960 1544 1013 “juvenes''
1563 967 1667 1002 sunt
1684 975 1790 1002 vera
1803 960 1948 1003 eccle-

461 1018 569 1066 siae,
597 1025 643 1059 et
672 1019 941 1072 “virgines”
968 1027 1074 1061 sunt
1100 1020 1222 1061 bona
1252 1021 1360 1073 ejus.
1420 1032 1498 1069 (Sed
1517 1032 1595 1062 haec
1615 1033 1781 1062 videantur
1797 1041 1950 1070 supra‚n.

462 1086 608 1129 275[a],
626 1089 809 1127 explicata.)
869 1079 1009 1132 Apud
1037 1080 1247 1128 eundem,

529 1172 546 1184 “
558 1170 757 1212 Castigatio
775 1178 835 1203 tua
851 1172 931 1210 illis,
950 1173 1040 1203 sicut
1056 1173 1204 1212 gravida
1220 1174 1481 1214 appropinquat
1498 1174 1542 1205 ad
1559 1174 1793 1214 pariendum„
1807 1173 1950 1206 ,clamat

634 1215 669 1245 in
694 1215 877 1247 doloribus
902 1216 996 1253 suis;
1029 1217 1078 1247 sic
1096 1214 1261 1248 [Uiuimus
1285 1226 1403 1247 coram
1429 1217 1479 1248 Te
1496 1216 1680 1258 Jehovah;
1712 1217 1948 1258 concepimus,

637 1259 901 1297 parturivimus,
920 1259 1018 1299 quasi
1036 1260 1237 1299 peperimus
1254 1267 1410 1297 ventum,
1425 1260 1557 1291 salutes
1574 1270 1647 1291 non
1664 1260 1811 1292 fecimus
1825 1266 1948 1299 terrae,

637 1300 740 1332 1²lnec
759 1303 959 1333 ceciderunt
972 1303 1189 1334 habitatores
1203 1303 1309 1340 orbis,
1324 1304 1445 1334 vivent
1462 1303 1591 1334 mortui
1605 1302 1683 1334 tui'’
1697 1303 1802 1343 (xxvi.
1818 1303 1947 1344 16-19):

458 1394 568 1434 haec
592 1394 647 1434 de
670 1393 837 1434 ultimis
862 1395 1141 1447 temporibus
1164 1394 1396 1444 ecclesiae,
1420 1396 1600 1448 quando
1621 1395 1732 1436 falsa
1757 1401 1803 1437 et
1828 1395 1948 1437 mala

457 1457 500 1496 in
527 1463 705 1497 tantum
732 1463 1021 1497 succrescunt
1045 1464 1093 1497 ut
1120 1470 1209 1497 non
1236 1457 1465 1497 reformari
1491 1464 1537 1498 et
1563 1458 1817 1510 regenerari
1842 1471 1946 1511 pos-

457 1519 575 1569 sint;
618 1518 692 1559 ille
729 1525 875 1559 status
914 1519 1181 1571 intelligitur
1216 1532 1295 1571 per
1329 1520 1714 1571 “castigationem
1748 1519 1947 1572 Jehovae

459 1580 543 1620 illis
560 1581 593 1621 :’'
625 1581 743 1634 quod
771 1587 878 1622 tunc
909 1594 1009 1621 cum
1033 1581 1300 1623 difficultate
1326 1581 1506 1634 aliquod
1533 1594 1685 1622 verum
1711 1582 1875 1635 percipi
1900 1587 1947 1624 et

462 1644 710 1696 comparari
748 1636 916 1696 posset,
951 1643 1228 1696 significatur
1269 1658 1346 1698 per
1381 1645 1531 1684 “sicut
1564 1645 1750 1697 gravida
1785 1657 1946 1698 appro-

457 1708 642 1759 pinquat
661 1707 717 1746 ad
742 1707 1018 1759 pariendum,
1041 1706 1208 1748 clamat
1231 1708 1274 1747 in
1297 1707 1524 1747 doloribus
1542 1707 1630 1746 suis
1647 1705 1683 1757 ;’'
1704 1707 1823 1760 quod
1845 1706 1946 1748 loco

455 1771 695 1809 veritatum
718 1769 923 1809 hauriant
950 1770 1175 1810 vanitates
1201 1770 1245 1810 in
1276 1769 1435 1823 quibus
1463 1782 1552 1809 non
1578 1782 1695 1818 vera,
1723 1769 1944 1822 significa-

456 1838 527 1871 tur
550 1845 627 1884 per
648 1835 672 1851 ‘⁴
691 1831 1005 1883 Concepimus,
1031 1833 1344 1884 parturivimus
1367 1839 1412 1872 et
1436 1832 1686 1884 peperimus
1709 1838 1895 1872 ventum
1911 1831 1963 1883 ;”“

458 1898 482 1913 “
498 1894 692 1934 ventus''
710 1894 936 1946 significat
959 1894 1076 1934 tales
1097 1895 1346 1935 vanitates:
1383 1895 1502 1948 quod
1524 1908 1582 1934 ex
1605 1893 1690 1934 illis
1711 1893 1819 1935 nihil
1841 1908 1945 1935 usus

453 1957 590 2004 vitae,
631 1956 907 2009 significatur
945 1970 1022 2009 per
1059 1956 1269 1997 “salutes
1310 1970 1399 1997 non
1436 1956 1648 1996 fecimus’'
1684 1954 1941 2009 [³]Jehovae:

453 2019 572 2071 quod
601 2033 737 2071 usque
772 2033 797 2059 a
832 2019 1043 2067 Domino,
1072 2033 1173 2059 cum
1199 2026 1411 2060 venturus
1437 2026 1505 2060 est
1537 2020 1579 2059 in
1606 2019 1834 2068 mundum,
1861 2019 1942 2060 do-

455 2082 599 2129 cendi,
635 2088 681 2122 et
718 2082 1017 2134 regenerandi
1054 2082 1143 2122 sint
1180 2095 1258 2135 per
1288 2096 1393 2123 vera
1424 2082 1481 2122 ab
1518 2082 1635 2134 Ipso,
1669 2080 1944 2135 significatur

455 2157 534 2196 per
569 2144 778 2184 “Vivent
816 2145 980 2184 mortui
1017 2144 1121 2193 tui,''
1152 2152 1198 2186 et
1238 2158 1316 2197 per
1346 2144 1422 2185 illa
1448 2158 1561 2198 quae
1596 2143 1655 2184 ibi
1685 2149 1940 2197 sequuntur.

452 2207 589 2260 Apud
616 2207 822 2254 eundem,

520 2295 664 2326 “Canta
684 2295 823 2332 sterilis,
843 2305 931 2335 quae
952 2305 1024 2326 non
1046 2295 1191 2335 peperit,
1210 2305 1364 2335 persona
1383 2300 1489 2326 cantu
1508 2300 1542 2325 et
1561 2293 1681 2334 jubila,
1701 2303 1774 2326 non
1793 2293 1942 2335 parturi-

626 2339 686 2376 vit,
705 2338 787 2378 quia
804 2339 904 2370 multi
922 2338 983 2369 filii
1001 2339 1183 2370 desolatae
1202 2348 1285 2379 prae
1303 2338 1382 2369 filiis
1403 2338 1587 2369 maritatae
1598 2337 1615 2349 '’
1633 2338 1703 2377 (liv.
1724 2337 1773 2378 1):

451 2432 560 2471 haec
596 2431 651 2471 de
692 2430 892 2471 adventu
937 2430 1134 2479 Domini,
1168 2437 1214 2471 et
1255 2431 1310 2471 de
1351 2444 1469 2471 nova
1509 2430 1699 2471 ecclesia
1738 2429 1796 2470 ab
1834 2429 1939 2483 Ipso

453 2493 746 2534 instauranda
772 2494 889 2545 apud
912 2499 1101 2546 gentes;
1135 2493 1219 2534 hae
1242 2493 1548 2546 significantur
1573 2505 1651 2545 per
1674 2491 1939 2532 “sterilem”

453 2570 567 2610 quae
591 2569 680 2596 non
707 2556 894 2608 peperit,
919 2562 965 2596 et
993 2569 1071 2608 per
1096 2560 1121 2576 ‘⁴
1138 2556 1391 2596 desolatam
1403 2555 1422 2570 ’⁹
1445 2556 1513 2595 cui
1535 2560 1664 2595 erunt
1686 2553 1814 2595 multi
1835 2553 1937 2604 filii;

457 2618 702 2659 “steriles'’
742 2619 963 2666 dicuntur,
1007 2619 1110 2671 quia
1154 2631 1243 2658 non
1290 2624 1510 2658 noverunt
1556 2616 1813 2664 Dominum,
1855 2629 1936 2657 nec

450 2682 701 2722 habuerunt
727 2680 934 2721 Verbum
967 2680 1041 2720 ubi
1072 2694 1191 2728 vera,
1219 2686 1264 2720 et
1297 2686 1534 2732 propterea
1565 2691 1654 2719 non
1686 2678 1938 2731 regenerari

451 2750 693 2796 potuerunt
712 2757 720 2793 ;
751 2742 898 2783 “filii”
917 2749 1021 2783 sunt
1042 2756 1148 2783 vera
1169 2756 1194 2782 a
1220 2742 1415 2782 Domino
1439 2755 1516 2794 per
1533 2741 1758 2781 Verbum:
1792 2740 1936 2781 eccle-

451 2808 528 2854 sia,
554 2807 621 2846 cui
644 2812 712 2845 est
730 2805 947 2853 Verbum,
975 2819 1033 2845 ex
1060 2818 1147 2857 quo
1169 2804 1389 2844 Dominus
1411 2810 1480 2843 est
1504 2809 1650 2850 notuS,
1670 2801 1937 2855 intelligitur

451 2882 529 2920 per
556 2867 895 2916 “maritatam''
918 2867 985 2907 cui
1012 2880 1101 2906 non
1128 2865 1226 2906 filii:
1260 2865 1470 2918 gaudium
1493 2877 1644 2904 eorum
1670 2865 1743 2917 qui
1769 2878 1792 2905 e
1819 2857 1936 2905 noita

455 2930 661 2978 ecclesia,
702 2930 771 2970 cui
815 2942 904 2969 non
946 2929 1064 2982 prius
1108 2942 1226 2977 vera,
1269 2926 1544 2980 significatur
1584 2940 1662 2980 per
1704 2926 1936 2967 “Persona

452 2999 590 3033 cantu
624 2999 669 3033 et
701 2991 852 3045 jubila,
886 2985 998 3045 quae
1030 3004 1119 3031 non
1152 2990 1385 3043 parturivit
1403 2989 1436 3040 ;”
1472 2988 1759 3042 “parturire'’
1790 2994 1859 3030 est
1890 2988 1934 3029 in
