2008 3458
365 379 476 422 2274
772 374 1102 407 APOCALYPSIS
1133 374 1429 407 EXPLICATA.

363 491 419 531 sit
443 490 563 531 falsis
585 489 641 530 ab
664 489 833 530 inferno
854 488 1002 529 imbui.
1064 487 1209 530 Causa
1227 488 1345 542 quod
1367 487 1412 528 hi
1438 487 1694 529 imbuantur
1714 487 1836 530 falsis
1899 484 1902 487 “

363 567 420 593 ex
448 553 632 601 inferno,
661 558 730 592 est
763 552 864 605 quia
895 551 1068 591 caelum
1101 551 1182 591 sibi
1214 565 1291 604 per
1322 550 1432 591 falsa
1462 550 1761 599 occluserunt,
1787 555 1835 592 et

363 616 542 668 quando
568 614 741 655 caelum
773 613 903 654 alicui
934 619 1004 654 est
1035 613 1277 662 occlusum,
1306 619 1412 654 tunc
1446 613 1663 653 infernum
1694 613 1735 652 ei
1764 618 1835 654 est

362 685 594 730 apertum:
638 677 774 717 homo
805 677 923 716 enim
955 676 1047 716 sive
1083 677 1127 716 in
1159 676 1286 717 caelo
1318 677 1410 716 sive
1447 676 1491 715 in
1523 675 1694 715 inferno
1723 674 1834 725 erit3

363 753 451 780 non
484 746 637 793 potest
670 754 767 780 esse
803 741 920 779 inter
951 746 1212 792 utrumque;
1255 739 1359 779 inde
1396 751 1495 779 cum
1534 738 1630 791 quis
1662 736 1835 778 caelum
1887 747 1904 749 ”

364 803 446 844 sibi
478 803 655 851 clausit,
689 802 905 842 infernum
938 802 1019 842 sibi
1051 803 1208 855 aperit,
1242 808 1287 842 et
1325 816 1383 842 ex
1420 801 1591 841 inferno
1627 813 1718 840 non
1753 799 1837 840 nisi

363 878 495 918 quam
535 864 646 905 falsa
687 864 793 904 mali
828 871 1107 917 exsurgunt3
1152 864 1263 904 haec
1306 871 1412 904 tune
1454 863 1658 903 imbuunt
1694 861 1834 902 illum.

364 927 451 968 Sed
479 941 568 967 non
594 927 681 968 alia
707 926 817 967 falsa
839 926 1053 967 claudunt
1077 927 1250 968 caelum
1272 939 1404 980 quam
1427 926 1538 966 falsa
1560 924 1690 965 mali:
1724 925 1835 965 dan-

362 996 434 1030 tur
458 991 576 1030 enim
602 990 712 1030 falsa
738 990 926 1043 plurium
953 1003 1182 1042 generum,
1211 1002 1372 1042 nempe
1398 988 1509 1028 falsa
1534 987 1832 1040 ignorantiae,

362 1053 472 1093 falsa
503 1052 743 1105 religionis,
772 1059 817 1093 et
849 1052 960 1092 falsa
990 1067 1048 1093 ex
1081 1066 1169 1093 non
1202 1049 1435 1093 intellecto
1462 1050 1644 1100 Verb03
1681 1049 1834 1098 verbo,

362 1115 473 1155 falsa
504 1129 616 1168 quae
648 1115 816 1155 ducunt
849 1115 905 1155 ad
937 1116 1078 1155 vitam
1115 1115 1234 1163 mali,
1268 1121 1314 1155 et
1351 1128 1464 1167 quae
1495 1112 1744 1166 procedunt
1777 1125 1837 1153 ex

363 1179 457 1218 vita
483 1178 601 1226 mali,
626 1178 702 1218 illa
727 1179 828 1231 quia
854 1192 912 1218 ex
939 1178 1108 1218 inferno
1135 1184 1252 1226 sunt,
1278 1177 1492 1218 claudunt
1515 1175 1702 1217 caelum.
1761 1174 1836 1216 Ex

362 1241 430 1281 his
456 1247 583 1294 patet
610 1241 728 1294 quod
755 1239 837 1281 “Si
863 1241 959 1294 quis
986 1240 1224 1281 machaera
1246 1240 1475 1286 occiderit,
1500 1244 1708 1292 oporteat
1735 1250 1836 1279 eum

366 1303 604 1343 machaera
630 1303 812 1351 occidi,'’
839 1302 1059 1355 significet
1086 1303 1205 1356 quod
1236 1303 1300 1343 illi
1332 1303 1404 1356 qui
1435 1302 1556 1342 falsis
1582 1302 1836 1342 imbuerunt

364 1366 488 1414 alios,
517 1366 637 1406 falsis
664 1380 722 1406 ex
748 1366 918 1406 inferno
944 1366 1213 1406 imbuantur.
1275 1365 1428 1406 Simile
1457 1379 1534 1419 per
1565 1365 1642 1406 illa
1666 1363 1836 1418 signifi-

362 1436 489 1469 catur
514 1443 626 1482 quae
654 1429 873 1469 Dominus
899 1429 1016 1469 dixit
1042 1429 1098 1469 ad
1126 1429 1320 1478 Petrum,

428 1533 591 1564 “Omnes
608 1534 826 1616 *accipientes
849 1534 894 1565 ad
917 1533 1084 1574 gladium,
1109 1543 1172 1574 per
1194 1533 1350 1573 gladium
1375 1533 1488 1574 perire
1512 1532 1671 1565 debent”
1694 1532 1836 1573 (Matth.

533 1587 626 1608 xxvn.
646 1585 684 1615 52
709 1588 715 1609 ε

362 1675 472 1715 haec
492 1673 611 1715 dicta
629 1681 731 1715 sunt
755 1675 810 1715 ad
835 1675 1028 1724 Petrum,
1048 1675 1150 1728 quia
1172 1689 1249 1728 per
1267 1675 1390 1715 illum
1413 1673 1836 1728 repraesentabatur

362 1749 513 1777 verum
536 1736 651 1786 fidei,
676 1743 721 1777 et
748 1751 923 1790 quoque
945 1737 1104 1777 falsum
1127 1737 1255 1787 fidei;
1288 1751 1423 1790 quare
1449 1736 1563 1790 [per]
1592 1737 1835 1789 “accipere

362 1799 561 1852 gladium
584 1806 629 1840 et
657 1800 797 1852 perire
823 1813 900 1852 per
921 1799 1076 1840 illum'’
1099 1799 1433 1852 significabatur
1454 1800 1650 1852 recipere
1675 1798 1833 1839 falsum

362 1861 476 1909 fidei,
496 1869 542 1902 et
564 1863 704 1914 perire
727 1875 804 1914 per
820 1861 942 1902 illud.
1005 1861 1138 1915 Quod
1162 1862 1225 1902 illi
1244 1863 1317 1916 qui
1336 1876 1413 1915 per
1430 1862 1546 1902 hanc
1568 1865 1593 1882 “
1608 1861 1834 1902 bestiam”

361 1924 680 1977 significantur,
708 1924 781 1976 qui
812 1930 915 1964 sunt
941 1925 1014 1977 qui
1046 1938 1123 1978 per
1149 1926 1382 1965 ratiocinia
1407 1924 1675 1965 confirmant
1702 1937 1832 1978 sepa-

361 1987 581 2027 rationem
604 1986 704 2026 fidei
731 2000 755 2025 a
781 1987 887 2032 vita,
915 1987 1191 2028 “machaera
1213 1987 1463 2035 occidant,''
1486 1993 1532 2027 et
1557 1985 1834 2027 “machaera

360 2048 661 2096 occidantur‚’'
687 2048 772 2088 hoc
800 2055 884 2097 est,
912 2049 1025 2089 alios
1050 2049 1172 2090 falsis
1198 2050 1416 2098 imbuant,
1444 2063 1494 2090 ac
1522 2050 1604 2102 ipsi
1629 2049 1750 2090 falsis
1773 2063 1832 2090 ex

359 2111 530 2151 inferno
555 2111 824 2159 imbuantur,
854 2118 922 2152 est
955 2112 1056 2164 quia
1087 2112 1255 2164 dogma
1286 2113 1341 2152 de
1374 2112 1470 2152 sola
1501 2111 1586 2152 fide
1616 2111 1832 2153 excludat

359 2174 509 2214 omnia
533 2187 651 2218 vera.
681 2179 726 2213 et
752 2173 920 2225 rejiciat
947 2175 1097 2221 omnia
1123 2175 1252 2215 bona.
1315 2174 1447 2227 Quod
1480 2174 1576 2215 sola
1606 2174 1716 2215 fides
1747 2187 1831 2215 ex-

359 2236 511 2276 cludat
535 2236 684 2275 omnia
706 2249 824 2284 vera,
849 2242 917 2277 est
945 2237 1046 2289 quia
1068 2243 1274 2277 statuunt
1298 2237 1415 2289 quod
1443 2251 1520 2289 per
1541 2237 1718 2277 unicum
1744 2237 1830 2278 hoc

359 2299 594 2346 salvemur,
625 2297 796 2350 “Quod
830 2299 1047 2338 Dominus
1074 2313 1230 2351 passus
1256 2300 1313 2339 sit
1351 2312 1527 2340 crucem
1559 2313 1639 2352 pro
1665 2300 1831 2340 nostris

359 2361 571 2414 peccatis,
600 2366 645 2400 et
678 2374 755 2412 per
786 2361 828 2400 id
856 2361 1085 2401 sustulerit
1112 2361 1449 2402 damnationem
1477 2362 1604 2414 legiS‚
1632 2368 1678 2403 et
1710 2363 1830 2416 quod

359 2425 419 2464 sic
447 2437 527 2464 nos
553 2424 791 2463 redemerit
809 2422 842 2473 ;’'
874 2430 919 2463 et
943 2425 1044 2476 quia
1065 2424 1222 2464 volunt
1246 2425 1364 2477 quod
1388 2425 1472 2465 hoc
1496 2426 1686 2474 unicum,
1711 2426 1830 2479 quod

359 2493 524 2527 vocant
547 2486 687 2538 ipsam
706 2485 853 2533 fidem,
873 2485 1032 2534 salvet,
1053 2500 1142 2526 non
1164 2487 1358 2540 aliquam
1382 2501 1564 2540 operam
1582 2488 1692 2528 dant
1714 2489 1831 2529 veris

359 2548 669 2597 addiscendis;
708 2561 808 2587 cum
835 2554 987 2588 tamen
1013 2562 1118 2589 vera
1143 2555 1246 2589 sunt
1274 2563 1386 2602 quae
1412 2550 1578 2590 docent
1604 2550 1831 2603 quomodo

359 2611 599 2651 vivendum
636 2616 719 2657 est,
753 2624 865 2663 quae
902 2617 1054 2651 tamen
1086 2611 1350 2664 multiplicia
1386 2618 1502 2653 sunt.
1565 2611 1696 2665 Quod
1733 2613 1832 2653 sola

358 2673 467 2714 fides
498 2673 667 2725 rejiciat
699 2673 831 2721 bona,
859 2674 1057 2726 sequitur
1087 2688 1146 2714 ex
1178 2674 1275 2727 ipso
1307 2675 1537 2727 dogmate,
1570 2676 1689 2728 quod
1720 2675 1830 2717 fides

358 2737 525 2789 absque
557 2736 684 2775 bonis
717 2736 923 2788 operibus
945 2735 1183 2788 justificet;
1222 2737 1285 2777 ita
1316 2738 1411 2790 ipsa
1443 2738 1561 2778 bona
1591 2739 1754 2778 amoris
1785 2739 1829 2779 in

361 2799 520 2846 Deum,
549 2805 595 2838 et
621 2798 739 2837 bona
765 2798 998 2838 charitatis
1025 2812 1132 2851 erga
1157 2800 1411 2852 proximum
1438 2801 1566 2840 nauci
1591 2800 1772 2841 faciunt.

437 2863 563 2916 813.
601 2863 698 2902 “mo
719 2866 785 2903 est
800 2863 995 2914 patientia
1019 2867 1063 2903 et
1078 2864 1177 2904 fides
1196 2864 1662 2917 sanctorum.”—Quod
1687 2865 1829 2918 signi-

358 2923 461 2964 ficet
493 2924 612 2976 quod
640 2924 744 2964 lzaec
772 2925 864 2965 sint
890 2931 975 2976 per
1003 2939 1112 2977 quae
1141 2926 1320 2965 tentatio
1349 2932 1390 2965 et
1424 2925 1520 2966 dein
1551 2925 1830 2978 z‘mplantatz‘o

358 2986 455 3026 veri
474 3000 528 3026 ex
549 2986 653 3026 bono
674 2987 798 3039 apud
813 2987 912 3027 illos
933 2987 1012 3040 qui
1029 2987 1288 3039 spirituales
1300 2988 1422 3041 fiunt
1446 3002 1473 3028 a
1497 2987 1693 3038 Domino,
1718 3001 1826 3030 con-
