2054 3464
371 355 393 386 2
404 355 479 397 142
781 352 1110 386 APOCALYPSIS
1142 326 1441 386 EXPLICATA.

369 479 446 519 per
480 465 718 507 “terram''
750 479 883 520 quam
921 466 1042 507 Deus
1079 466 1300 516 formavit,
1334 473 1379 508 et
1417 480 1496 519 per
1529 465 1717 507 “caelos
1732 465 1752 482 '’
1782 466 1857 521 qui

369 542 480 581 opus
506 542 717 570 manuum
745 530 900 582 Ipsius,
925 530 998 583 qui
1024 530 1246 582 peribunt,
1271 529 1547 582 significatur
1568 527 1710 568 simile
1733 527 1854 582 quod

369 606 447 644 per
475 593 703 644 “priorem
731 591 926 632 terram”
952 598 997 633 et
1027 593 1186 646 “prius
1213 592 1417 634 caelum''
1443 605 1556 645 quae
1586 591 1859 662 transierant

374 654 437 708 (in
463 654 750 707 Apocalypsi,
780 668 875 707 cap.
902 655 998 695 xxi.
1030 666 1075 706 1;
1109 655 1164 696 de
1190 655 1347 709 quibus
1373 654 1480 708 ibi);
1523 660 1569 695 et
1600 654 1701 707 quia
1725 653 1859 694 facies

369 723 514 758 terrae
551 723 597 758 et
634 717 859 757 caelorum
898 717 941 757 in
974 718 1140 758 mundo
1163 718 1401 770 spirituali,
1435 717 1505 757 die
1538 716 1682 757 ultimi
1708 708 1861 768 judicii

371 792 550 831 prorsus
587 779 845 828 mutabitur,
883 793 934 820 ac
977 779 1078 821 loco
1114 781 1307 832 priorum
1349 794 1466 820 nova
1506 786 1627 820 terra
1666 784 1712 819 et
1754 777 1859 820 novi
1904 786 1906 788 ’

370 842 481 882 caeli
513 841 657 891 futuri,
691 842 793 883 ideo
825 843 986 883 dicitur
1016 843 1134 896 Quod
1169 846 1363 884 “omnes
1402 843 1517 883 sicut
1548 847 1700 882 vestes
1731 846 1859 882 vete-
1916 880 1919 888 ,

370 910 563 953 rascent,
601 906 714 946 sicut
751 911 925 946 vestem
962 905 1171 954 mutabis,
1210 911 1256 946 et
1294 905 1585 946 mutabuntur
1601 903 1635 945 :''
1675 915 1859 955 compa-

370 973 525 1007 rantur
561 967 774 1016 vestibus‚
818 969 920 1021 quia
959 967 1179 1008 “vestes”
1215 967 1468 1020 significant
1507 980 1613 1007 vera
1652 972 1858 1015 externa,

371 1043 484 1082 quae
515 1029 601 1069 illis
634 1030 706 1082 qui
738 1030 781 1069 in
814 1030 946 1081 priori
979 1029 1105 1070 caelo
1137 1036 1182 1070 et
1221 1030 1263 1070 in
1296 1030 1427 1082 priori
1458 1035 1590 1078 terra,
1624 1041 1738 1082 quae
1770 1039 1860 1068 non

371 1098 652 1144 permanent,
682 1092 783 1145 quia
814 1093 856 1132 in
883 1093 997 1132 veris
1026 1092 1213 1133 internis
1245 1105 1334 1132 non
1366 1098 1499 1132 sunt:
1538 1097 1685 1132 status
1711 1089 1862 1130 Divini

371 1153 494 1202 Veri,
521 1154 639 1207 quod
666 1168 692 1195 a
714 1154 910 1195 Domino
932 1155 975 1194 in
998 1161 1231 1195 aeternum
1255 1166 1591 1207 permansurum
1614 1159 1697 1202 est,
1722 1152 1860 1206 signi-

372 1215 530 1257 ficatur
569 1230 645 1269 per
681 1216 787 1257 “Tu
824 1217 1058 1269 perstabis,
1093 1223 1138 1257 et
1176 1217 1244 1257 Tu
1281 1211 1413 1264 idem,
1447 1223 1493 1257 et
1530 1216 1634 1256 anni
1670 1215 1734 1256 tui
1769 1227 1860 1255 non

371 1284 693 1320 consumentur
710 1279 743 1330 ;’'
775 1293 853 1332 per
872 1283 1054 1320 “annos
1078 1279 1191 1319 Dei’'
1214 1279 1522 1332 significantur
1544 1284 1688 1320 status
1711 1277 1861 1318 Divini
1917 1303 1919 1305 -

373 1341 507 1382 Veri:
544 1342 657 1382 “filii
685 1355 913 1383 servorum
940 1347 1118 1382 tuorum
1144 1341 1426 1391 habitabunt,
1455 1348 1500 1382 et
1527 1354 1680 1381 semen
1704 1352 1860 1380 eorum

373 1417 523 1444 coram
543 1404 608 1444 Te
631 1404 919 1453 stabilietur,'’
938 1403 1160 1457 significat
1183 1404 1302 1457 quod
1326 1404 1499 1457 angelis
1521 1410 1567 1444 et
1589 1403 1857 1451 hominibus,

377 1467 450 1520 qui
473 1468 754 1519 receptiones
778 1467 927 1508 Divini
950 1467 1057 1508 Veri
1081 1473 1198 1516 sunt,
1223 1468 1316 1508 vita
1338 1474 1521 1508 aeterna
1542 1467 1640 1515 erit,
1664 1479 1715 1507 ac
1741 1465 1862 1519 quod

374 1543 480 1569 vera
517 1528 747 1570 doetrinae
782 1530 901 1582 apud
938 1529 1038 1570 illos
1074 1530 1118 1570 in
1155 1535 1386 1570 aeternum
1424 1542 1712 1582 permansura
1743 1530 1859 1580 sint}

376 1592 488 1633 “filii
516 1606 743 1633 servorum
771 1593 854 1633 Dei
867 1593 886 1607 '’
911 1599 1015 1634 sunt
1041 1593 1191 1646 angeli
1222 1599 1268 1634 et
1294 1593 1510 1642 homines,
1539 1593 1611 1647 qui
1635 1593 1859 1645 receptio·

374 1669 454 1696 nes
479 1656 627 1696 Divini
652 1655 759 1696 Veri
782 1662 910 1706 sunt;
943 1669 993 1696 ac
1019 1659 1214 1697 “semen
1237 1669 1389 1696 eorum
1401 1655 1420 1671 ”
1441 1662 1545 1697 sunt
1567 1669 1672 1698 vera
1693 1653 1861 1697 doetri-

375 1732 472 1759 nae.
534 1718 672 1772 Apud
699 1719 906 1767 eundem,

439 1808 597 1839 “Semen
619 1809 712 1849 quod
733 1809 863 1840 serviet
884 1808 956 1849 Ipsi
977 1809 1221 1840 numerabitur
1242 1808 1397 1840 Domino
1417 1809 1452 1840 in
1472 1807 1770 1849 generationem”
1789 1807 1862 1848 (Ps.

551 1852 632 1883 xxii.
651 1860 690 1891 31
712 1850 769 1894 [B.
786 1853 831 1884 A.
849 1850 940 1893 30]):

373 1939 443 1980 hic
472 1953 647 1993 quoque
673 1940 728 1980 de
756 1940 978 1990 Domino;
1011 1946 1057 1981 et
1086 1954 1163 1993 per
1191 1944 1381 1981 “semen
1408 1940 1526 1994 quod
1553 1940 1716 1981 serviet
1741 1939 1863 1993 Ipsi'”

373 2002 685 2055 intelliguntur
716 2003 789 2056 qui
814 2004 858 2043 in
884 2004 998 2043 veris
1025 2001 1253 2044 doetrinae
1280 2017 1338 2043 ex
1365 2003 1519 2044 Verbo
1544 2009 1673 2043 sunt:
1712 2009 1758 2044 et
1779 2016 1863 2055 per

377 2065 719 2105 “numerabitur
746 2065 942 2106 Domino
971 2066 1015 2106 in
1047 2067 1385 2118 generationem
1398 2065 1416 2080 ’¹
1442 2065 1716 2118 significatur
1741 2065 1860 2119 quod

375 2126 517 2179 Ipsius
549 2133 678 2168 erunt
716 2127 759 2167 in
796 2134 1055 2178 aeternum;
1098 2128 1386 2168 “numerari”
1418 2127 1638 2180 significat
1668 2127 1863 2168 ordinari

375 2195 421 2230 et
448 2189 636 2241 disponi,
664 2189 733 2230 hic
760 2190 1041 2230 adnumerari
1068 2203 1144 2230 seu
1170 2189 1311 2242 adjici,
1339 2191 1402 2230 ita
1427 2203 1523 2231 esse
1551 2189 1716 2242 Ipsius:
1841 2217 1843 2219 ·
1892 2216 1910 2229 s

456 2256 536 2310 [0.]
581 2257 634 2296 In
657 2256 814 2296 Verbo
840 2257 884 2296 in
909 2256 1112 2309 plurimis
1140 2257 1251 2298 locis
1273 2257 1452 2306 dicitur,
1478 2261 1502 2278 “
1519 2256 1686 2298 Semen
1708 2256 1862 2297 Abra-

371 2317 530 2366 hami,”
559 2321 583 2337 “
601 2317 745 2358 Isaci’'
771 2324 818 2358 et
848 2317 1080 2370 “Jacobi,”
1106 2324 1201 2358 tum
1231 2321 1422 2358 “semen
1455 2317 1632 2358 Israelis
1649 2317 1682 2368 ;”
1713 2324 1758 2358 et
1785 2330 1864 2370 per

372 2380 415 2420 id
447 2381 490 2420 in
523 2393 655 2420 sensu
685 2380 864 2421 litterae
899 2379 1112 2420 historico
1137 2380 1402 2433 intelligitur
1427 2380 1666 2432 posteritas
1691 2381 1860 2428 eorum,

375 2443 454 2483 sed
498 2443 541 2483 in
587 2457 718 2483 sensu
761 2442 977 2496 spirituali
1021 2442 1287 2495 intelligitur
1328 2443 1539 2483 Divinum
1580 2442 1765 2490 Verum,
1809 2455 1860 2483 ac

375 2518 529 2546 verum
562 2503 791 2545 doetrinae
823 2518 882 2545 ex
911 2504 1079 2552 Verbo,
1108 2519 1166 2545 ex
1199 2518 1346 2553 causa,
1375 2505 1476 2558 quia
1506 2518 1584 2557 per
1612 2503 1877 2557 “Abraha-·

373 2567 537 2616 mum‚'’
566 2571 590 2587 ‘¹
608 2567 823 2615 Isaeum,'’
852 2566 1132 2620 “Jacobum'’
1158 2573 1204 2608 et
1234 2566 1521 2607 “Israelem'’
1546 2567 1590 2607 in
1618 2567 1703 2607 hoc
1729 2580 1871 2608 sensu·

376 2630 642 2682 intelligitur
669 2630 902 2678 Dominus,
927 2636 976 2670 ut
1002 2636 1212 2671 constare
1238 2636 1390 2682 potest
1417 2644 1475 2670 ex
1503 2629 1612 2671 locis
1636 2630 1680 2670 in
1706 2629 1862 2671 Verbo

375 2693 448 2733 ubi
473 2692 535 2732 illi
563 2694 876 2743 nominantur;
910 2699 958 2733 ut
984 2693 1041 2733 ab
1066 2692 1168 2741 hoc,

447 2786 551 2827 Quod
566 2786 703 2817 venturi
723 2786 794 2817 sint
807 2787 851 2816 ab
868 2786 1005 2817 oriente
1018 2796 1128 2826 usque
1142 2791 1176 2817 et
1193 2786 1384 2824 occidente,
1399 2792 1433 2817 et
1450 2786 1640 2817 accubituri
1657 2796 1735 2818 cum
1749 2785 1862 2817 Abra-

547 2830 664 2867 hamo,
685 2829 785 2860 Isaeo
802 2835 838 2860 et
853 2829 989 2871 Jacobo
1007 2830 1042 2860 in
1061 2839 1170 2870 regno
1187 2830 1364 2861 caelorum
1381 2829 1524 2869 (Matth.
1541 2830 1612 2861 viii.
1632 2831 1704 2869 11);

375 2930 454 2969 per
475 2917 594 2970 quod
617 2916 882 2969 intelligitur
903 2917 1021 2970 quod
1044 2917 1210 2958 fruituri
1232 2917 1351 2957 bono
1374 2917 1557 2958 caelesti
1583 2931 1609 2958 a
1635 2917 1856 2958 Domino:

374 2979 436 3020 ita
458 2993 632 3033 quoque
650 2979 777 3020 alibi:
813 2986 857 3020 et
881 2981 981 3033 quia
1005 2980 1222 3021 Dominus
1245 2992 1322 3033 per
1339 2979 1438 3020 illos
1461 2981 1503 3020 in
1525 2993 1658 3021 sensu
1679 2980 1858 3021 interno
1905 2983 1907 2985 ’
