<?xml version="1.0" encoding="UTF-8"?>
<!DOCTYPE html PUBLIC "-//W3C//DTD XHTML 1.0 Transitional//EN"
    "http://www.w3.org/TR/xhtml1/DTD/xhtml1-transitional.dtd">
<html xmlns="http://www.w3.org/1999/xhtml" xml:lang="en" lang="en">
 <head>
  <title>
</title>
<meta http-equiv="Content-Type" content="text/html;charset=utf-8" />
  <meta name='ocr-system' content='tesseract 3.04.00' />
  <meta name='ocr-capabilities' content='ocr_page ocr_carea ocr_par ocr_line ocrx_word'/>
</head>
<body>
  <div class='ocr_page' id='page_1' title='image "apocalypsisexpli04sweduoft_0161.png"; bbox 0 0 2054 3464; ppageno 0'>
   <div class='ocr_carea' id='block_1_1' title="bbox 0 0 428 572">
    <p class='ocr_par' dir='ltr' id='par_1_1' title="bbox 0 0 428 572">
     <span class='ocr_line' id='line_1_1' title="bbox 0 0 428 572; baseline 0 0"><span class='ocrx_word' id='word_1_1' title='bbox 0 0 428 572; x_wconf 95' lang='lat' dir='ltr'><strong>   </strong></span> 
     </span>
    </p>
   </div>
   <div class='ocr_carea' id='block_1_2' title="bbox 612 364 1705 420">
    <p class='ocr_par' dir='ltr' id='par_1_2' title="bbox 612 364 1705 420">
     <span class='ocr_line' id='line_1_2' title="bbox 612 364 1705 420; baseline 0 -13"><span class='ocrx_word' id='word_1_2' title='bbox 612 375 718 408; x_wconf 87' lang='lat' dir='ltr'>CAP.</span> <span class='ocrx_word' id='word_1_3' title='bbox 744 375 847 416; x_wconf 88' lang='lat' dir='ltr'>X11.,</span> <span class='ocrx_word' id='word_1_4' title='bbox 871 375 1009 408; x_wconf 80' lang='lat' dir='ltr'><strong>VERs.</strong></span> <span class='ocrx_word' id='word_1_5' title='bbox 1034 367 1181 408; x_wconf 88' lang='lat' dir='ltr'>8.-—N.</span> <span class='ocrx_word' id='word_1_6' title='bbox 1205 375 1301 420; x_wconf 85' lang='lat'>737.</span> <span class='ocrx_word' id='word_1_7' title='bbox 1594 364 1705 418; x_wconf 89' lang='lat'><strong>2063</strong></span> 
     </span>
    </p>
   </div>
   <div class='ocr_carea' id='block_1_3' title="bbox 208 485 1711 543">
    <p class='ocr_par' dir='ltr' id='par_1_3' title="bbox 208 485 1711 543">
     <span class='ocr_line' id='line_1_3' title="bbox 208 485 1711 543; baseline -0.003 -11"><span class='ocrx_word' id='word_1_8' title='bbox 208 487 468 543; x_wconf 55' lang='lat' dir='ltr'><strong>conjunctio</strong></span> <span class='ocrx_word' id='word_1_9' title='bbox 493 487 592 531; x_wconf 87' lang='lat' dir='ltr'><strong>falsi</strong></span> <span class='ocrx_word' id='word_1_10' title='bbox 623 494 670 530; x_wconf 90' lang='lat' dir='ltr'><strong>et</strong></span> <span class='ocrx_word' id='word_1_11' title='bbox 703 487 809 529; x_wconf 90' lang='lat' dir='ltr'><strong>mali</strong></span> <span class='ocrx_word' id='word_1_12' title='bbox 841 487 948 530; x_wconf 87' lang='lat' dir='ltr'><strong>facit</strong></span> <span class='ocrx_word' id='word_1_13' title='bbox 975 488 1197 529; x_wconf 87' lang='lat' dir='ltr'><strong>infernum</strong></span> <span class='ocrx_word' id='word_1_14' title='bbox 1223 487 1342 542; x_wconf 87' lang='lat' dir='ltr'><strong>apud</strong></span> <span class='ocrx_word' id='word_1_15' title='bbox 1374 486 1513 528; x_wconf 88' lang='lat' dir='ltr'><strong>illum.</strong></span> <span class='ocrx_word' id='word_1_16' title='bbox 1576 485 1711 540; x_wconf 83' lang='lat' dir='ltr'><strong>Quod</strong></span> 
     </span>
    </p>
   </div>
   <div class='ocr_carea' id='block_1_4' title="bbox 9 543 1711 607">
    <p class='ocr_par' dir='ltr' id='par_1_4' title="bbox 9 539 1711 607">
     <span class='ocr_line' id='line_1_4' title="bbox 9 543 1711 607; baseline 0.003 -16"><span class='ocrx_word' id='word_1_17' title='bbox 9 543 11 546; x_wconf 40' lang='lat'><strong><em>¹</em></strong></span> <span class='ocrx_word' id='word_1_18' title='bbox 207 552 296 595; x_wconf 84' lang='lat' dir='ltr'><strong>illis</strong></span> <span class='ocrx_word' id='word_1_19' title='bbox 332 566 424 595; x_wconf 88' lang='lat' dir='ltr'><strong>non</strong></span> <span class='ocrx_word' id='word_1_20' title='bbox 461 552 611 607; x_wconf 86' lang='lat' dir='ltr'><strong>aliqua</strong></span> <span class='ocrx_word' id='word_1_21' title='bbox 647 553 846 605; x_wconf 88' lang='lat' dir='ltr'><strong>genuina</strong></span> <span class='ocrx_word' id='word_1_22' title='bbox 882 566 990 592; x_wconf 89' lang='lat' dir='ltr'><strong>vera</strong></span> <span class='ocrx_word' id='word_1_23' title='bbox 1026 552 1130 601; x_wconf 85' lang='lat' dir='ltr'><strong>sint,</strong></span> <span class='ocrx_word' id='word_1_24' title='bbox 1169 557 1240 593; x_wconf 85' lang='lat' dir='ltr'><strong>est</strong></span> <span class='ocrx_word' id='word_1_25' title='bbox 1281 551 1385 605; x_wconf 89' lang='lat' dir='ltr'><strong>quia</strong></span> <span class='ocrx_word' id='word_1_26' title='bbox 1421 550 1573 592; x_wconf 87' lang='lat' dir='ltr'><strong>omnia</strong></span> <span class='ocrx_word' id='word_1_27' title='bbox 1609 549 1711 591; x_wconf 79' lang='lat' dir='ltr'><strong>fidei</strong></span> 
     </span>
    </p>
   </div>
   <div class='ocr_carea' id='block_1_5' title="bbox 206 613 1714 859">
    <p class='ocr_par' dir='ltr' id='par_1_5' title="bbox 206 613 1714 859">
     <span class='ocr_line' id='line_1_5' title="bbox 207 613 1711 666; baseline -0.003 -8"><span class='ocrx_word' id='word_1_28' title='bbox 207 629 364 659; x_wconf 87' lang='lat' dir='ltr'><strong>eorum</strong></span> <span class='ocrx_word' id='word_1_29' title='bbox 399 628 460 658; x_wconf 83' lang='lat' dir='ltr'><strong>ex</strong></span> <span class='ocrx_word' id='word_1_30' title='bbox 497 629 632 657; x_wconf 91' lang='lat' dir='ltr'><strong>sensu</strong></span> <span class='ocrx_word' id='word_1_31' title='bbox 669 614 848 656; x_wconf 86' lang='lat' dir='ltr'><strong>litterae</strong></span> <span class='ocrx_word' id='word_1_32' title='bbox 881 614 1022 656; x_wconf 87' lang='lat' dir='ltr'>Verbi</span> <span class='ocrx_word' id='word_1_33' title='bbox 1059 621 1191 666; x_wconf 83' lang='lat' dir='ltr'><strong>sunt3</strong></span> <span class='ocrx_word' id='word_1_34' title='bbox 1236 621 1283 656; x_wconf 89' lang='lat' dir='ltr'><strong>et</strong></span> <span class='ocrx_word' id='word_1_35' title='bbox 1320 627 1410 655; x_wconf 91' lang='lat' dir='ltr'><strong>non</strong></span> <span class='ocrx_word' id='word_1_36' title='bbox 1443 613 1711 666; x_wconf 89' lang='lat' dir='ltr'><strong>expendunt</strong></span> 
     </span>
     <span class='ocr_line' id='line_1_6' title="bbox 208 677 1712 735; baseline -0.003 -14"><span class='ocrx_word' id='word_1_37' title='bbox 208 679 332 735; x_wconf 90' lang='lat' dir='ltr'><strong>quod</strong></span> <span class='ocrx_word' id='word_1_38' title='bbox 362 679 441 721; x_wconf 89' lang='lat' dir='ltr'><strong>illa</strong></span> <span class='ocrx_word' id='word_1_39' title='bbox 470 693 591 728; x_wconf 89' lang='lat' dir='ltr'><strong>vera,</strong></span> <span class='ocrx_word' id='word_1_40' title='bbox 620 692 735 733; x_wconf 88' lang='lat' dir='ltr'><strong>quae</strong></span> <span class='ocrx_word' id='word_1_41' title='bbox 766 679 811 719; x_wconf 89' lang='lat' dir='ltr'><strong>in</strong></span> <span class='ocrx_word' id='word_1_42' title='bbox 843 692 899 719; x_wconf 89' lang='lat' dir='ltr'><strong>eo</strong></span> <span class='ocrx_word' id='word_1_43' title='bbox 930 692 1065 719; x_wconf 91' lang='lat' dir='ltr'><strong>sensu</strong></span> <span class='ocrx_word' id='word_1_44' title='bbox 1097 678 1238 719; x_wconf 88' lang='lat' dir='ltr'>Verbi</span> <span class='ocrx_word' id='word_1_45' title='bbox 1270 684 1390 727; x_wconf 89' lang='lat' dir='ltr'><strong>sunt,</strong></span> <span class='ocrx_word' id='word_1_46' title='bbox 1418 677 1712 730; x_wconf 85' lang='lat' dir='ltr'>apparentiae</span> 
     </span>
     <span class='ocr_line' id='line_1_7' title="bbox 206 739 1713 795; baseline -0.002 -11"><span class='ocrx_word' id='word_1_47' title='bbox 206 742 302 784; x_wconf 88' lang='lat' dir='ltr'><strong>veri</strong></span> <span class='ocrx_word' id='word_1_48' title='bbox 327 742 445 794; x_wconf 83' lang='lat' dir='ltr'><strong>sint3</strong></span> <span class='ocrx_word' id='word_1_49' title='bbox 483 748 530 792; x_wconf 83' lang='lat' dir='ltr'><strong>et</strong></span> <span class='ocrx_word' id='word_1_50' title='bbox 561 755 638 783; x_wconf 87' lang='lat' dir='ltr'><strong>eas</strong></span> <span class='ocrx_word' id='word_1_51' title='bbox 668 755 749 795; x_wconf 92' lang='lat' dir='ltr'><strong>pro</strong></span> <span class='ocrx_word' id='word_1_52' title='bbox 774 742 881 795; x_wconf 91' lang='lat' dir='ltr'><strong>ipsis</strong></span> <span class='ocrx_word' id='word_1_53' title='bbox 906 741 1022 782; x_wconf 85' lang='lat' dir='ltr'><strong>veris</strong></span> <span class='ocrx_word' id='word_1_54' title='bbox 1048 755 1276 782; x_wconf 86' lang='lat' dir='ltr'>assumere</span> <span class='ocrx_word' id='word_1_55' title='bbox 1302 747 1349 782; x_wconf 90' lang='lat' dir='ltr'><strong>et</strong></span> <span class='ocrx_word' id='word_1_56' title='bbox 1376 739 1617 782; x_wconf 83' lang='lat' dir='ltr'><strong>defendere</strong></span> <span class='ocrx_word' id='word_1_57' title='bbox 1642 746 1713 781; x_wconf 92' lang='lat' dir='ltr'><strong>est</strong></span> 
     </span>
     <span class='ocr_line' id='line_1_8' title="bbox 207 805 1714 859; baseline -0.002 -11"><span class='ocrx_word' id='word_1_58' title='bbox 207 805 416 848; x_wconf 87' lang='lat' dir='ltr'><strong>Verbum</strong></span> <span class='ocrx_word' id='word_1_59' title='bbox 447 805 706 854; x_wconf 85' lang='lat' dir='ltr'><strong>falsificare,</strong></span> <span class='ocrx_word' id='word_1_60' title='bbox 735 805 989 846; x_wconf 89' lang='lat' dir='ltr'><strong>secundum</strong></span> <span class='ocrx_word' id='word_1_61' title='bbox 1021 805 1100 846; x_wconf 90' lang='lat' dir='ltr'><strong>illa</strong></span> <span class='ocrx_word' id='word_1_62' title='bbox 1131 819 1246 859; x_wconf 87' lang='lat' dir='ltr'><strong>quae</strong></span> <span class='ocrx_word' id='word_1_63' title='bbox 1278 819 1414 859; x_wconf 87' lang='lat' dir='ltr'><strong>supra</strong></span> <span class='ocrx_word' id='word_1_64' title='bbox 1444 813 1714 857; x_wconf 87' lang='lat' dir='ltr'><strong>(n.715,719.</strong></span> 
     </span>
    </p>
   </div>
   <div class='ocr_carea' id='block_1_6' title="bbox 135 867 1713 924">
    <p class='ocr_par' dir='ltr' id='par_1_6' title="bbox 135 867 1713 924">
     <span class='ocr_line' id='line_1_9' title="bbox 135 867 1713 924; baseline -0.003 -12"><span class='ocrx_word' id='word_1_65' title='bbox 135 881 142 896; x_wconf 80' lang='lat'><strong><em>‘</em></strong></span> <span class='ocrx_word' id='word_1_66' title='bbox 208 879 310 924; x_wconf 86' lang='lat'>720)</span> <span class='ocrx_word' id='word_1_67' title='bbox 340 868 464 912; x_wconf 64' lang='lat' dir='ltr'><strong>dieta</strong></span> <span class='ocrx_word' id='word_1_68' title='bbox 498 875 621 910; x_wconf 89' lang='lat' dir='ltr'><strong>sunt.</strong></span> <span class='ocrx_word' id='word_1_69' title='bbox 694 869 809 910; x_wconf 91' lang='lat' dir='ltr'><strong>Inde</strong></span> <span class='ocrx_word' id='word_1_70' title='bbox 846 881 965 909; x_wconf 92' lang='lat' dir='ltr'><strong>nunc</strong></span> <span class='ocrx_word' id='word_1_71' title='bbox 1002 874 1073 909; x_wconf 92' lang='lat' dir='ltr'><strong>est</strong></span> <span class='ocrx_word' id='word_1_72' title='bbox 1111 869 1233 922; x_wconf 92' lang='lat' dir='ltr'><strong>quod</strong></span> <span class='ocrx_word' id='word_1_73' title='bbox 1267 869 1447 909; x_wconf 87' lang='lat' dir='ltr'><strong>“draco</strong></span> <span class='ocrx_word' id='word_1_74' title='bbox 1483 880 1585 909; x_wconf 90' lang='lat' dir='ltr'><strong>cum</strong></span> <span class='ocrx_word' id='word_1_75' title='bbox 1621 867 1713 907; x_wconf 91' lang='lat' dir='ltr'><strong>suis</strong></span> 
     </span>
    </p>
   </div>
   <div class='ocr_carea' id='block_1_7' title="bbox 206 931 1717 1051">
    <p class='ocr_par' dir='ltr' id='par_1_7' title="bbox 206 931 1717 1051">
     <span class='ocr_line' id='line_1_10' title="bbox 206 931 1717 991; baseline -0.003 -14"><span class='ocrx_word' id='word_1_76' title='bbox 206 933 385 988; x_wconf 84' lang='lat' dir='ltr'><strong>angelis</strong></span> <span class='ocrx_word' id='word_1_77' title='bbox 407 932 633 991; x_wconf 66' lang='lat' dir='ltr'><strong>projec‘tus</strong></span> <span class='ocrx_word' id='word_1_78' title='bbox 655 934 713 974; x_wconf 86' lang='lat' dir='ltr'><strong>sit</strong></span> <span class='ocrx_word' id='word_1_79' title='bbox 739 947 764 974; x_wconf 91' lang='lat' dir='ltr'><strong>e</strong></span> <span class='ocrx_word' id='word_1_80' title='bbox 791 933 920 974; x_wconf 88' lang='lat' dir='ltr'><strong>caelo</strong></span> <span class='ocrx_word' id='word_1_81' title='bbox 942 934 986 974; x_wconf 92' lang='lat' dir='ltr'><strong>in</strong></span> <span class='ocrx_word' id='word_1_82' title='bbox 1009 933 1215 974; x_wconf 88' lang='lat' dir='ltr'><strong>terram.’‘</strong></span> <span class='ocrx_word' id='word_1_83' title='bbox 1275 932 1410 986; x_wconf 84' lang='lat' dir='ltr'><strong>Quod</strong></span> <span class='ocrx_word' id='word_1_84' title='bbox 1436 936 1564 973; x_wconf 91' lang='lat' dir='ltr'><strong>“non</strong></span> <span class='ocrx_word' id='word_1_85' title='bbox 1588 931 1717 990; x_wconf 78' lang='lat' dir='ltr'><strong>locus</strong></span> 
     </span>
     <span class='ocr_line' id='line_1_11' title="bbox 208 990 1713 1051; baseline -0.003 -11"><span class='ocrx_word' id='word_1_86' title='bbox 208 997 400 1051; x_wconf 83' lang='lat' dir='ltr'><strong>amplius</strong></span> <span class='ocrx_word' id='word_1_87' title='bbox 437 1010 594 1038; x_wconf 90' lang='lat' dir='ltr'><strong>eorum</strong></span> <span class='ocrx_word' id='word_1_88' title='bbox 625 990 838 1038; x_wconf 88' lang='lat' dir='ltr'><strong>inventus</strong></span> <span class='ocrx_word' id='word_1_89' title='bbox 876 997 934 1038; x_wconf 89' lang='lat' dir='ltr'><strong>sit</strong></span> <span class='ocrx_word' id='word_1_90' title='bbox 971 997 1016 1038; x_wconf 87' lang='lat' dir='ltr'><strong>in</strong></span> <span class='ocrx_word' id='word_1_91' title='bbox 1054 995 1220 1038; x_wconf 91' lang='lat' dir='ltr'><strong>caelo’&#39;</strong></span> <span class='ocrx_word' id='word_1_92' title='bbox 1251 995 1476 1050; x_wconf 86' lang='lat' dir='ltr'><strong>significet</strong></span> <span class='ocrx_word' id='word_1_93' title='bbox 1510 995 1631 1050; x_wconf 90' lang='lat' dir='ltr'><strong>quod</strong></span> <span class='ocrx_word' id='word_1_94' title='bbox 1669 996 1713 1035; x_wconf 90' lang='lat' dir='ltr'><strong>in</strong></span> 
     </span>
    </p>
   </div>
   <div class='ocr_carea' id='block_1_8' title="bbox 100 1052 1714 1180">
    <p class='ocr_par' dir='ltr' id='par_1_8' title="bbox 100 1052 1714 1180">
     <span class='ocr_line' id='line_1_12' title="bbox 100 1052 1714 1114; baseline -0.002 -11"><span class='ocrx_word' id='word_1_95' title='bbox 100 1077 102 1084; x_wconf 95' lang='lat'><em>·</em></span> <span class='ocrx_word' id='word_1_96' title='bbox 144 1087 147 1098; x_wconf 64' lang='grc' dir='ltr'>ι</span> <span class='ocrx_word' id='word_1_97' title='bbox 209 1052 347 1103; x_wconf 83' lang='lat' dir='ltr'><strong>caelis</strong></span> <span class='ocrx_word' id='word_1_98' title='bbox 372 1061 562 1114; x_wconf 89' lang='lat' dir='ltr'><strong>posthac</strong></span> <span class='ocrx_word' id='word_1_99' title='bbox 596 1073 687 1101; x_wconf 92' lang='lat' dir='ltr'><strong>non</strong></span> <span class='ocrx_word' id='word_1_100' title='bbox 719 1059 853 1101; x_wconf 92' lang='lat' dir='ltr'><strong>detur</strong></span> <span class='ocrx_word' id='word_1_101' title='bbox 883 1059 1011 1101; x_wconf 89' lang='lat' dir='ltr'><strong>locus</strong></span> <span class='ocrx_word' id='word_1_102' title='bbox 1037 1060 1400 1112; x_wconf 86' lang='lat' dir='ltr'><strong>correspondens</strong></span> <span class='ocrx_word' id='word_1_103' title='bbox 1426 1059 1566 1100; x_wconf 86' lang='lat' dir='ltr'><strong>statui</strong></span> <span class='ocrx_word' id='word_1_104' title='bbox 1592 1059 1714 1099; x_wconf 86' lang='lat' dir='ltr'><strong>vitae</strong></span> 
     </span>
     <span class='ocr_line' id='line_1_13' title="bbox 147 1122 1714 1180; baseline -0.003 -15"><span class='ocrx_word' id='word_1_105' title='bbox 147 1161 150 1170; x_wconf 91' lang='grc'><em>,</em></span> <span class='ocrx_word' id='word_1_106' title='bbox 209 1136 379 1174; x_wconf 90' lang='lat' dir='ltr'><strong>eorum,</strong></span> <span class='ocrx_word' id='word_1_107' title='bbox 406 1130 476 1165; x_wconf 89' lang='lat' dir='ltr'><strong>est</strong></span> <span class='ocrx_word' id='word_1_108' title='bbox 509 1123 612 1180; x_wconf 90' lang='lat' dir='ltr'><strong>quia</strong></span> <span class='ocrx_word' id='word_1_109' title='bbox 644 1123 796 1164; x_wconf 84' lang='lat' dir='ltr'><strong>omnia</strong></span> <span class='ocrx_word' id='word_1_110' title='bbox 828 1123 930 1164; x_wconf 89' lang='lat' dir='ltr'><strong>loca</strong></span> <span class='ocrx_word' id='word_1_111' title='bbox 960 1123 1005 1163; x_wconf 92' lang='lat' dir='ltr'><strong>in</strong></span> <span class='ocrx_word' id='word_1_112' title='bbox 1038 1122 1175 1163; x_wconf 90' lang='lat' dir='ltr'><strong>caelis</strong></span> <span class='ocrx_word' id='word_1_113' title='bbox 1207 1122 1567 1175; x_wconf 87' lang='lat' dir='ltr'><strong>correspondent</strong></span> <span class='ocrx_word' id='word_1_114' title='bbox 1593 1122 1714 1162; x_wconf 88' lang='lat' dir='ltr'><strong>vitae</strong></span> 
     </span>
    </p>
   </div>
   <div class='ocr_carea' id='block_1_9' title="bbox 209 1184 1713 1240">
    <p class='ocr_par' dir='ltr' id='par_1_9' title="bbox 209 1184 1713 1240">
     <span class='ocr_line' id='line_1_14' title="bbox 209 1184 1713 1240; baseline -0.003 -12"><span class='ocrx_word' id='word_1_115' title='bbox 209 1186 502 1240; x_wconf 80' lang='lat' dir='ltr'><strong>angelorum3</strong></span> <span class='ocrx_word' id='word_1_116' title='bbox 535 1185 640 1228; x_wconf 89' lang='lat' dir='ltr'><strong>inde</strong></span> <span class='ocrx_word' id='word_1_117' title='bbox 667 1193 738 1228; x_wconf 88' lang='lat' dir='ltr'><strong>est</strong></span> <span class='ocrx_word' id='word_1_118' title='bbox 763 1186 885 1240; x_wconf 89' lang='lat' dir='ltr'><strong>quod</strong></span> <span class='ocrx_word' id='word_1_119' title='bbox 911 1189 936 1206; x_wconf 93' lang='lat'>“</span> <span class='ocrx_word' id='word_1_120' title='bbox 953 1184 1110 1227; x_wconf 88' lang='lat' dir='ltr'><strong>locus”</strong></span> <span class='ocrx_word' id='word_1_121' title='bbox 1131 1184 1357 1238; x_wconf 88' lang='lat' dir='ltr'><strong>significet</strong></span> <span class='ocrx_word' id='word_1_122' title='bbox 1383 1190 1554 1226; x_wconf 90' lang='lat' dir='ltr'><strong>statum</strong></span> <span class='ocrx_word' id='word_1_123' title='bbox 1577 1185 1713 1233; x_wconf 88' lang='lat' dir='ltr'><strong>vitae,</strong></span> 
     </span>
    </p>
   </div>
   <div class='ocr_carea' id='block_1_10' title="bbox 128 1248 1714 1310">
    <p class='ocr_par' dir='ltr' id='par_1_10' title="bbox 68 1248 1714 1310">
     <span class='ocr_line' id='line_1_15' title="bbox 128 1248 1714 1310; baseline -0.002 -18.146"><span class='ocrx_word' id='word_1_124' title='bbox 128 1272 142 1310; x_wconf 34' lang='lat'><strong>⁷·</strong></span> <span class='ocrx_word' id='word_1_125' title='bbox 209 1255 262 1292; x_wconf 86' lang='lat' dir='ltr'><strong>ut</strong></span> <span class='ocrx_word' id='word_1_126' title='bbox 285 1264 423 1310; x_wconf 87' lang='lat' dir='ltr'><strong>supra</strong></span> <span class='ocrx_word' id='word_1_127' title='bbox 448 1261 494 1300; x_wconf 86' lang='lat' dir='ltr'><strong>(n.</strong></span> <span class='ocrx_word' id='word_1_128' title='bbox 511 1260 611 1304; x_wconf 90' lang='lat'>731)</span> <span class='ocrx_word' id='word_1_129' title='bbox 637 1250 808 1291; x_wconf 70' lang='lat' dir='ltr'><strong>dictum</strong></span> <span class='ocrx_word' id='word_1_130' title='bbox 831 1257 930 1301; x_wconf 86' lang='lat' dir='ltr'><strong>est;</strong></span> <span class='ocrx_word' id='word_1_131' title='bbox 961 1255 1009 1291; x_wconf 90' lang='lat' dir='ltr'><strong>et</strong></span> <span class='ocrx_word' id='word_1_132' title='bbox 1035 1250 1142 1304; x_wconf 89' lang='lat' dir='ltr'><strong>quia</strong></span> <span class='ocrx_word' id='word_1_133' title='bbox 1166 1250 1263 1290; x_wconf 88' lang='lat' dir='ltr'><strong>vita</strong></span> <span class='ocrx_word' id='word_1_134' title='bbox 1288 1250 1492 1291; x_wconf 89' lang='lat' dir='ltr'><strong>omnium</strong></span> <span class='ocrx_word' id='word_1_135' title='bbox 1519 1248 1714 1302; x_wconf 87' lang='lat' dir='ltr'><strong>angelo-</strong></span> 
     </span>
    </p>
   </div>
   <div class='ocr_carea' id='block_1_11' title="bbox 181 1313 1718 1943">
    <p class='ocr_par' dir='ltr' id='par_1_11' title="bbox 181 1313 1718 1943">
     <span class='ocr_line' id='line_1_16' title="bbox 181 1313 1716 1368; baseline -0.003 -9"><span class='ocrx_word' id='word_1_136' title='bbox 181 1350 185 1351; x_wconf 15' lang='grc' dir='ltr'><em>γ</em></span> <span class='ocrx_word' id='word_1_137' title='bbox 209 1329 308 1359; x_wconf 87' lang='lat' dir='ltr'><strong>rum</strong></span> <span class='ocrx_word' id='word_1_138' title='bbox 334 1317 378 1358; x_wconf 90' lang='lat' dir='ltr'><strong>in</strong></span> <span class='ocrx_word' id='word_1_139' title='bbox 405 1316 540 1358; x_wconf 80' lang='lat' dir='ltr'><strong>caelis</strong></span> <span class='ocrx_word' id='word_1_140' title='bbox 567 1323 638 1358; x_wconf 89' lang='lat' dir='ltr'><strong>est</strong></span> <span class='ocrx_word' id='word_1_141' title='bbox 662 1317 756 1358; x_wconf 89' lang='lat' dir='ltr'><strong>vita</strong></span> <span class='ocrx_word' id='word_1_142' title='bbox 782 1314 1031 1358; x_wconf 63' lang='lat' dir='ltr'><strong>affectionis</strong></span> <span class='ocrx_word' id='word_1_143' title='bbox 1054 1315 1162 1357; x_wconf 91' lang='lat' dir='ltr'><strong>boni</strong></span> <span class='ocrx_word' id='word_1_144' title='bbox 1188 1321 1235 1356; x_wconf 90' lang='lat' dir='ltr'><strong>et</strong></span> <span class='ocrx_word' id='word_1_145' title='bbox 1257 1316 1363 1364; x_wconf 92' lang='lat' dir='ltr'><strong>veri,</strong></span> <span class='ocrx_word' id='word_1_146' title='bbox 1388 1321 1435 1356; x_wconf 91' lang='lat' dir='ltr'><strong>et</strong></span> <span class='ocrx_word' id='word_1_147' title='bbox 1461 1313 1548 1355; x_wconf 89' lang='lat' dir='ltr'><strong>illis</strong></span> <span class='ocrx_word' id='word_1_148' title='bbox 1574 1314 1648 1368; x_wconf 88' lang='lat' dir='ltr'><strong>qui</strong></span> <span class='ocrx_word' id='word_1_149' title='bbox 1671 1315 1716 1354; x_wconf 88' lang='lat' dir='ltr'><strong>in</strong></span> 
     </span>
     <span class='ocr_line' id='line_1_17' title="bbox 210 1376 1717 1434; baseline -0.003 -13"><span class='ocrx_word' id='word_1_150' title='bbox 210 1378 309 1421; x_wconf 88' lang='lat' dir='ltr'><strong>sola</strong></span> <span class='ocrx_word' id='word_1_151' title='bbox 338 1378 427 1421; x_wconf 91' lang='lat' dir='ltr'><strong>fide</strong></span> <span class='ocrx_word' id='word_1_152' title='bbox 458 1385 578 1429; x_wconf 90' lang='lat' dir='ltr'><strong>sunt,</strong></span> <span class='ocrx_word' id='word_1_153' title='bbox 608 1380 682 1434; x_wconf 90' lang='lat' dir='ltr'><strong>qui</strong></span> <span class='ocrx_word' id='word_1_154' title='bbox 714 1393 794 1433; x_wconf 89' lang='lat' dir='ltr'><strong>per</strong></span> <span class='ocrx_word' id='word_1_155' title='bbox 821 1379 1106 1420; x_wconf 82' lang='lat' dir='ltr'><strong>“draconem</strong></span> <span class='ocrx_word' id='word_1_156' title='bbox 1133 1384 1179 1419; x_wconf 92' lang='lat' dir='ltr'><strong>et</strong></span> <span class='ocrx_word' id='word_1_157' title='bbox 1212 1377 1305 1431; x_wconf 88' lang='lat' dir='ltr'><strong>ejus</strong></span> <span class='ocrx_word' id='word_1_158' title='bbox 1336 1376 1557 1430; x_wconf 90' lang='lat' dir='ltr'><strong>angelos’&#39;</strong></span> <span class='ocrx_word' id='word_1_159' title='bbox 1582 1376 1717 1417; x_wconf 88' lang='lat' dir='ltr'><strong>intel-</strong></span> 
     </span>
     <span class='ocr_line' id='line_1_18' title="bbox 202 1443 1715 1500; baseline -0.003 -12"><span class='ocrx_word' id='word_1_160' title='bbox 202 1444 426 1500; x_wconf 80' lang='lat' dir='ltr'><strong>liguntur,</strong></span> <span class='ocrx_word' id='word_1_161' title='bbox 465 1459 556 1488; x_wconf 90' lang='lat' dir='ltr'><strong>non</strong></span> <span class='ocrx_word' id='word_1_162' title='bbox 593 1445 743 1500; x_wconf 88' lang='lat' dir='ltr'><strong>aliqua</strong></span> <span class='ocrx_word' id='word_1_163' title='bbox 779 1444 958 1487; x_wconf 69' lang='lat' dir='ltr'><strong>affecffio</strong></span> <span class='ocrx_word' id='word_1_164' title='bbox 993 1445 1101 1487; x_wconf 91' lang='lat' dir='ltr'><strong>boni</strong></span> <span class='ocrx_word' id='word_1_165' title='bbox 1138 1450 1185 1486; x_wconf 91' lang='lat' dir='ltr'><strong>et</strong></span> <span class='ocrx_word' id='word_1_166' title='bbox 1226 1445 1319 1485; x_wconf 89' lang='lat' dir='ltr'><strong>veri</strong></span> <span class='ocrx_word' id='word_1_167' title='bbox 1360 1450 1444 1493; x_wconf 90' lang='lat' dir='ltr'><strong>est,</strong></span> <span class='ocrx_word' id='word_1_168' title='bbox 1484 1443 1587 1485; x_wconf 89' lang='lat' dir='ltr'><strong>ideo</strong></span> <span class='ocrx_word' id='word_1_169' title='bbox 1623 1457 1715 1485; x_wconf 89' lang='lat' dir='ltr'><strong>non</strong></span> 
     </span>
     <span class='ocr_line' id='line_1_19' title="bbox 211 1508 1717 1563; baseline -0.002 -12"><span class='ocrx_word' id='word_1_170' title='bbox 211 1509 347 1551; x_wconf 89' lang='lat' dir='ltr'><strong>datur</strong></span> <span class='ocrx_word' id='word_1_171' title='bbox 362 1509 488 1553; x_wconf 89' lang='lat' dir='ltr'><strong>locus</strong></span> <span class='ocrx_word' id='word_1_172' title='bbox 505 1510 550 1551; x_wconf 92' lang='lat' dir='ltr'><strong>in</strong></span> <span class='ocrx_word' id='word_1_173' title='bbox 572 1510 709 1552; x_wconf 88' lang='lat' dir='ltr'><strong>caelis</strong></span> <span class='ocrx_word' id='word_1_174' title='bbox 727 1510 1088 1563; x_wconf 90' lang='lat' dir='ltr'><strong>correspondens</strong></span> <span class='ocrx_word' id='word_1_175' title='bbox 1106 1509 1227 1550; x_wconf 92' lang='lat' dir='ltr'><strong>vitae</strong></span> <span class='ocrx_word' id='word_1_176' title='bbox 1246 1521 1416 1549; x_wconf 91' lang='lat' dir='ltr'><strong>eorum.</strong></span> <span class='ocrx_word' id='word_1_177' title='bbox 1478 1508 1717 1549; x_wconf 87' lang='lat' dir='ltr'><strong>Praeterea</strong></span> 
     </span>
     <span class='ocr_line' id='line_1_20' title="bbox 211 1571 1716 1627; baseline -0.003 -12"><span class='ocrx_word' id='word_1_178' title='bbox 211 1585 372 1615; x_wconf 90' lang='lat' dir='ltr'><strong>omnes</strong></span> <span class='ocrx_word' id='word_1_179' title='bbox 395 1573 547 1627; x_wconf 88' lang='lat' dir='ltr'><strong>angeli</strong></span> <span class='ocrx_word' id='word_1_180' title='bbox 569 1575 612 1615; x_wconf 92' lang='lat' dir='ltr'><strong>in</strong></span> <span class='ocrx_word' id='word_1_181' title='bbox 639 1573 776 1616; x_wconf 89' lang='lat' dir='ltr'><strong>caelis</strong></span> <span class='ocrx_word' id='word_1_182' title='bbox 802 1580 908 1615; x_wconf 87' lang='lat' dir='ltr'><strong>sunt</strong></span> <span class='ocrx_word' id='word_1_183' title='bbox 934 1571 1195 1615; x_wconf 72' lang='lat' dir='ltr'><strong>affecffiones</strong></span> <span class='ocrx_word' id='word_1_184' title='bbox 1221 1571 1491 1625; x_wconf 84' lang='lat' dir='ltr'><strong>spirituales,</strong></span> <span class='ocrx_word' id='word_1_185' title='bbox 1520 1578 1567 1612; x_wconf 94' lang='lat' dir='ltr'><strong>et</strong></span> <span class='ocrx_word' id='word_1_186' title='bbox 1594 1572 1716 1625; x_wconf 89' lang='lat' dir='ltr'><strong>quis-</strong></span> 
     </span>
     <span class='ocr_line' id='line_1_21' title="bbox 211 1632 1715 1689; baseline -0.003 -13"><span class='ocrx_word' id='word_1_187' title='bbox 211 1647 303 1689; x_wconf 84' lang='lat' dir='ltr'><strong>que</strong></span> <span class='ocrx_word' id='word_1_188' title='bbox 329 1648 487 1677; x_wconf 90' lang='lat' dir='ltr'><strong>eorum</strong></span> <span class='ocrx_word' id='word_1_189' title='bbox 518 1636 699 1689; x_wconf 86' lang='lat' dir='ltr'><strong>cogitat</strong></span> <span class='ocrx_word' id='word_1_190' title='bbox 730 1649 791 1677; x_wconf 88' lang='lat' dir='ltr'><strong>ex</strong></span> <span class='ocrx_word' id='word_1_191' title='bbox 822 1634 1064 1676; x_wconf 65' lang='lat' dir='ltr'><strong>affectione</strong></span> <span class='ocrx_word' id='word_1_192' title='bbox 1089 1648 1183 1683; x_wconf 87' lang='lat' dir='ltr'><strong>sua,</strong></span> <span class='ocrx_word' id='word_1_193' title='bbox 1210 1640 1258 1675; x_wconf 91' lang='lat' dir='ltr'><strong>et</strong></span> <span class='ocrx_word' id='word_1_194' title='bbox 1284 1633 1534 1674; x_wconf 91' lang='lat' dir='ltr'><strong>secundum</strong></span> <span class='ocrx_word' id='word_1_195' title='bbox 1560 1632 1715 1683; x_wconf 81' lang='lat' dir='ltr'><strong>illam3</strong></span> 
     </span>
     <span class='ocr_line' id='line_1_22' title="bbox 211 1696 1717 1754; baseline -0.003 -14"><span class='ocrx_word' id='word_1_196' title='bbox 211 1698 317 1741; x_wconf 89' lang='lat' dir='ltr'><strong>inde</strong></span> <span class='ocrx_word' id='word_1_197' title='bbox 338 1699 542 1754; x_wconf 88' lang='lat' dir='ltr'><strong>sequitur</strong></span> <span class='ocrx_word' id='word_1_198' title='bbox 559 1700 681 1754; x_wconf 94' lang='lat' dir='ltr'><strong>quod</strong></span> <span class='ocrx_word' id='word_1_199' title='bbox 704 1700 778 1754; x_wconf 92' lang='lat' dir='ltr'><strong>qui</strong></span> <span class='ocrx_word' id='word_1_200' title='bbox 802 1713 938 1740; x_wconf 92' lang='lat' dir='ltr'><strong>omne</strong></span> <span class='ocrx_word' id='word_1_201' title='bbox 960 1698 1185 1740; x_wconf 89' lang='lat' dir='ltr'><strong>ecclesiae</strong></span> <span class='ocrx_word' id='word_1_202' title='bbox 1208 1703 1255 1739; x_wconf 91' lang='lat' dir='ltr'><strong>et</strong></span> <span class='ocrx_word' id='word_1_203' title='bbox 1276 1698 1382 1738; x_wconf 89' lang='lat' dir='ltr'><strong>inde</strong></span> <span class='ocrx_word' id='word_1_204' title='bbox 1404 1696 1520 1738; x_wconf 89' lang='lat' dir='ltr'><strong>caeli</strong></span> <span class='ocrx_word' id='word_1_205' title='bbox 1539 1702 1717 1750; x_wconf 92' lang='lat' dir='ltr'><strong>ponunt</strong></span> 
     </span>
     <span class='ocr_line' id='line_1_23' title="bbox 210 1759 1718 1816; baseline -0.003 -12"><span class='ocrx_word' id='word_1_206' title='bbox 210 1763 256 1804; x_wconf 85' lang='lat' dir='ltr'><strong>in</strong></span> <span class='ocrx_word' id='word_1_207' title='bbox 277 1763 502 1816; x_wconf 87' lang='lat' dir='ltr'><strong>cogitare,</strong></span> <span class='ocrx_word' id='word_1_208' title='bbox 526 1769 573 1803; x_wconf 90' lang='lat' dir='ltr'><strong>et</strong></span> <span class='ocrx_word' id='word_1_209' title='bbox 599 1775 691 1803; x_wconf 90' lang='lat' dir='ltr'><strong>non</strong></span> <span class='ocrx_word' id='word_1_210' title='bbox 717 1763 762 1803; x_wconf 90' lang='lat' dir='ltr'><strong>in</strong></span> <span class='ocrx_word' id='word_1_211' title='bbox 784 1763 954 1811; x_wconf 89' lang='lat' dir='ltr'><strong>vivere,</strong></span> <span class='ocrx_word' id='word_1_212' title='bbox 978 1761 1122 1802; x_wconf 75' lang='lat' dir='ltr'><strong>¹¹¹dum</strong></span> <span class='ocrx_word' id='word_1_213' title='bbox 1143 1760 1256 1802; x_wconf 90' lang='lat' dir='ltr'><strong>fiunt</strong></span> <span class='ocrx_word' id='word_1_214' title='bbox 1280 1761 1482 1814; x_wconf 85' lang='lat' dir='ltr'><strong>spiritus,</strong></span> <span class='ocrx_word' id='word_1_215' title='bbox 1507 1759 1718 1812; x_wconf 84' lang='lat' dir='ltr'><strong>cogitent</strong></span> 
     </span>
     <span class='ocr_line' id='line_1_24' title="bbox 211 1821 1716 1879; baseline -0.003 -13"><span class='ocrx_word' id='word_1_216' title='bbox 211 1838 273 1867; x_wconf 86' lang='lat' dir='ltr'><strong>ex</strong></span> <span class='ocrx_word' id='word_1_217' title='bbox 307 1826 400 1866; x_wconf 90' lang='lat' dir='ltr'><strong>suis</strong></span> <span class='ocrx_word' id='word_1_218' title='bbox 429 1823 762 1874; x_wconf 68' lang='lat' dir='ltr'><strong>affectionibus,</strong></span> <span class='ocrx_word' id='word_1_219' title='bbox 795 1839 912 1879; x_wconf 91' lang='lat' dir='ltr'><strong>quae</strong></span> <span class='ocrx_word' id='word_1_220' title='bbox 948 1828 1054 1866; x_wconf 86' lang='lat' dir='ltr'><strong>sunt</strong></span> <span class='ocrx_word' id='word_1_221' title='bbox 1085 1823 1352 1865; x_wconf 67' lang='lat' dir='ltr'><strong>affectiones</strong></span> <span class='ocrx_word' id='word_1_222' title='bbox 1382 1823 1491 1863; x_wconf 90' lang='lat' dir='ltr'><strong>mali</strong></span> <span class='ocrx_word' id='word_1_223' title='bbox 1520 1829 1566 1863; x_wconf 89' lang='lat' dir='ltr'><strong>et</strong></span> <span class='ocrx_word' id='word_1_224' title='bbox 1601 1821 1716 1870; x_wconf 89' lang='lat' dir='ltr'><strong>falsi,</strong></span> 
     </span>
     <span class='ocr_line' id='line_1_25' title="bbox 211 1886 1718 1943; baseline -0.003 -13"><span class='ocrx_word' id='word_1_225' title='bbox 211 1894 262 1930; x_wconf 91' lang='lat' dir='ltr'><strong>ut</strong></span> <span class='ocrx_word' id='word_1_226' title='bbox 279 1902 415 1943; x_wconf 89' lang='lat' dir='ltr'><strong>supra</strong></span> <span class='ocrx_word' id='word_1_227' title='bbox 432 1887 605 1929; x_wconf 59' lang='lat' dir='ltr'><strong>dictum</strong></span> <span class='ocrx_word' id='word_1_228' title='bbox 622 1895 694 1930; x_wconf 89' lang='lat' dir='ltr'><strong>est</strong></span> <span class='ocrx_word' id='word_1_229' title='bbox 713 1903 722 1940; x_wconf 81' lang='lat'><em>3</em></span> <span class='ocrx_word' id='word_1_230' title='bbox 755 1894 1095 1943; x_wconf 88' lang='lat' dir='ltr'><strong>consequenter</strong></span> <span class='ocrx_word' id='word_1_231' title='bbox 1112 1887 1236 1941; x_wconf 91' lang='lat' dir='ltr'><strong>quod</strong></span> <span class='ocrx_word' id='word_1_232' title='bbox 1258 1886 1370 1927; x_wconf 90' lang='lat' dir='ltr'><strong>fides</strong></span> <span class='ocrx_word' id='word_1_233' title='bbox 1389 1898 1561 1934; x_wconf 90' lang='lat' dir='ltr'><strong>eorum,</strong></span> <span class='ocrx_word' id='word_1_234' title='bbox 1581 1897 1718 1939; x_wconf 90' lang='lat' dir='ltr'><strong>quam</strong></span> 
     </span>
    </p>
   </div>
   <div class='ocr_carea' id='block_1_12' title="bbox 164 1949 1719 2006">
    <p class='ocr_par' dir='ltr' id='par_1_12' title="bbox 72 1948 1719 2006">
     <span class='ocr_line' id='line_1_26' title="bbox 164 1949 1719 2006; baseline -0.003 -12.279"><span class='ocrx_word' id='word_1_235' title='bbox 164 2001 169 2005; x_wconf 11' lang='lat' dir='ltr'>x</span> <span class='ocrx_word' id='word_1_236' title='bbox 211 1951 419 1994; x_wconf 85' lang='lat' dir='ltr'><strong>fecerunt</strong></span> <span class='ocrx_word' id='word_1_237' title='bbox 444 1952 584 1994; x_wconf 91' lang='lat' dir='ltr'><strong>solius</strong></span> <span class='ocrx_word' id='word_1_238' title='bbox 610 1952 911 2006; x_wconf 89' lang='lat' dir='ltr'><strong>cogitationis</strong></span> <span class='ocrx_word' id='word_1_239' title='bbox 941 1957 988 1992; x_wconf 89' lang='lat' dir='ltr'><strong>et</strong></span> <span class='ocrx_word' id='word_1_240' title='bbox 1019 1964 1110 1992; x_wconf 89' lang='lat' dir='ltr'><strong>non</strong></span> <span class='ocrx_word' id='word_1_241' title='bbox 1142 1950 1280 1998; x_wconf 85' lang='lat' dir='ltr'><strong>vitae,</strong></span> <span class='ocrx_word' id='word_1_242' title='bbox 1308 1949 1646 1990; x_wconf 86' lang='lat' dir='ltr'><strong>exterminetur</strong></span> <span class='ocrx_word' id='word_1_243' title='bbox 1671 1955 1719 1990; x_wconf 90' lang='lat' dir='ltr'><strong>et</strong></span> 
     </span>
    </p>
   </div>
   <div class='ocr_carea' id='block_1_13' title="bbox 211 2011 1720 2260">
    <p class='ocr_par' dir='ltr' id='par_1_13' title="bbox 211 2011 1720 2260">
     <span class='ocr_line' id='line_1_27' title="bbox 212 2011 1720 2070; baseline -0.003 -14"><span class='ocrx_word' id='word_1_244' title='bbox 212 2015 472 2070; x_wconf 88' lang='lat' dir='ltr'><strong>dissipetur.</strong></span> <span class='ocrx_word' id='word_1_245' title='bbox 532 2016 706 2065; x_wconf 87' lang='lat' dir='ltr'><strong>Verbo,</strong></span> <span class='ocrx_word' id='word_1_246' title='bbox 730 2029 823 2056; x_wconf 90' lang='lat' dir='ltr'><strong>non</strong></span> <span class='ocrx_word' id='word_1_247' title='bbox 849 2021 920 2056; x_wconf 91' lang='lat' dir='ltr'><strong>est</strong></span> <span class='ocrx_word' id='word_1_248' title='bbox 946 2014 1082 2055; x_wconf 91' lang='lat' dir='ltr'><strong>alicui</strong></span> <span class='ocrx_word' id='word_1_249' title='bbox 1107 2012 1288 2054; x_wconf 66' lang='lat' dir='ltr'><strong>affectio</strong></span> <span class='ocrx_word' id='word_1_250' title='bbox 1314 2011 1578 2066; x_wconf 85' lang='lat' dir='ltr'><strong>spiritualis,</strong></span> <span class='ocrx_word' id='word_1_251' title='bbox 1602 2024 1720 2065; x_wconf 89' lang='lat' dir='ltr'><strong>quae</strong></span> 
     </span>
     <span class='ocr_line' id='line_1_28' title="bbox 213 2075 1718 2133; baseline -0.003 -14"><span class='ocrx_word' id='word_1_252' title='bbox 213 2084 284 2120; x_wconf 88' lang='lat' dir='ltr'><strong>est</strong></span> <span class='ocrx_word' id='word_1_253' title='bbox 309 2078 418 2121; x_wconf 91' lang='lat' dir='ltr'><strong>boni</strong></span> <span class='ocrx_word' id='word_1_254' title='bbox 441 2085 490 2122; x_wconf 90' lang='lat' dir='ltr'><strong>et</strong></span> <span class='ocrx_word' id='word_1_255' title='bbox 513 2080 623 2129; x_wconf 89' lang='lat' dir='ltr'><strong>veri,</strong></span> <span class='ocrx_word' id='word_1_256' title='bbox 647 2079 733 2120; x_wconf 88' lang='lat' dir='ltr'><strong>nisi</strong></span> <span class='ocrx_word' id='word_1_257' title='bbox 754 2091 890 2133; x_wconf 91' lang='lat' dir='ltr'><strong>quam</strong></span> <span class='ocrx_word' id='word_1_258' title='bbox 916 2092 976 2118; x_wconf 86' lang='lat' dir='ltr'><strong>ex</strong></span> <span class='ocrx_word' id='word_1_259' title='bbox 998 2078 1094 2118; x_wconf 90' lang='lat' dir='ltr'><strong>vita</strong></span> <span class='ocrx_word' id='word_1_260' title='bbox 1114 2076 1233 2125; x_wconf 92' lang='lat' dir='ltr'><strong>fidei,</strong></span> <span class='ocrx_word' id='word_1_261' title='bbox 1258 2090 1373 2130; x_wconf 89' lang='lat' dir='ltr'><strong>quae</strong></span> <span class='ocrx_word' id='word_1_262' title='bbox 1395 2082 1466 2116; x_wconf 92' lang='lat' dir='ltr'><strong>est</strong></span> <span class='ocrx_word' id='word_1_263' title='bbox 1490 2075 1690 2116; x_wconf 90' lang='lat' dir='ltr'><strong>charitas</strong></span> <span class='ocrx_word' id='word_1_264' title='bbox 1709 2089 1718 2126; x_wconf 90' lang='lat'>;</span> 
     </span>
     <span class='ocr_line' id='line_1_29' title="bbox 212 2137 1719 2196; baseline -0.001 -14"><span class='ocrx_word' id='word_1_265' title='bbox 212 2140 312 2196; x_wconf 89' lang='lat' dir='ltr'><strong>ipsa</strong></span> <span class='ocrx_word' id='word_1_266' title='bbox 335 2141 540 2184; x_wconf 88' lang='lat' dir='ltr'><strong>charitas</strong></span> <span class='ocrx_word' id='word_1_267' title='bbox 566 2149 638 2184; x_wconf 93' lang='lat' dir='ltr'><strong>est</strong></span> <span class='ocrx_word' id='word_1_268' title='bbox 664 2141 846 2183; x_wconf 67' lang='lat' dir='ltr'><strong>affectio</strong></span> <span class='ocrx_word' id='word_1_269' title='bbox 871 2141 995 2189; x_wconf 88' lang='lat' dir='ltr'><strong>boni,</strong></span> <span class='ocrx_word' id='word_1_270' title='bbox 1019 2147 1066 2182; x_wconf 91' lang='lat' dir='ltr'><strong>et</strong></span> <span class='ocrx_word' id='word_1_271' title='bbox 1091 2139 1203 2180; x_wconf 86' lang='lat' dir='ltr'><strong>fides</strong></span> <span class='ocrx_word' id='word_1_272' title='bbox 1229 2144 1301 2180; x_wconf 91' lang='lat' dir='ltr'><strong>est</strong></span> <span class='ocrx_word' id='word_1_273' title='bbox 1327 2137 1509 2186; x_wconf 66' lang='lat' dir='ltr'><strong>affectio</strong></span> <span class='ocrx_word' id='word_1_274' title='bbox 1533 2138 1644 2187; x_wconf 87' lang='lat' dir='ltr'><strong>veri,</strong></span> <span class='ocrx_word' id='word_1_275' title='bbox 1667 2151 1719 2180; x_wconf 91' lang='lat' dir='ltr'><strong>ac</strong></span> 
     </span>
     <span class='ocr_line' id='line_1_30' title="bbox 211 2202 1557 2260; baseline -0.002 -15"><span class='ocrx_word' id='word_1_276' title='bbox 211 2210 406 2260; x_wconf 85' lang='lat' dir='ltr'><strong>utraque</strong></span> <span class='ocrx_word' id='word_1_277' title='bbox 431 2205 676 2259; x_wconf 65' lang='lat' dir='ltr'><strong>conjuncta</strong></span> <span class='ocrx_word' id='word_1_278' title='bbox 701 2206 746 2246; x_wconf 92' lang='lat' dir='ltr'><strong>in</strong></span> <span class='ocrx_word' id='word_1_279' title='bbox 772 2217 911 2245; x_wconf 90' lang='lat' dir='ltr'><strong>unum</strong></span> <span class='ocrx_word' id='word_1_280' title='bbox 937 2210 1009 2245; x_wconf 87' lang='lat' dir='ltr'><strong>est</strong></span> <span class='ocrx_word' id='word_1_281' title='bbox 1036 2202 1217 2244; x_wconf 61' lang='lat' dir='ltr'><strong>affectio</strong></span> <span class='ocrx_word' id='word_1_282' title='bbox 1243 2202 1351 2243; x_wconf 90' lang='lat' dir='ltr'><strong>boni</strong></span> <span class='ocrx_word' id='word_1_283' title='bbox 1376 2208 1423 2243; x_wconf 89' lang='lat' dir='ltr'><strong>et</strong></span> <span class='ocrx_word' id='word_1_284' title='bbox 1449 2202 1557 2242; x_wconf 91' lang='lat' dir='ltr'><strong>veri.</strong></span> 
     </span>
    </p>
   </div>
   <div class='ocr_carea' id='block_1_14' title="bbox 286 2273 1719 2333">
    <p class='ocr_par' dir='ltr' id='par_1_14' title="bbox 286 2273 1719 2333">
     <span class='ocr_line' id='line_1_31' title="bbox 286 2273 1719 2333; baseline -0.006 -12"><span class='ocrx_word' id='word_1_285' title='bbox 286 2286 411 2333; x_wconf 79' lang='lat'><strong><em>73¹7.</em></strong></span> <span class='ocrx_word' id='word_1_286' title='bbox 451 2278 630 2320; x_wconf 87' lang='lat' dir='ltr'><strong>Dicitur</strong></span> <span class='ocrx_word' id='word_1_287' title='bbox 651 2278 773 2332; x_wconf 91' lang='lat' dir='ltr'><strong>quod</strong></span> <span class='ocrx_word' id='word_1_288' title='bbox 795 2278 936 2318; x_wconf 89' lang='lat' dir='ltr'><strong>draco</strong></span> <span class='ocrx_word' id='word_1_289' title='bbox 958 2277 1080 2317; x_wconf 88' lang='lat' dir='ltr'><strong>visus</strong></span> <span class='ocrx_word' id='word_1_290' title='bbox 1100 2276 1160 2316; x_wconf 89' lang='lat' dir='ltr'><strong>sit</strong></span> <span class='ocrx_word' id='word_1_291' title='bbox 1185 2275 1268 2315; x_wconf 88' lang='lat' dir='ltr'><strong>“in</strong></span> <span class='ocrx_word' id='word_1_292' title='bbox 1291 2273 1456 2316; x_wconf 90' lang='lat' dir='ltr'><strong>caelo“</strong></span> <span class='ocrx_word' id='word_1_293' title='bbox 1482 2273 1618 2327; x_wconf 88' lang='lat' dir='ltr'><strong>(vers.</strong></span> <span class='ocrx_word' id='word_1_294' title='bbox 1644 2273 1687 2327; x_wconf 86' lang='lat'><strong>3)</strong></span> <span class='ocrx_word' id='word_1_295' title='bbox 1710 2287 1719 2324; x_wconf 88' lang='lat'><strong>;</strong></span> 
     </span>
    </p>
   </div>
   <div class='ocr_carea' id='block_1_15' title="bbox 211 2336 1720 2396">
    <p class='ocr_par' dir='ltr' id='par_1_15' title="bbox 63 2326 1720 2404">
     <span class='ocr_line' id='line_1_32' title="bbox 211 2336 1720 2396; baseline -0.004 -13.536"><span class='ocrx_word' id='word_1_296' title='bbox 211 2342 262 2382; x_wconf 83' lang='lat' dir='ltr'><strong>&#39;et</strong></span> <span class='ocrx_word' id='word_1_297' title='bbox 293 2354 411 2383; x_wconf 90' lang='lat' dir='ltr'><strong>nunc</strong></span> <span class='ocrx_word' id='word_1_298' title='bbox 443 2342 565 2396; x_wconf 93' lang='lat' dir='ltr'><strong>quod</strong></span> <span class='ocrx_word' id='word_1_299' title='bbox 596 2341 771 2382; x_wconf 89' lang='lat' dir='ltr'><strong>bellum</strong></span> <span class='ocrx_word' id='word_1_300' title='bbox 801 2339 972 2381; x_wconf 65' lang='lat' dir='ltr'><strong>factum</strong></span> <span class='ocrx_word' id='word_1_301' title='bbox 1003 2340 1063 2380; x_wconf 90' lang='lat' dir='ltr'><strong>sit</strong></span> <span class='ocrx_word' id='word_1_302' title='bbox 1094 2352 1197 2380; x_wconf 92' lang='lat' dir='ltr'><strong>cum</strong></span> <span class='ocrx_word' id='word_1_303' title='bbox 1227 2338 1309 2379; x_wconf 88' lang='lat' dir='ltr'><strong>illo</strong></span> <span class='ocrx_word' id='word_1_304' title='bbox 1337 2338 1421 2378; x_wconf 86' lang='lat' dir='ltr'><strong>“in</strong></span> <span class='ocrx_word' id='word_1_305' title='bbox 1452 2336 1637 2387; x_wconf 85' lang='lat' dir='ltr'><strong>caelo;”</strong></span> <span class='ocrx_word' id='word_1_306' title='bbox 1673 2343 1720 2377; x_wconf 91' lang='lat' dir='ltr'><strong>et</strong></span> 
     </span>
    </p>
   </div>
   <div class='ocr_carea' id='block_1_16' title="bbox 0 572 149 3464">
    <p class='ocr_par' dir='ltr' id='par_1_16' title="bbox 0 572 149 3464">
     <span class='ocr_line' id='line_1_33' title="bbox 0 572 149 3464; baseline 0 0"><span class='ocrx_word' id='word_1_307' title='bbox 0 572 149 3464; x_wconf 95' lang='lat' dir='ltr'><strong> </strong></span> 
     </span>
    </p>
   </div>
   <div class='ocr_carea' id='block_1_17' title="bbox 213 2399 1723 3089">
    <p class='ocr_par' dir='ltr' id='par_1_17' title="bbox 213 2399 1723 3089">
     <span class='ocr_line' id='line_1_34' title="bbox 213 2399 1721 2458; baseline -0.004 -13"><span class='ocrx_word' id='word_1_308' title='bbox 213 2410 381 2458; x_wconf 86' lang='lat' dir='ltr'><strong>postea</strong></span> <span class='ocrx_word' id='word_1_309' title='bbox 415 2404 537 2458; x_wconf 93' lang='lat' dir='ltr'><strong>quod</strong></span> <span class='ocrx_word' id='word_1_310' title='bbox 574 2417 667 2445; x_wconf 91' lang='lat' dir='ltr'><strong>non</strong></span> <span class='ocrx_word' id='word_1_311' title='bbox 703 2403 832 2445; x_wconf 92' lang='lat' dir='ltr'><strong>locus</strong></span> <span class='ocrx_word' id='word_1_312' title='bbox 869 2402 964 2456; x_wconf 86' lang='lat' dir='ltr'><strong>ejus</strong></span> <span class='ocrx_word' id='word_1_313' title='bbox 995 2403 1042 2443; x_wconf 89' lang='lat' dir='ltr'><strong>et</strong></span> <span class='ocrx_word' id='word_1_314' title='bbox 1074 2400 1348 2454; x_wconf 90' lang='lat' dir='ltr'><strong>angelorum</strong></span> <span class='ocrx_word' id='word_1_315' title='bbox 1379 2399 1474 2453; x_wconf 89' lang='lat' dir='ltr'><strong>ejus</strong></span> <span class='ocrx_word' id='word_1_316' title='bbox 1505 2400 1721 2440; x_wconf 86' lang='lat' dir='ltr'><strong>inventus</strong></span> 
     </span>
     <span class='ocr_line' id='line_1_35' title="bbox 214 2463 1722 2519; baseline -0.005 -10"><span class='ocrx_word' id='word_1_317' title='bbox 214 2467 273 2509; x_wconf 86' lang='lat' dir='ltr'><strong>sit</strong></span> <span class='ocrx_word' id='word_1_318' title='bbox 311 2467 395 2508; x_wconf 89' lang='lat' dir='ltr'><strong>“in</strong></span> <span class='ocrx_word' id='word_1_319' title='bbox 435 2467 567 2509; x_wconf 89' lang='lat' dir='ltr'><strong>caelo</strong></span> <span class='ocrx_word' id='word_1_320' title='bbox 589 2467 624 2518; x_wconf 88' lang='lat'><strong>;”</strong></span> <span class='ocrx_word' id='word_1_321' title='bbox 667 2473 715 2508; x_wconf 93' lang='lat' dir='ltr'><strong>et</strong></span> <span class='ocrx_word' id='word_1_322' title='bbox 755 2479 898 2519; x_wconf 91' lang='lat' dir='ltr'><strong>usque</strong></span> <span class='ocrx_word' id='word_1_323' title='bbox 938 2471 1098 2506; x_wconf 86' lang='lat' dir='ltr'><strong>tamen</strong></span> <span class='ocrx_word' id='word_1_324' title='bbox 1138 2464 1274 2516; x_wconf 88' lang='lat' dir='ltr'><strong>(vers.</strong></span> <span class='ocrx_word' id='word_1_325' title='bbox 1311 2477 1406 2516; x_wconf 89' lang='lat' dir='ltr'><strong>seq.</strong></span> <span class='ocrx_word' id='word_1_326' title='bbox 1442 2463 1489 2516; x_wconf 87' lang='lat'><strong>9)</strong></span> <span class='ocrx_word' id='word_1_327' title='bbox 1527 2468 1722 2503; x_wconf 91' lang='lat' dir='ltr'><strong>vocatur</strong></span> 
     </span>
     <span class='ocr_line' id='line_1_36' title="bbox 217 2524 1721 2585; baseline -0.005 -13"><span class='ocrx_word' id='word_1_328' title='bbox 217 2530 335 2572; x_wconf 84' lang='lat' dir='ltr'><strong>“ille</strong></span> <span class='ocrx_word' id='word_1_329' title='bbox 370 2544 560 2585; x_wconf 87' lang='lat' dir='ltr'><strong>serpens</strong></span> <span class='ocrx_word' id='word_1_330' title='bbox 596 2529 854 2584; x_wconf 78' lang='lat' dir='ltr'><strong>antiquu5,&#39;&#39;</strong></span> <span class='ocrx_word' id='word_1_331' title='bbox 885 2534 984 2570; x_wconf 87' lang='lat' dir='ltr'><strong>tum</strong></span> <span class='ocrx_word' id='word_1_332' title='bbox 1017 2527 1271 2568; x_wconf 88' lang='lat' dir='ltr'><strong>“diabolus</strong></span> <span class='ocrx_word' id='word_1_333' title='bbox 1307 2532 1354 2567; x_wconf 90' lang='lat' dir='ltr'><strong>et</strong></span> <span class='ocrx_word' id='word_1_334' title='bbox 1390 2532 1580 2566; x_wconf 88' lang='lat' dir='ltr'><strong>satanas</strong></span> <span class='ocrx_word' id='word_1_335' title='bbox 1599 2524 1634 2575; x_wconf 85' lang='lat'><strong>;’&#39;</strong></span> <span class='ocrx_word' id='word_1_336' title='bbox 1674 2530 1721 2565; x_wconf 88' lang='lat' dir='ltr'><strong>et</strong></span> 
     </span>
     <span class='ocr_line' id='line_1_37' title="bbox 215 2588 1722 2648; baseline -0.006 -12"><span class='ocrx_word' id='word_1_337' title='bbox 215 2594 368 2636; x_wconf 90' lang='lat' dir='ltr'><strong>mirari</strong></span> <span class='ocrx_word' id='word_1_338' title='bbox 398 2594 497 2648; x_wconf 90' lang='lat' dir='ltr'><strong>quis</strong></span> <span class='ocrx_word' id='word_1_339' title='bbox 527 2600 685 2648; x_wconf 88' lang='lat' dir='ltr'><strong>potest</strong></span> <span class='ocrx_word' id='word_1_340' title='bbox 711 2592 946 2647; x_wconf 89' lang='lat' dir='ltr'><strong>quomodo</strong></span> <span class='ocrx_word' id='word_1_341' title='bbox 976 2591 1131 2640; x_wconf 86' lang='lat' dir='ltr'><strong>draco,</strong></span> <span class='ocrx_word' id='word_1_342' title='bbox 1159 2590 1234 2644; x_wconf 93' lang='lat' dir='ltr'><strong>qui</strong></span> <span class='ocrx_word' id='word_1_343' title='bbox 1265 2588 1491 2637; x_wconf 88' lang='lat' dir='ltr'><strong>diabolus,</strong></span> <span class='ocrx_word' id='word_1_344' title='bbox 1519 2588 1722 2643; x_wconf 87' lang='lat' dir='ltr'><strong>potuerit</strong></span> 
     </span>
     <span class='ocr_line' id='line_1_38' title="bbox 214 2650 1720 2707; baseline -0.006 -8"><span class='ocrx_word' id='word_1_345' title='bbox 214 2657 260 2698; x_wconf 89' lang='lat' dir='ltr'><strong>in</strong></span> <span class='ocrx_word' id='word_1_346' title='bbox 285 2656 417 2698; x_wconf 89' lang='lat' dir='ltr'><strong>caelo</strong></span> <span class='ocrx_word' id='word_1_347' title='bbox 442 2671 558 2705; x_wconf 89' lang='lat' dir='ltr'><strong>esse,</strong></span> <span class='ocrx_word' id='word_1_348' title='bbox 581 2662 629 2698; x_wconf 92' lang='lat' dir='ltr'><strong>et</strong></span> <span class='ocrx_word' id='word_1_349' title='bbox 654 2656 716 2696; x_wconf 87' lang='lat' dir='ltr'><strong>ibi</strong></span> <span class='ocrx_word' id='word_1_350' title='bbox 742 2655 895 2696; x_wconf 91' lang='lat' dir='ltr'><strong>locum</strong></span> <span class='ocrx_word' id='word_1_351' title='bbox 921 2654 1092 2695; x_wconf 92' lang='lat' dir='ltr'><strong>habere</strong></span> <span class='ocrx_word' id='word_1_352' title='bbox 1119 2654 1382 2707; x_wconf 88' lang='lat' dir='ltr'><strong>priusquam</strong></span> <span class='ocrx_word' id='word_1_353' title='bbox 1405 2650 1609 2704; x_wconf 66' lang='lat' dir='ltr'><strong>dejectus</strong></span> <span class='ocrx_word' id='word_1_354' title='bbox 1635 2657 1720 2699; x_wconf 85' lang='lat' dir='ltr'><strong>est,</strong></span> 
     </span>
     <span class='ocr_line' id='line_1_39' title="bbox 215 2714 1722 2772; baseline -0.006 -10"><span class='ocrx_word' id='word_1_355' title='bbox 215 2733 319 2762; x_wconf 92' lang='lat' dir='ltr'><strong>cum</strong></span> <span class='ocrx_word' id='word_1_356' title='bbox 341 2726 498 2762; x_wconf 87' lang='lat' dir='ltr'><strong>tamen</strong></span> <span class='ocrx_word' id='word_1_357' title='bbox 521 2718 708 2760; x_wconf 89' lang='lat' dir='ltr'><strong>diabolo</strong></span> <span class='ocrx_word' id='word_1_358' title='bbox 730 2731 955 2772; x_wconf 87' lang='lat' dir='ltr'><strong>nusquam</strong></span> <span class='ocrx_word' id='word_1_359' title='bbox 978 2718 1022 2758; x_wconf 92' lang='lat' dir='ltr'><strong>in</strong></span> <span class='ocrx_word' id='word_1_360' title='bbox 1044 2716 1191 2765; x_wconf 87' lang='lat' dir='ltr'><strong>caelo,</strong></span> <span class='ocrx_word' id='word_1_361' title='bbox 1211 2716 1291 2756; x_wconf 91' lang='lat' dir='ltr'><strong>sed</strong></span> <span class='ocrx_word' id='word_1_362' title='bbox 1317 2716 1360 2756; x_wconf 90' lang='lat' dir='ltr'><strong>in</strong></span> <span class='ocrx_word' id='word_1_363' title='bbox 1385 2715 1574 2762; x_wconf 87' lang='lat' dir='ltr'><strong>inferno,</strong></span> <span class='ocrx_word' id='word_1_364' title='bbox 1595 2714 1722 2754; x_wconf 90' lang='lat' dir='ltr'><strong>locus</strong></span> 
     </span>
     <span class='ocr_line' id='line_1_40' title="bbox 216 2775 1721 2834; baseline -0.006 -10"><span class='ocrx_word' id='word_1_365' title='bbox 216 2788 315 2824; x_wconf 87' lang='lat' dir='ltr'><strong>est:</strong></span> <span class='ocrx_word' id='word_1_366' title='bbox 351 2795 510 2824; x_wconf 90' lang='lat' dir='ltr'><strong>verum</strong></span> <span class='ocrx_word' id='word_1_367' title='bbox 536 2796 607 2823; x_wconf 87' lang='lat' dir='ltr'><strong>res</strong></span> <span class='ocrx_word' id='word_1_368' title='bbox 629 2782 695 2822; x_wconf 88' lang='lat' dir='ltr'><strong>ita</strong></span> <span class='ocrx_word' id='word_1_369' title='bbox 726 2795 774 2822; x_wconf 86' lang='lat' dir='ltr'><strong>se</strong></span> <span class='ocrx_word' id='word_1_370' title='bbox 800 2780 972 2831; x_wconf 89' lang='lat' dir='ltr'><strong>habet;</strong></span> <span class='ocrx_word' id='word_1_371' title='bbox 1009 2793 1089 2834; x_wconf 90' lang='lat' dir='ltr'><strong>per</strong></span> <span class='ocrx_word' id='word_1_372' title='bbox 1117 2779 1404 2820; x_wconf 87' lang='lat' dir='ltr'><strong>“draconem</strong></span> <span class='ocrx_word' id='word_1_373' title='bbox 1418 2777 1438 2792; x_wconf 90' lang='lat'><strong>&#39;’</strong></span> <span class='ocrx_word' id='word_1_374' title='bbox 1464 2789 1556 2817; x_wconf 91' lang='lat' dir='ltr'><strong>non</strong></span> <span class='ocrx_word' id='word_1_375' title='bbox 1582 2775 1721 2816; x_wconf 90' lang='lat' dir='ltr'><strong>intel-</strong></span> 
     </span>
     <span class='ocr_line' id='line_1_41' title="bbox 216 2840 1723 2899; baseline -0.005 -13"><span class='ocrx_word' id='word_1_376' title='bbox 216 2845 422 2899; x_wconf 84' lang='lat' dir='ltr'><strong>liguntur</strong></span> <span class='ocrx_word' id='word_1_377' title='bbox 464 2845 530 2886; x_wconf 90' lang='lat' dir='ltr'><strong>illi</strong></span> <span class='ocrx_word' id='word_1_378' title='bbox 573 2845 648 2899; x_wconf 88' lang='lat' dir='ltr'><strong>qui</strong></span> <span class='ocrx_word' id='word_1_379' title='bbox 693 2844 842 2885; x_wconf 90' lang='lat' dir='ltr'><strong>Deum</strong></span> <span class='ocrx_word' id='word_1_380' title='bbox 887 2849 934 2884; x_wconf 91' lang='lat' dir='ltr'><strong>et</strong></span> <span class='ocrx_word' id='word_1_381' title='bbox 979 2842 1230 2884; x_wconf 90' lang='lat' dir='ltr'><strong>Dominum</strong></span> <span class='ocrx_word' id='word_1_382' title='bbox 1270 2846 1515 2894; x_wconf 87' lang='lat' dir='ltr'><strong>negarunt,</strong></span> <span class='ocrx_word' id='word_1_383' title='bbox 1556 2840 1723 2893; x_wconf 89' lang='lat' dir='ltr'><strong>quique</strong></span> 
     </span>
     <span class='ocr_line' id='line_1_42' title="bbox 215 2901 1722 2962; baseline -0.005 -12"><span class='ocrx_word' id='word_1_384' title='bbox 215 2907 474 2962; x_wconf 88' lang='lat' dir='ltr'><strong>rejecerunt</strong></span> <span class='ocrx_word' id='word_1_385' title='bbox 509 2907 733 2957; x_wconf 87' lang='lat' dir='ltr'><strong>Verbum,</strong></span> <span class='ocrx_word' id='word_1_386' title='bbox 765 2920 816 2948; x_wconf 88' lang='lat' dir='ltr'><strong>ac</strong></span> <span class='ocrx_word' id='word_1_387' title='bbox 853 2906 981 2948; x_wconf 89' lang='lat' dir='ltr'><strong>nihili</strong></span> <span class='ocrx_word' id='word_1_388' title='bbox 1016 2905 1225 2948; x_wconf 87' lang='lat' dir='ltr'><strong>fecerunt</strong></span> <span class='ocrx_word' id='word_1_389' title='bbox 1260 2904 1506 2946; x_wconf 89' lang='lat' dir='ltr'><strong>ecclesiam</strong></span> <span class='ocrx_word' id='word_1_390' title='bbox 1543 2909 1590 2943; x_wconf 91' lang='lat' dir='ltr'><strong>et</strong></span> <span class='ocrx_word' id='word_1_391' title='bbox 1626 2901 1722 2955; x_wconf 88' lang='lat' dir='ltr'><strong>ejus</strong></span> 
     </span>
     <span class='ocr_line' id='line_1_43' title="bbox 217 2965 1721 3025; baseline -0.006 -12"><span class='ocrx_word' id='word_1_392' title='bbox 217 2970 502 3022; x_wconf 69' lang='lat' dir='ltr'><strong>doctrinam3</strong></span> <span class='ocrx_word' id='word_1_393' title='bbox 543 2971 609 3012; x_wconf 90' lang='lat' dir='ltr'><strong>illi</strong></span> <span class='ocrx_word' id='word_1_394' title='bbox 644 2971 718 3025; x_wconf 90' lang='lat' dir='ltr'><strong>qui</strong></span> <span class='ocrx_word' id='word_1_395' title='bbox 751 2970 870 3011; x_wconf 88' lang='lat' dir='ltr'><strong>tales</strong></span> <span class='ocrx_word' id='word_1_396' title='bbox 901 2975 1008 3010; x_wconf 86' lang='lat' dir='ltr'><strong>sunt</strong></span> <span class='ocrx_word' id='word_1_397' title='bbox 1039 2982 1092 3010; x_wconf 88' lang='lat' dir='ltr'><strong>ac</strong></span> <span class='ocrx_word' id='word_1_398' title='bbox 1123 2969 1188 3010; x_wconf 89' lang='lat' dir='ltr'><strong>ita</strong></span> <span class='ocrx_word' id='word_1_399' title='bbox 1218 2967 1390 3008; x_wconf 85' lang='lat' dir='ltr'><strong>faciunt</strong></span> <span class='ocrx_word' id='word_1_400' title='bbox 1421 2967 1464 3006; x_wconf 89' lang='lat' dir='ltr'><strong>in</strong></span> <span class='ocrx_word' id='word_1_401' title='bbox 1496 2965 1721 3006; x_wconf 87' lang='lat' dir='ltr'><strong>infernum</strong></span> 
     </span>
     <span class='ocr_line' id='line_1_44' title="bbox 217 3028 1723 3089; baseline -0.004 -13"><span class='ocrx_word' id='word_1_402' title='bbox 217 3033 342 3089; x_wconf 83' lang='lat' dir='ltr'><strong>illico</strong></span> <span class='ocrx_word' id='word_1_403' title='bbox 373 3041 479 3088; x_wconf 88' lang='lat' dir='ltr'><strong>post</strong></span> <span class='ocrx_word' id='word_1_404' title='bbox 510 3039 708 3076; x_wconf 91' lang='lat' dir='ltr'><strong>mortem</strong></span> <span class='ocrx_word' id='word_1_405' title='bbox 734 3032 1052 3087; x_wconf 87' lang='lat' dir='ltr'><strong>conjiciuntur,</strong></span> <span class='ocrx_word' id='word_1_406' title='bbox 1084 3037 1132 3074; x_wconf 90' lang='lat' dir='ltr'><strong>et</strong></span> <span class='ocrx_word' id='word_1_407' title='bbox 1162 3043 1387 3086; x_wconf 89' lang='lat' dir='ltr'><strong>nusquam</strong></span> <span class='ocrx_word' id='word_1_408' title='bbox 1419 3034 1645 3083; x_wconf 79' lang='lat' dir='ltr'><strong>apparent</strong></span> <span class='ocrx_word' id='word_1_409' title='bbox 1676 3028 1723 3070; x_wconf 86' lang='lat' dir='ltr'><strong>in</strong></span> 
     </span>
    </p>
   </div>
  </div>
 </body>
</html>
