2054 3464
373 355 482 397 2208
785 362 1116 396 APOCALYPSIS
1146 364 1446 398 EXPLICATA.

387 498 390 499 ⁷
450 486 576 530 791.
601 476 833 522 “Blcentes,
851 475 946 521 ouis
961 475 1101 517 similis
1117 479 1182 518 esi
1200 475 1353 518 bestiae
1367 476 1608 530 ?''—Qu0d
1631 477 1859 531 significet

371 537 686 588 confessionem
703 536 822 589 quod
833 535 957 576 m'lzz'l
967 536 1133 585 verius,
1152 542 1336 577 constat
1355 550 1413 577 ex
1437 550 1558 577 nexu
1576 537 1856 578 anteceden-

371 599 482 638 tium
506 611 607 639 cum
629 598 698 638 his
715 597 876 646 verbis,
897 598 961 638 ita
978 611 1037 638 ex
1060 598 1172 638 serie
1193 611 1339 638 rerum
1358 612 1366 648 ;
1401 611 1503 638 narn
1527 599 1570 638 in
1594 612 1702 639 mox
1725 604 1856 640 ante-

371 661 635 701 cedentibus
661 661 823 700 dicitur
848 659 967 713 quod
997 660 1322 701 “adoraverint
1355 661 1598 701 draconem
1625 661 1698 715 qui
1729 661 1856 703 dedit

370 730 652 776 potestatem
689 723 903 772 bestiae,‘'
929 729 975 763 et
1007 723 1125 776 quod
1156 723 1482 763 “adoraverint
1520 723 1753 771 bestiam,”
1778 736 1875 778 per*
1906 746 1912 748 ·
1983 746 1988 747 ff
2019 706 2047 782 ζ

370 800 484 839 quae
516 785 794 839 significatur
819 786 994 838 agnitio
1028 786 1258 838 dogmatis
1291 786 1346 826 de
1378 787 1664 839 separatione
1696 785 1799 828 fidei
1830 799 1857 828 a

369 850 477 898 vita,
511 850 612 902 quia
644 849 687 889 id
719 847 944 889 firmatum
977 854 1023 888 et
1056 848 1396 888 corroboratum
1429 855 1498 889 est
1536 863 1614 901 per
1645 849 1856 890 inventas

370 910 707 964 conjunctiones
734 923 834 952 cum
861 911 990 951 bonis
1015 910 1222 964 operibus
1247 925 1255 961 ;
1289 917 1384 951 tum
1411 925 1586 964 quoque
1613 925 1692 965 per
1716 913 1856 954 ratio-

369 975 497 1022 cinia‚
515 988 592 1027 per
606 989 719 1028 quae
738 973 1046 1021 discordantia
1060 986 1161 1013 cum
1174 972 1329 1013 Verbo
1344 980 1614 1026 apparenter
1629 981 1857 1016 summota

369 1041 439 1076 est
467 1046 520 1083 (de
540 1047 655 1083 quibus
674 1055 779 1083 supra,
799 1054 831 1074 n.
853 1035 948 1086 789.
970 1043 1120 1086 790[a])
1142 1048 1151 1084 ;
1191 1039 1238 1074 et
1268 1035 1371 1086 quia
1397 1048 1475 1086 per
1504 1034 1547 1074 id
1586 1033 1752 1075 sactum
1783 1041 1856 1077 est

369 1097 488 1150 quod
525 1097 685 1137 salsum
723 1101 962 1150 appareret
999 1096 1115 1135 sicut
1147 1108 1315 1142 verum,
1350 1095 1451 1135 ideo
1493 1096 1667 1144 dicitur,
1703 1094 1856 1149 “Quis

369 1159 524 1200 similis
564 1166 634 1200 est
680 1158 911 1200 bestiae?”
972 1157 1121 1211 Quare
1163 1171 1242 1210 per
1282 1157 1359 1198 illa
1399 1158 1536 1198 verba
1580 1158 1856 1211 significatur

368 1222 589 1263 confessio
615 1222 734 1276 quod
762 1221 871 1262 nihil
897 1221 1057 1269 verius,
1082 1226 1129 1260 at
1156 1221 1199 1260 in
1223 1234 1357 1260 sensu
1383 1221 1579 1272 genuino
1601 1221 1721 1274 quod
1745 1220 1855 1262 nihil

367 1284 548 1334 falsius3
586 1285 783 1325 haeresis
811 1285 929 1324 enim
957 1284 1013 1324 ab
1044 1282 1229 1323 asseclis
1257 1283 1452 1323 creditur
1477 1284 1656 1333 veritas,
1685 1297 1798 1337 quae
1829 1297 1856 1325 a

369 1347 646 1400 sapientibus
665 1347 843 1387 videtur
861 1345 1046 1386 falsitas.
1372 1348 1375 1351 '

446 1422 573 1466 ¹792.
616 1413 749 1457 “Ovis
773 1415 912 1464 potest
931 1424 1117 1464 puqnare
1148 1424 1237 1451 cum
1266 1411 1335 1450 ῘΙΙα
1349 1410 1593 1463 ?''—Quod
1629 1411 1855 1464 significet

367 1472 486 1524 quod
510 1472 762 1512 nullatenus
792 1471 1058 1523 impugnari
1080 1471 1244 1522 possit,
1277 1477 1462 1511 constat
1498 1471 1670 1524 absque
1704 1471 1854 1525 expli-

367 1533 561 1581 catione,
605 1546 708 1573 nam
755 1546 856 1573 cum
898 1546 976 1585 per
1015 1531 1331 1572 “draconem’'
1368 1538 1413 1572 et
1456 1531 1547 1584 ejus
1592 1530 1856 1575 “bestiam”

367 1595 645 1647 significatur
667 1596 836 1648 dogma
858 1595 1135 1635 haereticum
1159 1594 1215 1634 de
1239 1593 1335 1634 sola
1358 1593 1458 1641 fide,
1478 1608 1556 1647 per
1576 1597 1703 1635 “non
1722 1609 1856 1648 posse

367 1671 567 1710 pugnare
590 1671 691 1698 cum
714 1658 860 1698 bestia
871 1657 890 1672 ”
908 1656 1187 1710 significatur
1209 1657 1327 1710 quod
1352 1651 1460 1696 illud
1484 1670 1574 1697 non
1601 1658 1855 1711 impugnari

366 1722 536 1773 possit:
571 1721 690 1774 quod
715 1721 801 1761 illis
828 1727 922 1762 tam
949 1721 1076 1761 sortis
1102 1720 1331 1773 persuasio
1358 1721 1415 1760 sit
1443 1727 1490 1760 ut
1524 1721 1711 1762 credant
1737 1722 1854 1764 sicut

366 1783 485 1835 quod
527 1784 636 1824 nihil
670 1785 830 1830 verius,
859 1789 988 1837 patet
1021 1783 1257 1823 manifeste
1289 1797 1348 1823 ex
1388 1782 1479 1835 ejus
1511 1785 1771 1837 receptione
1808 1785 1854 1826 in

367 1845 634 1886 Christianis
677 1846 920 1895 Ecclesiis;
967 1846 1122 1886 dicunt
1165 1846 1298 1893 enim,
1336 1844 1446 1897 Quis
1488 1852 1641 1899 potest
1686 1846 1854 1888 bonum

366 1909 512 1950 facere
539 1923 563 1949 a
590 1923 637 1949 se
664 1909 791 1962 ipso?
823 1915 868 1949 et
896 1909 957 1949 sic
985 1909 1219 1948 omittunt.
1282 1907 1393 1960 Quis
1419 1908 1651 1948 hominum
1678 1922 1767 1950 non
1793 1923 1868 1969 ext
1913 1925 1920 1966 j
2014 1915 2051 1930 '¹

366 1972 508 2024 primo
535 1972 713 2019 intuitu,
742 1985 835 2020 seu,
866 1977 914 2011 ut
941 1971 1116 2018 dicitur,
1145 1985 1204 2011 ex
1231 1971 1373 2023 primo
1394 1969 1516 2022 jactu
1543 1970 1674 2020 oculi,
1702 1972 1854 2014 videre

365 2040 520 2086 potest
544 2034 663 2086 quod
687 2034 823 2074 homo
849 2034 907 2074 sit
934 2032 1077 2086 qualis
1103 2032 1195 2084 ejus
1222 2034 1315 2073 vita
1341 2033 1429 2073 sit?
1491 2032 1601 2086 Quis
1627 2033 1671 2074 id
1697 2040 1852 2087 potest

364 2097 406 2136 in
442 2096 623 2136 dubium
650 2109 826 2144 vocare,
854 2102 900 2136 et
932 2097 975 2136 in
1009 2096 1270 2147 negativum
1298 2095 1505 2136 vertere?
1538 2102 1584 2136 et
1611 2110 1666 2136 eo
1692 2097 1851 2146 minuS,

365 2171 466 2199 curn
493 2159 678 2211 quisque
705 2159 748 2199 in
775 2172 829 2199 eo
856 2157 1145 2198 confirmatur
1168 2172 1226 2198 ex
1251 2157 1419 2206 Verbo,
1446 2158 1519 2198 ubi
1546 2158 1707 2199 dicitur
1731 2159 1851 2212 quod

367 2222 584 2274 “sapiens
609 2221 667 2260 sit
690 2221 763 2274 qui
786 2221 909 2260 audit
933 2226 979 2260 et
1001 2219 1149 2268 facit,'’
1170 2226 1216 2260 et
1243 2220 1362 2273 quod
1385 2224 1579 2260 “omnes
1606 2221 1851 2262 secundum

363 2281 481 2323 facta
502 2282 859 2335 judicabuntur.''
919 2282 1022 2322 Non
1055 2282 1187 2322 video
1219 2295 1274 2321 an
1307 2281 1418 2322 alius
1445 2295 1578 2335 quam
1610 2283 1683 2336 qui
1714 2283 1851 2324 intel·
1898 2304 1899 2307 ¹

364 2343 556 2386 lec‘tuaIe
583 2358 710 2385 suum
735 2351 857 2386 retro
884 2345 1030 2393 torsit,
1058 2351 1103 2385 et
1130 2345 1233 2385 inde
1262 2344 1438 2393 delirat,
1467 2351 1620 2398 potest
1647 2347 1850 2399 cogitare

365 2408 484 2461 quod
516 2408 630 2448 bene
662 2409 812 2448 vivere
849 2407 960 2447 nihil
998 2407 1160 2458 faciat;
1206 2420 1307 2447 curn
1339 2414 1491 2448 tamen
1525 2407 1663 2448 homo
1694 2416 1850 2452 manet

363 2476 467 2523 post
491 2476 684 2510 mortem
707 2469 850 2523 qualis
872 2469 964 2522 ejus
987 2470 1081 2510 vita
1106 2469 1249 2510 fuerat
1272 2470 1315 2509 in
1343 2470 1524 2510 mundo.
1586 2470 1755 2511 Datum
1778 2479 1848 2514 est

363 2534 483 2586 loqui
501 2546 601 2573 cum
620 2532 838 2586 aliquibus
857 2533 930 2586 qui
948 2538 1055 2573 ante
1075 2532 1254 2573 saecula
1273 2533 1499 2581 vixerunt,
1516 2539 1562 2574 et
1581 2533 1849 2587 deprehensi

362 2596 481 2649 quod
508 2596 570 2636 eis
598 2595 753 2635 similis
776 2596 869 2636 vita
895 2591 1016 2636 esset
1041 2594 1184 2648 qualis
1209 2595 1436 2648 descripta
1462 2602 1531 2636 est
1558 2597 1602 2636 in
1625 2596 1849 2638 historicis

362 2659 418 2699 de
438 2659 549 2699 illis:
583 2664 629 2698 et
647 2658 804 2698 datum
823 2663 892 2698 est
912 2657 1031 2710 loqui
1052 2670 1152 2697 cum
1170 2656 1388 2710 aliquibus
1407 2658 1479 2710 qui
1498 2659 1782 2699 crediderunt
1801 2673 1850 2700 se

362 2721 496 2762 fidem
546 2721 770 2768 habuisse,
804 2721 883 2761 sed
925 2734 1014 2761 non
1047 2721 1258 2761 vixerunt
1294 2721 1435 2760 vitam
1475 2720 1590 2770 fidei,
1625 2735 1737 2775 quae
1778 2729 1848 2764 est

363 2784 577 2831 charitas,
612 2790 658 2824 et
690 2783 1019 2836 deprehensum
1051 2783 1170 2836 quod
1207 2782 1380 2823 exclusi
1418 2790 1569 2824 essent
1602 2783 1753 2825 caelo:
1801 2791 1848 2826 et

365 2852 600 2899 praeterea
618 2859 752 2898 saepe
775 2859 798 2886 e
821 2845 948 2885 caelo
970 2843 1137 2886 dic'tum
1161 2851 1230 2886 est
1248 2845 1366 2898 quod
1384 2846 1477 2886 vita
1495 2852 1676 2887 maneat
1700 2846 1847 2888 homi-

361 2921 479 2957 nem,
507 2914 553 2950 et
580 2908 699 2961 quod
725 2907 835 2948 fides
862 2914 1070 2961 separata
1096 2921 1121 2948 a
1146 2908 1240 2948 vita
1266 2907 1374 2948 nihil
1402 2909 1473 2949 sit.
