2008 3458
412 365 523 418 2256
822 373 1153 407 APOCALYPSIS
1185 375 1482 407 EXPLICATA.

406 487 579 527 dicatur
604 486 858 539 redemptio
890 500 968 539 per
994 487 1262 540 sanguinem
1295 488 1452 542 Ipsius,
1481 494 1577 530 erat
1609 488 1711 542 quia
1740 470 1894 542 'subju-

403 550 530 601 gatio
567 548 850 598 infernorum,
890 555 936 589 et
975 549 1106 590 simul
1142 550 1413 603 glorificatio
1457 550 1655 592 Humani
1692 550 1891 607 Domini¹
1927 572 1930 574 ·
1977 558 1994 569 “’

404 624 494 651 non
520 611 650 652 aliter
673 623 807 664 quam
830 625 909 664 per
931 613 1212 653 tentationes
1237 613 1294 653 ab
1319 613 1500 654 infernis
1523 614 1566 654 in
1594 613 1651 654 Se
1674 611 1893 662 admissas

405 673 495 714 fieri
522 675 684 727 potuit,
713 687 899 727 quarum
925 676 1234 716 tentationum
1266 675 1424 717 ultima
1449 676 1528 716 fuit
1561 676 1710 729 passio
1736 675 1892 723 crucis.

405 736 481 776 Ex
499 737 566 776 his
585 750 700 778 nunc
720 744 930 778 constare
949 744 1102 791 potest
1120 739 1239 792 quod
1263 739 1482 779 Dominus
1502 752 1591 779 non
1610 739 1654 779 in
1677 737 1894 780 mundum

403 800 575 839 venerit
614 806 661 839 ut
703 801 969 853 propitiaret
1011 801 1206 849 Patrem,
1247 814 1298 842 ac
1341 807 1389 842 ut
1432 801 1584 854 Ipsum
1625 801 1681 842 ad
1722 794 1894 847 miseri-

405 862 604 902 cordiam
632 869 957 911 commoveret,
986 876 1067 904 nec
1095 870 1143 904 ut
1176 870 1378 917 portaret
1405 864 1666 917 iniquitates
1698 869 1892 914 nostras,

402 931 448 965 et
475 926 534 965 sic
562 925 753 966 auferret
781 925 906 975 illas;
939 938 1021 966 nec
1054 932 1103 966 ut
1135 926 1413 967 salvaremur
1438 940 1516 979 per
1542 927 1893 980 imputationem

403 987 549 1027 meriti
582 987 738 1040 Ipsius,
769 1001 850 1028 nec
884 1001 962 1041 per
992 988 1381 1036 intercessionem,
1417 1002 1498 1029 nec
1532 1002 1611 1042 per
1642 989 1894 1030 misericor·

402 1050 521 1090 diam
553 1050 888 1101 immediatam;
933 1057 1265 1104 consequenter
1297 1064 1388 1091 non
1421 1065 1500 1104 per
1531 1048 1665 1091 fidem
1697 1049 1893 1100 illorum,

403 1113 547 1152 minus
580 1126 657 1165 per
682 1112 889 1153 fiduciam
916 1113 1032 1153 illius
1058 1112 1173 1162 fidei,
1202 1114 1304 1167 quia
1330 1112 1490 1154 fiducia
1518 1112 1756 1154 confirmat
1782 1112 1894 1154 talia

403 1188 515 1228 quae
542 1188 632 1215 non
663 1189 768 1215 vera
801 1181 918 1223 sunt,
946 1176 1009 1216 ita
1035 1189 1149 1228 quae
1176 1189 1267 1216 non
1299 1175 1400 1216 fidei
1432 1181 1575 1216 erunt.
1647 1174 1734 1228 Qui
1766 1174 1895 1216 novit

406 1250 485 1278 cur
512 1237 732 1277 Dominus
764 1237 807 1277 in
841 1238 1056 1277 mundum
1082 1238 1220 1286 venit,
1250 1244 1296 1278 et
1325 1238 1444 1291 quod
1477 1237 1710 1278 salventur
1735 1249 1895 1279 omnes

402 1300 475 1352 qui
511 1300 699 1340 credunt
736 1306 782 1340 et
820 1299 989 1340 faciunt
1022 1314 1135 1353 quae
1168 1300 1336 1348 docuit,
1370 1300 1427 1340 ab
1465 1299 1585 1353 Ipso,
1619 1305 1665 1340 et
1702 1298 1832 1340 simul
1868 1313 1896 1341 a

404 1363 535 1403 Patre
575 1363 618 1402 in
661 1363 779 1415 Ipso,
821 1369 866 1403 et
908 1376 998 1403 non
1038 1377 1065 1402 a
1106 1363 1238 1403 Patre
1278 1361 1490 1415 separato
1528 1362 1585 1403 ab
1627 1362 1747 1415 Ipso,
1788 1359 1891 1415 [illi]

403 1431 612 1465 constare
655 1431 809 1478 potest
847 1425 967 1478 quod
1005 1425 1132 1478 plura
1169 1439 1228 1465 ex
1266 1425 1367 1473 illis,
1411 1438 1525 1478 quae
1563 1425 1793 1466 antistites
1837 1423 1895 1466 de

403 1487 714 1541 redemptione
747 1488 929 1536 docent,
958 1488 1091 1529 aliter
1116 1501 1250 1541 quam
1283 1488 1528 1529 secundum
1560 1500 1713 1528 eorum
1745 1487 1894 1542 expli-

404 1550 628 1590 cationem
661 1550 959 1601 intelligenda
991 1551 1094 1591 sint.
1169 1549 1302 1602 Quod
1335 1550 1555 1591 Dominus
1586 1549 1894 1603 subjugaverit

403 1612 586 1661 inferna,
629 1613 765 1653 docet
807 1613 909 1666 Ipse
951 1625 1053 1654 cum
1089 1613 1291 1654 instabat
1332 1613 1482 1666 passio
1523 1612 1666 1653 crucis
1683 1611 1894 1666 z—Apud
1962 1647 1963 1651 ,

403 1674 667 1723 Jolzannem,
1339 1681 1350 1692 ⁶
1964 1671 1967 1682 “

469 1760 599 1791 “Nunc
619 1760 788 1800 judicium
809 1766 862 1792 est
882 1761 1004 1792 mundi
1023 1760 1140 1802 hujus,
1161 1770 1253 1792 nunc
1273 1761 1436 1801 princeps
1461 1760 1583 1792 mundi
1607 1758 1712 1800 hujus
1731 1758 1895 1800 ejicietur

577 1804 702 1835 foras”
721 1804 791 1844 (xii.
813 1811 864 1843 27,
883 1805 933 1843 28,
952 1804 1026 1844 31);

404 1881 522 1934 apud
549 1881 755 1929 eundem,

747 1947 961 1985 “Confidite,
981 1947 1057 1988 Ego
1075 1947 1140 1979 vici
1159 1947 1328 1978 mundum
1340 1946 1358 1959 ’¹
1376 1946 1457 1986 (xvi.
1476 1946 1551 1986 33);

406 2017 524 2070 apud
550 2017 726 2065 Lucam,

477 2095 575 2126 Dixit
591 2095 705 2136 Jesus,
725 2095 834 2127 “Vidi
853 2095 1020 2127 Satanam
1039 2095 1131 2126 sicut
1151 2095 1285 2126 fulmen
1303 2104 1322 2126 e
1339 2095 1436 2126 caelo
1453 2094 1636 2126 cadentem
1648 2093 1667 2107 ’¹
1684 2093 1729 2134 (x.
1749 2092 1823 2135 18);

404 2178 524 2232 apud
551 2178 756 2227 Esaiam,

470 2256 585 2297 “Quis
602 2257 657 2287 hic
675 2257 772 2288 venit
789 2267 832 2288 ex
858 2256 997 2295 Edom‚.
1013 2281 1020 2288 .
1034 2281 1041 2288 .
1056 2257 1240 2288 ,incedens
1264 2257 1300 2287 in
1325 2257 1548 2288 multitudine
1567 2256 1704 2287 roboris
1728 2256 1819 2288 sui?.
1834 2280 1842 2288 .
1856 2280 1864 2288 .
1877 2280 1887 2289 .

577 2310 728 2340 magnus
740 2301 783 2331 ad
797 2300 1018 2337 salvandum,
1028 2325 1035 2331 .
1050 2325 1057 2331 .
1071 2325 1078 2331 .
1094 2300 1259 2331 .salutem
1275 2300 1448 2340 praestitit
1464 2299 1552 2331 Mihi
1566 2299 1747 2330 brachium
1758 2309 1892 2338 meum:

583 2368 590 2375 .
606 2368 634 2374 ..
650 2344 744 2374 .ideo
769 2342 883 2374 factus
909 2349 962 2374 est
986 2343 1053 2374 illis
1078 2343 1114 2374 in
1139 2343 1358 2374 Salvatorem
1374 2342 1391 2354 '’
1408 2341 1523 2384 ([1xiii.
1554 2351 1580 2381 1,
1608 2350 1635 2381 5,
1661 2342 1700 2381 8;
1733 2342 1894 2374 videatur

578 2384 702 2427 etiam]
721 2387 778 2418 lix.
800 2386 927 2427 16-21).

409 2470 634 2524 Quoniam
657 2470 877 2510 Dominus
900 2469 1217 2523 subjugaverat
1239 2469 1422 2518 inferna,
1442 2470 1543 2510 ideo
1561 2470 1686 2511 dedit
1704 2471 1890 2523 septua-

406 2534 534 2586 ginta
560 2532 787 2586 discipulis

722 2618 938 2650 potestatem
956 2627 1062 2658 super
1077 2618 1267 2649 daemonia
1282 2617 1377 2658 (Luc.
1395 2628 1428 2650 x.
1451 2626 1500 2656 17,
1523 2618 1586 2658 19).

407 2707 540 2760 Quod
582 2706 801 2747 Dominus
842 2704 1159 2758 glorificaverit
1202 2704 1461 2745 Humanum
1503 2718 1644 2752 suum,
1683 2710 1729 2745 et
1769 2704 1889 2758 quod

406 2771 555 2824 passio
587 2770 728 2810 crucis
760 2769 890 2809 fuerit
922 2767 1082 2808 ultima
1113 2768 1311 2808 tentatio
1342 2773 1388 2807 et
1421 2767 1555 2820 plena
1580 2765 1779 2816 victoria,
1811 2780 1892 2820 per

406 2846 539 2887 quam
565 2832 674 2872 illud
701 2830 984 2884 glorificavit,
1009 2830 1145 2871 docet
1173 2829 1274 2882 Ipse
1305 2830 1423 2882 apud
1446 2829 1710 2878 Johannem,

471 2920 724 2962 “Postquam”
748 2921 905 2962 Judasss‘
915 2920 1033 2958 exivit,
1062 2920 1148 2951 dixit
1174 2918 1289 2961 Jesus,
1310 2919 1421 2950 'Nunc
1452 2918 1668 2959 glorificatus
1695 2924 1750 2950 est
1782 2917 1890 2950 Fnius

579 2965 734 2996 hominis
739 2989 830 3001 .....
839 2969 874 2995 et
907 2964 1003 2995 Deus
1034 2962 1242 3003 glorificabit
1274 2963 1395 3003 Ipsum
1427 2963 1462 2993 in
1495 2962 1539 2994 Se
1575 2962 1668 3002 Ipso,
1701 2968 1736 2994 et
1769 2962 1890 2994 statim

581 3008 791 3048 glorificabit
810 3007 930 3048 Ipsum
943 3006 960 3019 '¹
981 3007 1064 3047 (xiii.
1082 3015 1132 3046 31,
1148 3006 1223 3047 32);
