2008 3458
395 374 503 425 2348
803 379 1132 414 APOCALYPSIS
1163 379 1461 413 EXPLICATA.

395 494 672 547 conjungunt
693 507 701 534 :
748 493 783 534 si
822 500 973 535 autem
1015 506 1150 546 opera
1192 492 1384 534 hominis
1423 494 1467 534 in
1505 499 1696 534 externa
1733 492 1875 536 forma

393 558 511 598 bona
533 562 764 609 apparent,
789 563 835 597 et
861 563 1014 597 tamen
1036 556 1172 597 homo
1197 556 1379 597 interius
1402 563 1471 597 est
1494 555 1651 605 malus,
1675 556 1875 610 sequitur

394 620 512 673 quod
538 621 577 660 ei
604 619 713 659 fides
738 619 835 659 falsi
861 620 931 667 sit,
957 625 1183 672 utcunque
1209 632 1284 659 ore
1310 625 1461 671 potest
1488 618 1608 671 loqui
1634 630 1802 667 verum,
1824 625 1878 660 at'

393 695 546 722 verum
569 681 687 735 quod
706 682 1061 734 contaminatum
1083 687 1152 722 est
1175 680 1294 722 malo
1311 681 1367 721 ab
1389 681 1610 721 interiori:
1644 679 1737 733 ejus
1758 678 1876 723 faeta

394 744 496 784 inde
523 750 626 784 sunt
654 743 898 783 secundum
924 743 1099 784 illorum
1124 743 1471 796 descriptionem
1498 757 1523 783 a
1552 743 1762 792 Domino,

460 839 554 870 Sicut
573 839 750 869 exteriora
769 838 885 878 poculi
910 844 944 869 et
966 839 1108 878 patinae
1127 844 1287 878 purgata,
1308 847 1455 878 quorum
1476 837 1646 869 interiora
1669 843 1752 870 sunt
1771 837 1879 878 plena

567 882 691 921 rapina
710 888 744 912 et
763 882 1045 922 intemperantia.
1094 881 1138 913 Et
1161 887 1245 912 sunt
1267 882 1357 912 sicut
1381 881 1542 920 sepulcra
1564 881 1738 919 dealbata,
1759 882 1878 922 “quae

567 925 652 956 foris
680 930 852 964 apparent
879 925 1032 964 pulchra,
1058 924 1152 956 intus
1177 934 1261 955 vero
1289 925 1394 964 plena
1424 924 1564 956 ossibus
1592 930 1814 956 mortuorum
1841 929 1879 957 et

568 968 665 999 omni
682 968 904 999 immunditie
915 967 932 979 ''
950 967 1091 1007 (Matth.
1108 968 1204 1000 xxiii.
1222 975 1273 1006 25,
1292 975 1342 1006 27,
1361 967 1425 1007 28).

1033 1140 1169 1164 VERSUS
1191 1133 1241 1165 18.

474 1199 605 1253 843.
643 1214 661 1227 ”
669 1213 719 1240 ΗῘε
728 1213 877 1246 sapientia
889 1215 943 1240 est.
981 1213 1095 1240 liabens
1106 1214 1326 1246 Intelliyenffam
1337 1215 1482 1245 computet
1491 1220 1638 1240 numerum
1649 1213 1769 1245 bestlae,
1780 1219 1880 1241 numo-

394 1260 445 1279 rus
458 1253 533 1279 em'm
544 1253 667 1280 hominis
677 1255 731 1284 est,
744 1255 774 1279 et
787 1261 924 1280 numerus
937 1254 1002 1286 esus
1017 1255 1156 1280 sexcenta
1169 1254 1325 1286 sexaql'nta
1335 1253 1421 1280 &exst

422 1328 471 1360 18.
504 1333 520 1346 ¹¹
534 1327 592 1362 Hic
607 1328 776 1371 sapientia
795 1329 878 1366 est,”
893 1328 1052 1370 significat
1069 1329 1159 1371 quod
1172 1329 1253 1360 haec
1271 1329 1307 1360 in
1327 1329 1421 1360 omni
1434 1329 1602 1371 complexu
1618 1329 1664 1361 sit
1679 1339 1791 1361 eorum
1809 1328 1880 1361 doc-

569 1373 676 1410 trina,
690 1384 774 1415 quae
785 1378 961 1414 reputatur
966 1378 1033 1415 pro
1044 1373 1218 1414 sapientia,
1230 1374 1361 1404 tametsi
1371 1378 1418 1404 est
1432 1373 1569 1405 insania
1584 1371 1631 1415 (n.
1643 1372 1735 1416 844).
1781 1377 1800 1392 ⁴·
1812 1372 1880 1406 'la‘-

570 1416 653 1450 bens
668 1416 925 1459 intelligentiam
942 1419 1115 1459 computet
1127 1426 1302 1450 numerum
1319 1416 1476 1454 bestiae?
1493 1416 1651 1458 significat
1666 1417 1756 1459 quod
1766 1417 1829 1459 qui
1841 1417 1880 1449 in

570 1461 792 1492 illustratione
803 1465 883 1492 sunt
894 1461 1076 1502 inquirant
1085 1462 1181 1502 quale
1179 1461 1269 1502 fidei
1279 1461 1380 1503 hujus
1393 1461 1538 1502 religiosi
1549 1460 1596 1502 (n.
1610 1460 1654 1500 84
1656 1461 1709 1503 5);
1734 1465 1751 1478 '⁴
1760 1469 1882 1494 nume·-

570 1514 633 1537 t'us
661 1504 749 1537 em'm
772 1503 917 1537 hominis
944 1505 1025 1541 est,”
1048 1503 1206 1546 significat
1229 1505 1326 1546 quale
1349 1505 1418 1546 ejus
1439 1505 1525 1536 sicut
1535 1504 1630 1546 fhret
1649 1515 1692 1536 ex
1713 1504 1882 1542 intellellu

570 1549 766 1586 veritatum,
789 1549 851 1590 qui
870 1548 1059 1579 hominibus
1081 1549 1227 1580 ecclesiae
1248 1549 1315 1580 erit
1337 1548 1384 1591 (n.
1402 1548 1500 1591 846);
1534 1550 1599 1581 “ef
1617 1557 1782 1582 numerue
1804 1548 1882 1591 eju&

571 1594 734 1625 sexcenta
746 1591 924 1635 sexaginta
937 1592 1027 1630 sex,''
1039 1591 1197 1633 significat
1212 1593 1301 1634 quod
1310 1603 1410 1634 usque
1425 1593 1522 1634 quale
1536 1593 1605 1635 ejus
1619 1593 1665 1624 sit
1677 1603 1719 1624 ex
1730 1592 1884 1624 omnibus

562 1637 666 1678 falsis
680 1640 712 1667 et
727 1636 804 1668 inde
819 1636 969 1668 omnibus
985 1637 1082 1668 malis
1097 1637 1135 1667 in
1151 1637 1319 1678 complexu
1336 1635 1384 1680 (n.
1401 1635 1494 1680 847).

475 1736 607 1790 844.
633 1747 739 1785 [Vers.
761 1747 824 1785 18.]
851 1737 950 1777 “Hic
974 1740 1039 1777 esi
1059 1736 1494 1789 sapientia.''—Quod
1520 1736 1744 1789 significet
1767 1735 1887 1790 quod

396 1800 499 1841 llaec
528 1801 573 1840 in
604 1800 726 1841 omni
750 1801 975 1853 complexu
1006 1800 1067 1841 sit
1095 1815 1241 1841 eorum
1271 1800 1484 1849 αὀέῖνῑήα,
1512 1814 1622 1853 quae
1650 1806 1885 1852 reputatur

391 1870 475 1916 pro
497 1863 729 1915 sapientia,
754 1863 935 1904 tametsi
950 1870 1017 1903 est
1037 1862 1228 1911 insania,
1257 1869 1436 1903 constat
1468 1877 1526 1903 ex
1558 1862 1881 1915 significatione

400 1926 526 1967 “Hic
564 1933 633 1967 est
670 1926 927 1979 sapientia,”
960 1926 1079 1979 quod
1117 1927 1172 1966 sit
1209 1927 1327 1979 quod
1365 1927 1514 1966 omnia
1550 1925 1638 1974 illa,
1677 1939 1790 1979 quae
1825 1925 1882 1966 de

397 1990 591 2030 dracone
632 1996 677 2029 et
718 1989 773 2029 de
814 1989 928 2029 binis
968 1988 1060 2041 ejus
1099 1989 1254 2029 bestiis
1285 1987 1405 2029 diota
1440 1995 1558 2037 sunt,
1591 1989 1648 2029 sit
1679 1983 1883 2029 doetrina

397 2065 549 2092 eorum
575 2053 648 2105 qui
673 2051 805 2092 fidem
833 2058 1153 2104 separaverunt
1185 2066 1210 2092 a
1235 2052 1340 2098 vita,
1368 2065 1481 2104 quae
1508 2057 1660 2091 tamen
1691 2063 1781 2092 non
1812 2057 1882 2092 est

397 2114 627 2165 sapientia,
657 2114 770 2154 sicut
801 2120 1051 2165 reputatur,
1084 2114 1163 2154 sed
1194 2114 1389 2163 insania;
1423 2113 1542 2166 quod
1573 2113 1683 2154 haec
1714 2113 1883 2154 intelli-

397 2182 560 2228 gantur
591 2189 668 2227 per
696 2176 821 2216 “Hie
854 2182 923 2216 est
955 2175 1211 2228 sapientia‚'’
1237 2176 1436 2228 sequitur
1466 2189 1524 2216 ex
1561 2188 1670 2216 mox
1702 2189 1883 2229 praece-

398 2238 619 2286 dentibus,
654 2238 773 2291 quod
808 2241 984 2279 “nemo
1015 2239 1156 2290 possit
1188 2236 1369 2278 ¹¹¹emere
1402 2244 1447 2278 et
1478 2237 1686 2286 vendere,
1721 2239 1756 2279 si
1791 2251 1883 2279 non

397 2300 583 2340 haberet
624 2298 945 2348 charaeterern,
988 2307 1065 2340 aut
1107 2313 1271 2340 nomen
1311 2300 1497 2348 bestiae,
1535 2306 1612 2340 aut
1651 2312 1882 2341 numerum

398 2363 587 2402 nominis
602 2361 732 2414 ejus‚”
752 2375 829 2414 per
846 2376 958 2415 quae
978 2362 1252 2414 significatur
1269 2361 1387 2415 quod
1405 2375 1494 2401 non
1512 2362 1668 2415 aliquis
1690 2362 1884 2404 disceret

398 2431 474 2465 aut
501 2425 682 2464 doceret
709 2424 827 2464 aliud
859 2437 993 2477 quam
1020 2425 1140 2476 quod
1166 2425 1368 2476 agnitum
1395 2430 1441 2464 et
1472 2424 1575 2464 inde
1605 2425 1650 2464 in
1681 2423 1885 2466 dostrina

398 2493 628 2539 receptum
661 2493 754 2526 est:
794 2486 959 2526 exinde
993 2486 1199 2526 concludi
1229 2493 1381 2539 potest
1413 2486 1532 2539 quod
1564 2500 1642 2539 per
1669 2488 1884 2540 “sapien-

399 2548 540 2589 tiam”
580 2549 650 2588 hic
692 2548 972 2600 intelligatur
1011 2549 1231 2600 sapientia
1271 2549 1313 2588 in
1357 2549 1495 2589 oculis
1535 2549 1726 2597 illorum,
1768 2563 1883 2603 quae

399 2618 552 2651 tamen
584 2617 653 2651 est
685 2611 856 2650 insania
887 2610 972 2650 illis
998 2612 1091 2650 visa
1117 2611 1228 2651 sicut
1261 2611 1491 2662 sapientia.
1552 2609 1684 2663 Quod
1715 2611 1886 2652 insania

399 2673 676 2726 intelligatur
697 2687 774 2726 per
800 2672 1142 2725 “sapientiam,”
1163 2679 1232 2713 est
1255 2674 1354 2725 quia
1375 2673 1437 2712 illi
1459 2673 1532 2726 qui
1553 2673 1596 2713 in
1622 2673 1740 2713 falsis
1762 2681 1882 2722 sunt,

399 2736 586 2776 credunt
619 2735 736 2788 quod
774 2748 879 2787 prae
920 2735 1015 2775 aliis
1052 2735 1276 2788 sapientes
1314 2736 1402 2775 sint
1439 2735 1618 2788 quando
1657 2735 1767 2775 falsa
1806 2749 1885 2790 sua

399 2794 774 2838 confirmaverunt
793 2811 801 2837 :
835 2797 1037 2838 similiter
1053 2797 1218 2837 faciunt
1242 2798 1358 2845 mali,
1379 2797 1559 2850 quando
1579 2798 1622 2837 in
1646 2797 1772 2837 malis
1795 2798 1884 2838 suis

400 2867 517 2908 sunt,
541 2866 587 2900 et
613 2861 879 2912 excogitant
905 2867 1024 2900 artes
1047 2873 1124 2912 per
1145 2873 1254 2912 quas
1277 2860 1561 2900 malefaciunt
1587 2859 1742 2910 bonis;
1774 2866 1882 2900 tunc

400 2922 609 2962 videntur
649 2922 730 2962 sibi
770 2922 1001 2974 ingeniosi,
1043 2922 1179 2962 immo
1218 2923 1444 2974 sapientes
1484 2935 1588 2974 prae
1630 2921 1739 2970 aliis,
1781 2934 1882 2962 cum

401 2991 552 3025 tamen
578 2991 683 3025 tunc
707 2996 856 3024 coram
878 2983 1018 3024 oculis
1044 2983 1305 3036 angelorum
1328 2990 1545 3036 apparent
1568 2984 1746 3035 vesani3
1778 2983 1882 3024 inde
