2054 3464
364 343 475 396 2056
777 351 1110 384 APOCALYPSIS
1142 351 1441 384 EXPLICATA.

362 466 482 507 bono
523 471 627 506 sunt
672 479 730 506 ex
774 465 903 518 Ipso;
957 465 1011 505 de
1057 465 1122 506 his
1164 465 1324 506 dicitur
1365 465 1485 519 quod
1530 468 1697 507 “erunt
1738 466 1852 508 sicut

362 535 576 582 potentes
617 527 937 568 conculcantes
980 541 1167 568 coenum
1209 528 1460 581 platearum
1500 529 1543 568 in
1584 528 1744 578 bello,''
1775 542 1855 582 per

363 592 481 645 quod
505 590 780 644 significatur
798 591 916 644 quod
940 591 1191 643 dissipaturi
1210 592 1297 632 sint
1320 598 1366 632 et
1390 603 1568 643 prorsus
1586 590 1854 635 destructuri

361 654 472 694 falsa
498 652 728 694 doctrinae
750 668 758 703 ;
794 657 1026 694 “coenum
1054 653 1334 706 platearum”
1357 653 1580 706 significat
1606 654 1650 694 id
1676 654 1851 703 falsum,

363 717 464 769 quia
489 719 513 735 “
528 715 630 755 urbs
644 715 662 729 ’'
680 714 902 767 significat
925 714 1189 764 doctrinam,
1213 716 1431 769 “plateae
1454 716 1602 757 urbis''
1620 731 1725 758 vera
1746 717 1851 770 ejus,

363 786 410 819 et
439 782 666 818 “coenum
680 777 698 792 ”
730 778 788 818 ibi
821 778 979 818 falsum
1012 793 1069 819 ex
1102 778 1337 820 falsificato
1368 793 1502 820 vero:
1546 783 1630 821 “et
1663 780 1854 832 proelia-

363 841 529 881 buntur
550 842 652 894 quia
671 840 874 893 Jehovah
899 854 997 882 cum
1021 841 1144 890 illis,'’
1163 842 1385 895 significat
1408 843 1526 896 quod
1550 840 1855 896 impugnaturi

364 910 411 944 et
437 905 740 957 expugnaturi
766 903 876 945 falsa
907 904 984 945 illa
1015 919 1072 945 ex
1102 905 1324 955 Domino;
1366 910 1450 947 “et
1478 905 1708 958 pudefient
1734 907 1863 962 equi<
1905 903 1925 907 ‘⁴

364 968 576 1007 tantesin
596 967 759 1020 equis,”
774 967 997 1020 significat
1016 968 1134 1021 quod
1153 981 1286 1008 omne
1304 968 1632 1021 intelligentiae
1651 969 1855 1021 propriae

365 1030 627 1071 succumbet
645 1045 654 1081 ;
685 1034 710 1050 “
724 1030 966 1084 pudefieri·”
984 1038 1053 1072 est
1071 1031 1374 1079 succumbere,
1395 1033 1496 1084 quia
1514 1031 1676 1072 dicitur
1691 1030 1747 1071 de
1769 1030 1855 1071 illis

365 1094 439 1146 qui
461 1093 711 1141 vincuntur,
737 1100 782 1134 et
809 1094 1046 1146 “equitare
1069 1094 1225 1147 equis'’
1247 1093 1469 1146 significat
1492 1093 1627 1134 fidere
1650 1093 1855 1147 propriae

366 1155 708 1208 intelligentiae.
770 1155 908 1208 Apud
934 1156 1193 1213 Hosclccffam,

433 1249 615 1281 “Domus.
631 1249 805 1291 ‚Jehudae
826 1250 1029 1287 miserebor,
1049 1257 1082 1282 et
1102 1250 1249 1281 salvabo
1269 1251 1349 1282 illos
1369 1261 1431 1291 per
1452 1250 1566 1282 Deum
1586 1250 1760 1292 Jehovam
1781 1249 1858 1282 illo-

541 1303 618 1323 rum
634 1303 640 1330 ;
666 1301 699 1324 et
718 1303 788 1324 non
803 1294 950 1324 salvabo
965 1294 1043 1325 illos
1059 1304 1121 1334 per
1133 1303 1263 1332 arcum,
1278 1301 1312 1325 et
1326 1304 1388 1334 per
1400 1294 1568 1334 gladium,
1582 1300 1617 1325 et
1634 1303 1696 1335 per
1712 1293 1856 1332 bellum,

541 1343 576 1368 et
594 1346 655 1376 per
671 1346 792 1377 equos,
810 1343 845 1368 et
862 1347 923 1377 per
940 1337 1104 1378 equites’'
1123 1338 1155 1377 (i.
1177 1338 1207 1377 7)
1223 1349 1229 1369 :

369 1440 447 1479 per
475 1425 696 1466 “domurn
727 1425 927 1478 Jehudae
941 1426 965 1450 ''·
981 1425 1256 1478 significatur
1287 1426 1478 1466 ecclesia
1509 1425 1742 1475 caelestis;
1779 1438 1858 1478 per

372 1489 606 1529 “misereri
624 1495 669 1529 et
688 1488 860 1529 salvare
878 1489 978 1529 illos
1002 1502 1079 1541 per
1095 1489 1312 1541 Jehovam
1332 1489 1478 1529 Deum
1496 1487 1702 1530 illorum‘’
1719 1489 1856 1542 signi-

369 1551 526 1592 ficatur
551 1551 741 1591 salvatio
768 1565 792 1591 a
820 1551 1041 1601 Domino;
1084 1557 1211 1592 “non
1238 1552 1424 1592 salvabo
1450 1551 1550 1592 illos
1581 1565 1659 1604 per
1689 1565 1856 1600 arcum,

370 1614 583 1667 gladium,
609 1613 791 1662 bellum,
816 1628 954 1667 equos
981 1621 1025 1655 et
1053 1614 1264 1667 equites‚”
1287 1614 1509 1667 significat
1537 1627 1626 1655 non
1649 1627 1727 1667 per
1750 1613 1860 1654 talia

370 1691 483 1730 quae
507 1683 610 1717 sunt
634 1678 838 1729 propriae
862 1677 1218 1730 intelligentiae;
1252 1677 1356 1730 quid
1377 1676 1580 1725 “arcus‚”
1597 1676 1701 1730 quid
1722 1676 1857 1730 “gla-
1923 1685 1926 1688 ⁴

371 1740 506 1788 dius,”
544 1747 589 1780 et
631 1740 735 1793 quid
780 1740 948 1793 “equi''
989 1747 1034 1782 et
1079 1740 1326 1794 “equites,'’
1367 1754 1499 1792 supra
1538 1740 1582 1780 in
1621 1741 1710 1780 suis
1749 1739 1859 1781 locis

371 1810 602 1843 ostensum
626 1809 720 1853 est;
758 1802 992 1843 “bellum''
1012 1803 1234 1856 significat
1257 1816 1455 1856 pugnam
1478 1817 1536 1843 ex
1559 1802 1659 1843 illis.
1719 1802 1859 1856 Apud

369 1865 653 1914 Ezechielem,

439 1955 550 1987 “Non
570 1955 781 1986 ascendistis
801 1961 975 1995 rupturas,
997 1965 1060 1985 nec
1085 1955 1265 1994 sepivistis
1285 1964 1405 1995 sepem
1432 1964 1495 1995 pro
1519 1954 1628 1986 domo
1649 1953 1801 1992 Israelis,
1821 1959 1860 1987 ut

545 2000 685 2030 staretis
704 2000 738 2029 in
757 1999 850 2030 bello
868 2000 902 2030 in
921 1999 976 2030 die
994 1998 1152 2039 Jehovae
1165 1998 1181 2009 ’¹
1196 1998 1279 2038 (xiii.
1296 1999 1346 2038 5):

372 2091 481 2130 haec
524 2090 578 2130 de
615 2090 885 2142 “prophetis
922 2089 1110 2136 stultis,’'
1143 2102 1222 2142 per
1259 2102 1370 2142 quos
1407 2087 1715 2141 significantur
1748 2087 1860 2129 falsa

373 2151 602 2192 doftrinae
625 2167 682 2192 ex
707 2151 942 2192 falsificato
965 2152 1146 2202 Verbo;
1181 2151 1300 2205 quod
1327 2165 1416 2192 non
1443 2164 1646 2203 reparare
1673 2156 1860 2203 possent

304 2246 312 2255 .
373 2215 498 2267 lapsa
530 2214 760 2263 ecclesiae,
794 2221 840 2255 et
873 2214 1038 2268 aliquid
1071 2214 1161 2267 ejus
1189 2214 1443 2262 emendare,
1477 2212 1752 2266 significatur
1782 2225 1862 2265 per

375 2277 516 2318 “Non
558 2278 822 2318 ascendistis
864 2278 906 2317 in
949 2285 1169 2329 rupturas,
1208 2290 1290 2318 nec
1332 2277 1554 2329 sepivistis
1592 2287 1743 2328 sepem
1779 2287 1860 2327 pro

374 2341 508 2380 domo
527 2340 703 2380 Israelis
720 2340 752 2390 ;''
778 2344 1024 2392 “rupturae
1044 2340 1202 2380 domus
1222 2339 1397 2380 Israelis
1410 2339 1428 2353 '’
1446 2344 1548 2378 sunt
1572 2338 1697 2390 lapsa
1713 2336 1859 2378 eccle-

374 2404 477 2451 siae,
515 2402 711 2455 “sepes”
743 2402 834 2455 ejus
874 2409 943 2442 est
980 2403 1099 2455 quod
1137 2402 1336 2442 defendit
1374 2401 1430 2442 ab
1466 2401 1708 2453 irruptione
1745 2398 1857 2446 salsi,

373 2472 420 2506 et
446 2466 506 2506 sic
532 2466 770 2516 emendat3
808 2469 894 2507 “ut
922 2479 1011 2506 non
1039 2466 1219 2506 staretis
1250 2465 1294 2505 in
1320 2464 1441 2505 bello
1466 2464 1510 2503 in
1537 2464 1606 2503 die
1630 2460 1860 2515 Jehovae”

374 2528 597 2581 significat
630 2542 719 2569 non
752 2542 950 2581 pugnare
978 2535 1136 2568 contra
1162 2527 1272 2568 falsa
1303 2527 1407 2567 mali
1439 2539 1551 2579 quae
1583 2526 1639 2566 ab
1670 2525 1856 2574 inferno,

374 2593 444 2632 die
471 2591 614 2632 ultimi
635 2591 798 2644 judicii.
860 2591 998 2644 Apud
1025 2590 1283 2639 Jeremz'am,

441 2685 659 2727 “Quomodo
677 2695 749 2716 non
769 2684 891 2717 relicta
911 2691 964 2716 est
981 2686 1064 2716 urbs
1078 2685 1222 2725 gloriae,
1237 2685 1320 2715 urbs
1334 2683 1451 2723 gaudii
1465 2683 1560 2714 mei?
1601 2682 1718 2723 Quare
1732 2682 1861 2714 cadent

546 2729 695 2768 juvenes
714 2729 789 2768 ejus
808 2729 842 2759 in
862 2729 986 2768 plateis
1005 2729 1090 2768 ejus,
1110 2735 1144 2759 et
1161 2737 1285 2759 omnes
1299 2727 1364 2758 viri
1382 2727 1464 2758 belli
1482 2726 1732 2758 exscindentur
1749 2725 1785 2756 in
1802 2725 1860 2757 die

547 2773 608 2803 illo
622 2772 639 2784 ”
657 2772 751 2812 (xlix.
773 2780 824 2811 25,
843 2773 883 2820 26
900 2782 906 2808 ;
931 2782 1003 2812 cap.
1024 2772 1042 2803 l.
1059 2772 1131 2811 30):

375 2859 579 2902 doctrina
609 2862 700 2901 veri
737 2875 794 2901 ex
828 2860 982 2901 Verbo
1014 2859 1280 2912 intelligitur
1315 2873 1393 2912 per
1427 2858 1622 2898 “urbem
1659 2855 1859 2910 gloriae''

375 2930 422 2963 et
462 2936 539 2975 per
572 2923 764 2964 “urbem
797 2923 946 2975 gaudii
976 2921 1223 2974 Jehovae;''
1264 2921 1382 2974 quod
1419 2921 1495 2961 illa
1525 2934 1654 2961 versa
1685 2917 1777 2960 [¹¹sit
1814 2919 1859 2959 in

376 2985 624 3027 doctrinam
646 2986 742 3026 salsi
764 3000 841 3039 per
863 2985 1193 3026 falsificationes
1216 2985 1319 3034 veri,
1345 2982 1618 3037 significatur
1639 2996 1717 3036 per
1739 2981 1859 3036 quod
