2008 3458
646 364 752 398 cAP.
777 365 893 408 xm,
917 367 1054 401 VERS.
1079 369 1253 402 20.—-N.
1276 360 1443 416 922[b].
1680 371 1787 416 2475

199 500 206 527 ·.
222 490 228 495 ·
297 475 566 537 describitur
585 491 595 529 ;
623 484 670 519 et
692 492 771 532 per
793 480 912 534 quod
934 480 1155 534 “plenum
1177 483 1233 524 sit
1257 483 1466 532 torcular,
1486 489 1532 525 et
1555 483 1790 525 exundent

292 538 461 591 lacus,”
476 540 754 596 significatur
770 543 890 596 quod
910 557 998 585 non
1017 545 1099 586 nisi
1121 559 1252 599 quam
1271 546 1382 587 falsa
1404 561 1463 588 ex
1487 547 1606 588 malo
1624 554 1790 588 essent.

297 612 634 652 (Reliqinvideaumr
645 622 752 652 supra,
768 623 800 644 n.
815 615 866 656 91
881 615 961 654 1[b],
975 617 1156 655 explicata.)
1214 607 1354 661 Apud
1378 607 1642 657 Hosclteam,

338 710 350 715 ·
363 690 455 724 “Ne
470 691 624 730 laeteris,
644 691 766 729 Israel.
787 702 895 733 super
914 694 1157 733 similitudine,
1177 694 1267 727 sicut
1286 701 1435 736 gentes:
1455 695 1538 737 quia
1555 702 1732 729 scortatus
1752 705 1791 728 es

456 736 538 768 »sub
562 734 641 767 Deo
657 742 729 774 tuo,
749 737 877 769 amasti
897 738 1095 769 mercedem
1117 739 1353 770 meretriciam
1377 749 1484 780 super
1507 741 1675 771 omnibus
1696 740 1790 771 areis

471 778 663 816 immenti:
689 789 774 811 area
797 785 832 811 et
856 781 1011 812 torcular
1029 791 1100 812 non
1122 789 1244 822 pascet
1267 793 1341 821 eos,
1359 789 1394 814 et
1418 789 1575 814 mustum
1599 783 1793 815 mentietur

470 821 552 855 ini’·
567 822 627 864 (ix.
646 831 675 862 1,
693 823 745 863 2):

249 892 253 899 ⁵
294 905 445 961 agitur
477 905 538 948 ibi
570 906 628 948 de
659 906 971 953 falsificatione
1003 908 1170 960 Verbi;
1215 912 1358 951 “area
1389 917 1435 952 et
1473 910 1670 952 torcular
1701 924 1791 952 non

245 971 254 1003 ⁴·
295 975 463 1024 pascet*
484 969 603 1026 eosss'
628 970 854 1024 significat
885 972 1006 1025 quod
1039 986 1098 1013 ex
1125 972 1281 1014 Verbo
1313 987 1401 1014 non
1434 974 1641 1015 haurient
1672 973 1792 1015 bona

294 1036 359 1076 etr
373 1044 499 1080 vera,
523 1045 639 1086 quae
669 1032 876 1073 nutriant
906 1034 1120 1074 animam.
1179 1045 1258 1083 (Sed
1277 1045 1356 1075 haec
1371 1046 1465 1074 etiam
1482 1046 1578 1084 prius,
1591 1034 1794 1088 n.695[d],

294 1091 453 1149 “ficata
465 1101 566 1141 sunt.)
622 1092 764 1146 Apud
789 1092 1058 1143 Jeremiam,

360 1177 504 1220 “Super
519 1179 739 1212 vindemiam
763 1185 862 1212 tuam
887 1186 1048 1212 vastator
1071 1181 1206 1219 cecidit,
1224 1182 1318 1214 unde
1342 1180 1493 1214 collecta
1516 1189 1570 1214 est
1594 1182 1739 1221 laetitia,
1757 1188 1792 1215 et

469 1223 640 1264 gaudium
658 1233 702 1255 ex
719 1223 894 1262 Carmele,
913 1230 948 1256 et
967 1234 1011 1256 ex
1028 1231 1123 1256 terra
1141 1224 1263 1257 Moabi
1278 1235 1285 1264 ;
1306 1232 1341 1257 et
1357 1226 1479 1257 vinum
1498 1236 1542 1257 ex
1558 1227 1792 1258 torcularibus

470 1275 613 1299 coesare
635 1267 715 1304 feci.
736 1277 810 1298 non
835 1268 983 1300 calcabit
1006 1269 1131 1307 hedad,
1155 1269 1272 1301 hedad
1297 1280 1369 1301 non
1394 1269 1538 1301 hedad’'
1562 1270 1682 1309 (xlviii.
1706 1268 1790 1312 [32‚]

471 1318 524 1351 33,
541 1311 597 1350 34)
609 1321 616 1343 :

200 1395 202 1397 '
256 1413 258 1418 ·
295 1375 403 1441 quid
424 1399 504 1440 per
523 1387 836 1428 “vindemiam
848 1387 867 1403 ”
885 1401 1018 1442 super
1038 1401 1173 1442 quam
1191 1395 1395 1430 vastator
1417 1389 1593 1439 cecidit,
1618 1396 1664 1431 et
1687 1390 1791 1444 quid

204 1441 206 1449 ’
247 1460 251 1462 ’
294 1462 377 1505 per
395 1448 654 1491 “laetitiam
677 1457 723 1492 et
745 1451 988 1504 gaudium¹¹
1007 1465 1120 1505 quae
1143 1450 1336 1493 collecta
1359 1459 1476 1501 sunt,
1502 1452 1789 1506 significatur,

295 1510 507 1554 videatur
522 1525 658 1573 supra
674 1522 720 1560 (n.
735 1521 872 1565 [¹1919)
893 1527 902 1563 ;
929 1513 1051 1566 quod
1073 1526 1165 1554 non
1183 1527 1340 1554 verum
1362 1514 1557 1568 amplius
1575 1515 1678 1568 quia
1700 1528 1792 1555 non

296 1572 480 1622 bonum,
503 1573 783 1627 significatur
808 1587 887 1627 per
911 1574 1082 1616 “Fecit
1109 1588 1285 1616 cessare
1311 1576 1461 1616 vinum
1488 1576 1532 1616 in
1559 1575 1791 1617 torculari-

296 1636 380 1679 bus
395 1635 431 1688 ;.”
460 1642 508 1679 et
529 1637 651 1691 quod
673 1651 764 1678 non
787 1638 1002 1691 gaudium
1027 1653 1085 1679 ex
1109 1638 1258 1692 aliquo
1281 1652 1432 1680 amore
1456 1639 1670 1692 spirituali
1695 1653 1791 1680 am-

296 1698 429 1755 plius,
445 1699 723 1754 significatur
741 1714 820 1754 per
840 1701 984 1742 “Non
1003 1702 1198 1743 calcabit
1217 1702 1365 1743 hedad
1383 1702 1416 1752 ;'‘
1443 1703 1595 1743 ovatio
1612 1702 1791 1743 calcan-

296 1762 410 1804 tium
435 1763 634 1805 torcular
658 1763 928 1818 intelligitur
960 1778 1043 1823 per·
1067 1765 1290 1806 “hedad”
1349 1765 1487 1818 Apud
1512 1765 1715 1815 Esaiam,

363 1850 482 1896 “Quis
500 1853 557 1885 hic
576 1853 636 1895 qui
655 1854 755 1886 venit
774 1864 819 1886 ex
840 1854 965 1893 Edom,
984 1865 1200 1896 conspersus
1217 1861 1334 1887 vestes
1355 1865 1398 1887 ex
1420 1855 1543 1894 Bozra,
1566 1855 1622 1887 hic
1641 1856 1793 1887 honora-

471 1896 553 1929 bilis
569 1897 607 1929 in
623 1898 756 1929 vestitu
772 1907 849 1936 suo,
870 1899 1040 1930 incedens
1061 1899 1097 1930 in
1115 1899 1342 1931 multitudine
1359 1900 1498 1930 roboris
1515 1900 1592 1932 sui?
1638 1899 1714 1940 Ego
1735 1900 1793 1940 qui

471 1940 597 1983 loquor
610 1941 647 1972 in
664 1941 814 1982 justitia,
829 1951 982 1983 magnus
999 1943 1042 1974 ad
1057 1943 1280 1975 salvandum.
1319 1943 1436 1984 Quare
1450 1943 1663 1974 rubicundus
1677 1944 1793 1983 quoad

470 1990 608 2016 vestem
626 1991 735 2024 tuam,
753 1991 788 2016 et
805 1992 925 2017 vestes
942 1992 1023 2018 tuae
1041 1987 1131 2018 sicut
1147 1987 1315 2018 calcantis
1333 1987 1368 2017 in
1387 1987 1577 2020 torculari?
1621 1986 1794 2018 Torcular

471 2028 607 2060 calcavi
624 2029 734 2067 solus,
752 2035 788 2061 et
804 2029 848 2061 de
866 2030 1008 2070 populis
1026 2041 1098 2062 non
1116 2030 1171 2061 vir
1189 2030 1350 2069 Mecum;
1375 2037 1563 2070 propterea
1582 2030 1714 2062 calcavi
1731 2040 1793 2062 eos

471 2071 509 2104 in
526 2071 580 2103 ira
595 2081 688 2111 mea,
706 2079 742 2104 et
758 2073 966 2105 conculcavi
983 2084 1047 2106 eos
1067 2075 1103 2105 in
1121 2074 1419 2105 excandescentia
1435 2084 1514 2105 mea
1528 2084 1534 2111 ;
1559 2074 1652 2106 unde
1670 2083 1795 2114 sparsa

471 2121 527 2147 est
543 2113 696 2148 victoria
712 2126 836 2148 eorum
851 2126 959 2158 super
974 2124 1093 2150 vestes
1109 2128 1219 2156 meas,
1233 2123 1268 2149 et
1284 2128 1391 2149 omne
1405 2117 1656 2149 vestimentum
1675 2127 1792 2149 meum

471 2158 583 2200 pollui
594 2158 613 2172 ”
629 2159 728 2199 (lxiii.
745 2159 820 2201 1—3)
835 2171 842 2192 :

295 2232 408 2286 haec
430 2242 488 2285 de
511 2242 724 2293 Domino,
744 2250 790 2285 et
813 2243 869 2285 de
893 2245 1055 2298 pugnis
1078 2245 1222 2298 Ipsius
1245 2250 1404 2286 contra
1426 2245 1575 2286 omnia
1597 2245 1792 2295 inserna3

295 2312 344 2349 et
365 2306 469 2361 quia
489 2313 651 2348 contra
673 2305 750 2348 illa
772 2320 832 2347 ex
859 2306 1088 2357 Humano,
1108 2309 1152 2348 in
1176 2322 1265 2362 quo
1288 2308 1440 2362 Ipsum
1465 2309 1675 2348 Divinum
1698 2308 1791 2356 fuit,

280 2369 532 2425 -pugnavit,
566 2369 742 2418 dicitur,
779 2369 931 2423 “Quis
967 2371 1038 2412 hic
1078 2372 1202 2412 venit
1234 2385 1292 2412 ex
1330 2371 1494 2420 Edom,
1528 2385 1794 2424 conspersus

296 2439 449 2474 vestes
473 2447 535 2475 ex
562 2432 760 2474 Bozra?”
791 2446 871 2486 per
897 2447 1011 2488 quae
1038 2434 1314 2487 significatur
1340 2448 1545 2488 pugnans
1574 2449 1632 2475 ex
1666 2435 1794 2476 Bono

297 2494 482 2538 Amoris
503 2501 550 2538 et
575 2509 636 2538 ex
655 2495 793 2546 Vero,
814 2510 928 2551 quae
955 2511 1013 2538 ex
1043 2497 1235 2549 Divino;
1266 2497 1410 2538 Edem
1431 2499 1549 2538 enim
1572 2497 1794 2551 significat

235 2587 237 2589 -
297 2558 608 2609 rubicundum,
632 2565 679 2601 et
700 2559 882 2601 Bozralc
905 2561 1324 2609 vindemiationem,
1350 2574 1401 2601 ac
1428 2564 1452 2581 “
1468 2561 1794 2601 rubicundum”

264 2620 266 2622 ’
301 2622 466 2664 dicitur
495 2622 553 2664 de
583 2622 720 2671 bono,
754 2636 806 2664 ac
842 2623 1210 2664 “vindemiatio’'
1242 2623 1298 2664 de
1330 2637 1463 2674 ver0;
1506 2630 1551 2664 et
1584 2624 1686 2677 quia
1717 2623 1795 2664 illa

296 2698 377 2740 per
413 2684 713 2727 “Edomum’‘
749 2692 796 2727 et
839 2699 917 2740 per
955 2690 979 2706 ‘⁴
994 2685 1216 2726 Bozram'’
1252 2686 1574 2739 significantur,
1611 2686 1714 2727 ideo
1750 2688 1795 2728 in

297 2749 591 2803 sequentibus
613 2749 790 2798 dicitur,
818 2749 1158 2790 “rubicundus”
1180 2755 1226 2791 et
1252 2750 1405 2790 “sicut
1428 2749 1609 2790 calcans
1631 2750 1675 2790 in
1698 2756 1793 2791 tor-

297 2811 436 2858 culari
455 2810 490 2853 :’'
521 2818 568 2854 et
591 2813 694 2866 quia
716 2812 929 2852 Divinum
955 2812 1130 2852 Bonum
1153 2825 1205 2853 ac
1230 2812 1442 2852 Divinum
1463 2811 1648 2859 Verum,
1673 2813 1794 2866 quod

298 2873 371 2916 hic
397 2874 680 2928 intelligitur,
710 2881 780 2916 est
807 2875 1009 2916 Verbum
1042 2876 1086 2915 in
1119 2874 1288 2923 littera,
1316 2881 1363 2916 et
1396 2874 1482 2916 hoc
1515 2873 1796 2928 significatur

301 2949 381 2991 per
396 2940 586 2979 “vestes
605 2937 828 2986 Domini,’‘
846 2937 949 2978 ideo
968 2938 1145 2987 dicitur,
1164 2941 1189 2957 ‘⁴
1205 2950 1473 2991 conspersus
1491 2937 1682 2987 vestes,'’
1697 2944 1794 2979 tum

303 2998 618 3044 “honorabilis
640 3001 685 3042 in
703 3001 873 3042 vestitu
897 3014 976 3041 suo
994 2999 1028 3052 ;'’
1061 3006 1107 3041 et
1130 3000 1232 3054 quia
1255 2999 1410 3042 Verbo
1432 3001 1476 3041 in
1499 3000 1653 3042 littera
1674 3001 1794 3042 inest
