2008 3458
569 386 676 420 CAP.
701 386 823 428 xm„
847 386 986 420 VERS.
1015 387 1185 420 12.—N.
1209 376 1378 433 820[a].
1608 389 1720 434 2303

8 506 11 518 .
75 486 112 570 ξ
131 485 140 497 ⁵
173 519 179 522 -
216 498 336 553 apud
361 497 630 550 Johannem,

282 582 449 616 Andreas
474 583 642 615 “invenit
666 583 813 615 fratrem
840 583 1022 624 proprium
1049 583 1244 623 Simonem,
1269 590 1305 616 et
1327 584 1413 616 dicit
1437 584 1480 622 ei,
1510 584 1722 617 Invenimus

393 626 577 665 Messiam,
591 627 686 668 quod
702 633 767 665 est,
785 627 815 658 si
833 628 1088 668 interpreteris,
1104 627 1269 660 Christus
1284 637 1291 666 ;
1316 628 1412 660 ducit
1428 629 1527 660 illum
1545 629 1664 670 itaque
1677 629 1723 661 ad

390 670 526 713 Jesum,
539 677 574 702 et
587 671 782 711 inspiciens
797 671 896 702 illum
911 670 1026 713 Jesus,
1039 672 1127 703 dixit
1141 672 1202 709 illi,
1215 672 1270 703 Tu
1287 682 1326 704 es
1340 671 1464 704 Simon
1478 672 1593 714 Jonae
1607 672 1701 705 filius
1715 682 1723 711 ς

390 720 430 747 tu
446 714 632 746 vocaberis
652 714 809 756 Kephas,
827 715 923 756 quod
940 715 1216 756 interpretamur
1235 716 1362 748 Petrus
1375 715 1394 728 ”
1411 716 1446 757 (i.
1463 717 1608 757 41-43);

217 816 267 854 et
290 811 411 866 apud
435 811 655 861 Marcum,

280 893 386 937 jesus
408 894 608 927 ascendens
626 901 786 926 montem
804 901 908 926 vocat
925 895 970 927 ad
988 895 1032 927 Se
1050 906 1138 937 quos
1156 896 1300 928 volebat
1317 906 1323 934 ;
1348 897 1502 937 primum
1522 896 1720 935 Simonem,

390 944 426 970 et
442 938 613 980 imposuit
629 939 662 970 ei
682 948 816 970 nomen
840 939 966 971 Petrus
981 949 987 977 ;
1012 940 1141 972 deinde
1157 940 1331 982 Jacobum
1349 940 1461 972 filium
1479 940 1666 980 Zebedaei,
1687 947 1724 973 et

391 981 596 1025 Johannem
614 982 761 1015 fratrem
778 982 904 1024 Jacobi
921 983 982 1023 (iii.
1003 992 1053 1023 13,
1074 984 1123 1023 16,
1145 985 1207 1024 17).

217 1059 353 1134 Quod
375 1079 534 1122 Petrus
553 1087 674 1122 esset
697 1081 866 1134 primus
889 1080 1217 1134 apostolorum,
1238 1088 1336 1123 erat
1360 1082 1462 1136 quia
1484 1096 1639 1123 verum
1662 1096 1722 1123 ex

149 1195 154 1202 ἡ
213 1143 338 1185 bono
358 1150 428 1185 est
451 1145 644 1198 primum
667 1143 888 1185 ecclesiae
907 1159 916 1195 ;
944 1144 1083 1186 homo
1101 1145 1222 1185 enim
1245 1159 1304 1186 ex
1329 1145 1499 1186 mundo
1522 1159 1613 1186 non
1636 1146 1722 1187 scit

214 1206 383 1262 aliquid
405 1207 462 1248 de
485 1207 614 1248 caelo
636 1214 683 1248 et
706 1207 892 1257 inferno,
919 1221 1000 1248 nec
1025 1208 1081 1249 de
1103 1208 1198 1249 vita
1219 1215 1323 1261 post
1347 1215 1558 1257 mortem,
1583 1209 1723 1250 immo

215 1283 299 1312 nec
330 1270 388 1312 de
420 1270 548 1322 Deo;
588 1270 740 1312 lumen
773 1270 867 1324 ejus
900 1270 1108 1312 naturale
1141 1284 1232 1312 non
1265 1271 1402 1313 docet
1434 1271 1555 1312 aliud
1588 1285 1723 1325 quam

148 1374 151 1377 .
215 1334 336 1390 quod
366 1334 553 1377 intravit
586 1349 665 1389 per
696 1334 867 1384 oculos,
901 1335 966 1376 ita
1003 1348 1093 1376 non
1132 1335 1215 1376 nisi
1246 1349 1381 1389 quarn
1413 1335 1535 1390 quod
1568 1335 1724 1376 mundi

214 1405 263 1443 et
298 1398 420 1454 quod
457 1399 523 1440 sui
554 1406 651 1443 est:
694 1399 789 1440 vita
820 1397 912 1451 ejus
944 1412 1122 1452 quoque
1154 1398 1259 1440 inde
1293 1405 1390 1450 est;
1430 1405 1476 1440 et
1509 1399 1723 1453 quamdiu

215 1461 356 1504 homo
387 1461 535 1503 solum
573 1462 617 1503 in
655 1461 743 1503 illis
775 1469 862 1511 est,
896 1462 940 1502 in
977 1461 1151 1503 inferno
1183 1468 1268 1503 est.
1331 1462 1403 1506 Ut.
1430 1468 1585 1503 autern
1617 1462 1723 1503 inde

154 1535 157 1538 ⁴
218 1525 486 1575 abducatur,
521 1532 567 1566 et
600 1525 877 1580 perducatur
908 1525 965 1566 ad
1004 1524 1197 1575 caelum,
1226 1526 1532 1567 necessarium
1564 1532 1635 1567 est
1673 1531 1723 1566 ut

215 1589 364 1631 discat
389 1602 512 1637 vera,
540 1603 655 1643 quae
683 1602 773 1629 non
800 1588 948 1629 solum
976 1588 1176 1630 doceant
1204 1589 1324 1643 quod
1352 1589 1476 1630 Deus
1503 1589 1576 1638 sit,
1601 1589 1722 1644 quod

215 1651 394 1694 caelum
415 1658 474 1696 ,et
511 1652 732 1695 infernum
765 1652 872 1701 sint,
906 1652 1117 1706 quodque
1149 1652 1246 1693 vita
1278 1659 1383 1706 post
1416 1659 1613 1694 mortem
1646 1653 1720 1701 sit,

215 1714 297 1757 sed
319 1715 460 1757 etiam
482 1715 681 1756 doceant
705 1715 824 1755 viam
851 1715 909 1756 ad
936 1715 1127 1756 caelum.
1191 1715 1303 1756 Inde
1327 1722 1541 1757 constare
1563 1722 1722 1770 potest

215 1778 338 1834 quod
359 1791 515 1820 verum
539 1779 598 1820 sit
622 1779 830 1832 primum,
855 1792 935 1832 per
957 1778 1078 1833 quod
1101 1778 1273 1820 homini
1296 1785 1367 1820 est
1390 1779 1614 1831 ecclesia;
1640 1780 1723 1821 sed

215 1855 374 1884 verum
404 1856 464 1884 ex
495 1842 644 1891 bono;
685 1855 791 1883 narn
817 1855 974 1883 verum
1000 1842 1171 1896 absque
1201 1843 1323 1884 bono
1349 1849 1419 1884 est
1447 1843 1585 1884 modo
1611 1857 1721 1897 cog-

217 1907 333 1948 nitio
364 1906 485 1960 quod
517 1906 581 1947 ita
613 1906 686 1954 sit,
721 1912 767 1947 et
800 1905 898 1946 sola
929 1907 1135 1960 cognitio
1167 1919 1258 1947 non
1290 1906 1412 1948 aliud
1444 1907 1552 1948 facit
1585 1921 1722 1961 quam

217 1975 268 2011 ut
299 1969 440 2011 homo
466 1970 611 2024 possit
638 1968 731 2010 fieri
758 1968 980 2020 ecclesia;
1015 1969 1095 2011 sed
1123 1983 1213 2010 non
1240 1969 1290 2011 fit
1323 1971 1583 2024 priusquam
1609 1972 1738 2012 vivit-

217 2033 467 2075 secundum
493 2033 815 2086 cognitiones;
854 2038 962 2074 tunc
995 2032 1285 2087 conjungitur
1315 2047 1472 2075 verum
1504 2034 1641 2083 bono,
1669 2049 1722 2076 ac

217 2091 358 2138 homo
389 2096 693 2138 introducitur
723 2096 768 2136 in
800 2095 1068 2137 ecclesiam:
1108 2111 1215 2138 vera
1233 2098 1381 2152 ‘etiam
1408 2098 1578 2139 docent
1609 2113 1722 2152 quo-

218 2159 358 2202 modo
388 2159 529 2201 homo
559 2157 758 2200 victurus
789 2165 889 2210 est;
932 2166 979 2201 et
1017 2160 1200 2214 quando
1238 2167 1346 2202 tunc
1379 2160 1574 2202 afficitur
1605 2163 1723 2203 veris

218 2229 406 2278 propter
430 2237 551 2272 vera,
579 2222 700 2277 quod
732 2221 782 2264 fit
812 2223 995 2277 quando
1021 2230 1146 2265 amat
1173 2224 1325 2265 vivere
1354 2225 1603 2265 secundum
1629 2225 1721 2275 illa,

219 2293 329 2328 tunc
355 2286 534 2328 ducitur
563 2299 589 2327 a
622 2285 836 2335 Domino,
861 2293 907 2328 et
935 2287 1069 2328 datur
1095 2288 1135 2328 ei
1162 2286 1421 2341 conjunctio
1447 2301 1549 2329 cum
1577 2288 1721 2338 caelo,

220 2356 268 2392 et
290 2349 342 2392 fit
364 2349 626 2404 spiritualis,
645 2355 692 2390 et
716 2357 821 2403 post
842 2357 1038 2391 mortem
1061 2350 1254 2404 angelus
1277 2351 1404 2393 caeli.
1468 2351 1558 2393 Sed
1582 2366 1723 2407 usque

219 2413 455 2455 sciendum
492 2419 563 2455 est
602 2413 723 2467 quod
755 2427 863 2454 vera
894 2427 986 2454 non
1018 2414 1273 2468 producant
1307 2415 1399 2464 illa,
1434 2416 1515 2456 sed
1552 2416 1722 2457 bonum

219 2491 300 2532 per
329 2491 452 2527 vera,
485 2474 740 2518 achonum
773 2484 844 2518 est
877 2491 903 2518 a
936 2477 1150 2519 Domino.
1213 2477 1442 2531 Quoniam
1474 2493 1629 2520 verum
1663 2494 1723 2521 ex

218 2541 356 2590 bono,
383 2540 504 2595 quod
537 2554 563 2581 a
595 2540 810 2589 Domino,
838 2547 909 2582 est
942 2541 1136 2595 primum
1163 2541 1399 2591 ecclesiae,
1427 2542 1530 2583 ideo
1564 2543 1724 2584 Petrus

219 2605 412 2660 primum
443 2611 634 2646 vocatus
667 2611 753 2652 est,
787 2618 838 2645 ac
872 2605 1041 2658 primus
1073 2605 1388 2659 apostolorum
1420 2605 1529 2657 fuit3
1577 2608 1723 2648 nomi-

219 2673 355 2709 natus
377 2667 517 2708 etiam
540 2674 610 2709 est
637 2681 663 2708 a
687 2667 887 2708 Domino
913 2671 937 2688 “
954 2667 1183 2722 KephaS‚'’
1206 2669 1326 2722 quod
1350 2675 1420 2710 est
1446 2669 1579 2710 Petra
1599 2683 1608 2720 ;
1642 2670 1723 2710 sed

219 2737 270 2772 ut
302 2735 426 2772 esset
458 2743 624 2771 nomen
657 2745 894 2784 personae,
923 2731 1087 2772 dicitur
1119 2731 1292 2773 Petrus.
1356 2733 1438 2774 Per
1467 2733 1689 2774 “Petram
1702 2733 1722 2748 '’

219 2794 264 2835 in
305 2807 518 2848 supremo
554 2807 689 2835 sensu
731 2793 1014 2847 significatur
1051 2794 1276 2836 Dominus
1317 2796 1468 2850 quoad
1508 2796 1723 2838 Divinum

219 2856 407 2906 Verum,
442 2870 520 2897 seu
553 2857 767 2898 Divinum
801 2857 974 2898 Verum
1008 2858 1261 2911 procedens
1294 2873 1320 2899 a
1353 2859 1580 2909 Domino;
1618 2859 1723 2900 inde

218 2920 264 2962 in
298 2933 433 2962 sensu
469 2917 723 2973 respec'tivo
760 2934 839 2974 per
878 2920 1127 2974 “petram’'
1159 2921 1440 2974 significatur
1472 2935 1627 2962 verum
1664 2936 1724 2963 ex

219 2981 343 3023 bono
369 2981 490 3035 quod
522 2994 548 3022 a
575 2981 804 3031 Domino;
837 2981 986 3022 simile
1013 2995 1092 3035 per
1120 2982 1386 3023 “Petrum.”
1444 2993 1558 3031 (Quod
1575 2991 1724 3031 “petra''

218 3045 375 3084 significet
405 3045 468 3080 ina,
493 3045 638 3074 videatur
666 3054 771 3083 supra,
796 3054 826 3075 n.
850 3046 954 3086 411;
993 3046 1072 3083 quid
1103 3050 1210 3075 autem
1236 3043 1377 3076 “Simon
1400 3046 1533 3087 Jonae''
1557 3047 1722 3085 significat,
