2008 3458
413 404 436 434 2
443 404 524 446 390
838 403 1170 436 APOCALYPSIS
1201 404 1500 437 EXPLICATA.

410 521 486 557 aut
519 516 631 556 sicut
663 515 830 556 bonum
863 522 908 557 et
942 530 1095 557 verum
1128 517 1245 570 apud
1277 518 1616 571 unumquemvis
1648 518 1890 569 hominem,

410 591 491 619 nec
529 578 738 631 conjungi
779 585 967 631 possunt
1007 579 1207 620 diversae
1248 579 1504 620 affeffiones
1546 581 1619 620 uni
1658 580 1892 634 eidemque

409 641 687 693 cogitationi,
705 655 782 681 seu
797 641 996 682 diversae
1011 641 1270 683 voluntates
1285 644 1357 682 uni
1373 643 1607 695 eidemque
1625 640 1889 690 intellthuL

409 717 486 743 seu
512 703 686 743 diversa
710 717 816 744 vera
841 704 1058 745 ecclesiae
1089 705 1161 745 uni
1193 705 1426 758 eidemque
1458 705 1579 745 bono
1603 706 1780 754 amoris,
1809 705 1892 745 nisi

408 765 740 807 falsificationes
782 773 827 807 et
868 767 971 807 inde
1013 767 1326 819 dissipationes
1363 767 1454 807 veri
1492 768 1755 816 existerent,
1788 767 1892 808 inde

409 834 504 868 erat
523 829 642 881 quod
661 829 926 869 concubitus
948 842 1049 869 cum
1067 830 1237 882 virgine
1255 830 1530 882 desponsata
1547 830 1712 870 crimen
1735 830 1893 871 mortis

411 898 530 931 esset
552 905 559 931 :
593 892 839 932 secundum
865 892 975 932 haec
1002 892 1119 944 apud
1144 892 1314 940 Mosen,

475 979 510 1011 Si
528 980 581 1010 vir
597 989 675 1010 cum
694 979 810 1019 puella
826 980 963 1020 virgine
977 980 1193 1020 desponsata
1209 980 1286 1011 viro
1304 980 1338 1011 in
1357 981 1442 1011 urbe
1459 979 1626 1018 cubuerit,
1640 980 1746 1011 ambo
1762 979 1894 1020 lapida-

581 1024 711 1054 buntur
724 1033 730 1060 ;
752 1024 781 1054 si
795 1033 880 1054 vero
894 1024 929 1054 in
943 1033 1040 1063 agro,
1053 1024 1222 1054 morietur
1234 1024 1287 1054 vir
1301 1023 1407 1061 solus,
1419 1033 1490 1054 non
1506 1023 1642 1063 puellae
1653 1023 1786 1055 crimen
1800 1033 1893 1055 mor-

581 1067 625 1097 tis
643 1066 779 1106 (Deutr.
799 1067 880 1098 xxii.
900 1066 1038 1107 23—27):

411 1169 490 1208 per
517 1156 842 1196 “concubitum
875 1156 917 1196 in
951 1155 1058 1196 urbe
1070 1155 1089 1170 ‘’
1115 1156 1389 1208 significatur
1415 1155 1686 1196 adulteratio
1715 1155 1822 1197 boni
1846 1162 1892 1198 et

407 1219 499 1259 veri
536 1217 765 1259 d0&rinae
803 1233 861 1259 ex
903 1218 1072 1267 Verbo,
1108 1218 1280 1259 “urbs”
1317 1219 1436 1258 enim
1477 1225 1545 1259 est
1586 1217 1804 1267 doctrina,
1845 1225 1892 1260 et

411 1282 625 1335 lapidatio
657 1287 752 1321 erat
784 1295 930 1334 poena
967 1280 1075 1322 laesi
1105 1282 1197 1322 veri
1235 1279 1488 1322 doctrinae:
1530 1294 1609 1334 per
1642 1281 1892 1322 “concubi-

408 1344 536 1385 tum”
562 1351 714 1385 autem
744 1345 826 1384 “in
861 1343 1008 1396 agr0,”
1038 1343 1313 1396 significatur
1346 1344 1595 1384 falsificatio
1627 1345 1718 1384 veri
1745 1343 1891 1386 eccle-

408 1408 497 1447 siae
538 1413 780 1459 antequam
825 1406 868 1446 id
914 1413 962 1447 ut
1005 1405 1249 1447 doctrinale
1295 1413 1525 1459 receptum
1569 1412 1652 1455 est,
1694 1407 1758 1447 ita
1802 1419 1892 1448 non

408 1470 680 1510 adulteratio
706 1469 811 1510 boni
834 1468 952 1521 ejus3
989 1468 1165 1522 “ager’'
1187 1470 1303 1509 enim
1331 1475 1399 1509 est
1426 1469 1615 1510 ecclesia
1641 1469 1713 1509 ubi
1739 1481 1892 1510 verum

408 1534 597 1586 primum
629 1532 921 1584 inplantatur‚
950 1531 1052 1572 dein
1079 1532 1254 1579 crescit,
1283 1538 1328 1572 et
1355 1532 1535 1571 demum
1561 1530 1608 1572 fit
1635 1529 1864 1572 doetrinae
1881 1546 1899 1582 ;-

408 1609 544 1648 quare
567 1596 634 1635 vir
656 1595 777 1634 solus
805 1595 1054 1634 moriretur.
1115 1594 1189 1634 Ex
1213 1594 1280 1634 his
1306 1608 1481 1647 quoque
1508 1600 1714 1635 constare
1740 1600 1892 1648 potest

408 1658 527 1711 quod
554 1671 631 1710 per
660 1657 1041 1710 “virginitatem”
1067 1656 1341 1709 significetur
1367 1655 1541 1697 affectio
1566 1658 1657 1697 veri
1682 1656 1855 1698 illibata

591 1746 654 1786 (Ut
670 1746 777 1778 Levit.
795 1747 865 1778 xxi.
886 1755 923 1785 13
940 1756 946 1784 ;
971 1747 1094 1779 Deutr.
1112 1746 1193 1778 xxii.
1214 1755 1316 1786 13—21
1333 1756 1339 1784 ;
1363 1746 1484 1778 Ezech.
1501 1746 1595 1778 xxiii.
1616 1755 1645 1786 3,
1667 1746 1708 1787 8).

486 1833 622 1887 864.
657 1833 735 1872 “Hi
762 1837 860 1873 sunt
891 1824 962 1886 iqui
989 1837 1213 1886 sequentes
1239 1833 1391 1886 dynam
1430 1846 1665 1886 quocunque
1697 1833 1894 1874 vadn.'¹—
1934 1839 1942 1856 ·’

408 1897 541 1949 Quod
568 1897 791 1950 significet
818 1897 897 1951 qui
918 1898 1116 1951 aayunffu·
1139 1897 1324 1938 Domino
1343 1905 1427 1950 per
1452 1898 1713 1950 agnitionem
1737 1897 1898 1939 Divz’m'

407 1963 612 2003 Humani
638 1963 803 2015 Ipsius,
836 1970 877 2003 et
901 1969 985 2015 per
1022 1963 1161 2004 vitam
1202 1964 1433 2003 seeundum
1458 1970 1695 2015 praecepta
1725 1963 1890 2016 Ipsius,

408 2032 589 2066 constat
616 2039 673 2065 ex
701 2025 1026 2078 significatione
1053 2019 1258 2078 “Agniss'
1276 2026 1393 2079 quod
1421 2027 1477 2066 sit
1505 2026 1722 2067 Dominus
1745 2026 1892 2080 quoad

409 2087 623 2126 Divinum
666 2087 928 2126 Humanum
960 2097 1015 2135 (de
1038 2106 1103 2134 qua
1124 2106 1229 2134 supra,
1253 2106 1284 2126 n.
1311 2097 1434 2138 314);
1476 2100 1535 2127 ex
1561 2086 1890 2139 significatione

411 2151 572 2203 “sequi
599 2150 750 2202 Ipsum
773 2163 1038 2203 quocunque
1064 2150 1227 2199 vadit‚'’
1255 2151 1373 2203 quod
1406 2151 1462 2190 sit
1495 2163 1740 2202 agnoscere
1767 2149 1891 2190 Divi-

411 2225 515 2252 num
543 2212 698 2264 Ipsius,
727 2219 772 2252 et
798 2213 941 2252 facere
966 2219 1207 2265 praecepta
1234 2213 1390 2265 Ipsius.
1452 2213 1532 2252 Per
1553 2213 1712 2265 “sequi
1735 2211 1892 2252 Domi-

349 2314 351 2316 .
409 2287 514 2314 num
529 2273 547 2289 ’¹
573 2274 715 2314 simile
738 2274 1012 2326 significatur
1037 2275 1155 2328 quod
1183 2288 1260 2327 per
1285 2276 1384 2315 “ire
1397 2275 1415 2290 ''
1434 2281 1478 2315 et
1500 2275 1765 2315 “ambulare
1788 2281 1892 2327 post

412 2336 562 2389 Ipsum
581 2336 613 2387 ;”
636 2337 753 2390 quod
769 2337 905 2385 “ire‚”
918 2344 963 2377 et
978 2337 1244 2377 “ambulare
1258 2337 1275 2352 ”
1289 2344 1390 2389 post
1410 2337 1652 2377 Dominum
1670 2337 1892 2390 significet

410 2412 669 2451 agnoscere,
699 2399 894 2447 obedire,
922 2399 1067 2440 facere
1100 2406 1145 2440 et
1168 2400 1315 2440 vivere
1348 2399 1403 2439 ab
1437 2399 1541 2451 Ipso
1573 2406 1617 2439 et
1644 2413 1744 2440 cum
1771 2399 1890 2454 Ipso,

409 2459 618 2499 videatur
651 2473 784 2512 supra
821 2470 865 2507 (n.
887 2460 997 2511 787).
1054 2459 1201 2500 Causa
1232 2460 1351 2513 quod
1383 2460 1461 2499 illa
1486 2474 1565 2512 per
1593 2461 1758 2513 “sequi
1795 2460 1891 2502 Do-

411 2520 606 2561 minum'’
623 2520 940 2571 significentur,
961 2527 1030 2561 est
1054 2521 1156 2573 quia
1178 2534 1309 2561 nemo
1332 2528 1484 2573 potest
1508 2523 1630 2575 sequi
1649 2522 1891 2562 Dominum

411 2598 436 2623 a
462 2597 522 2631 se,
547 2583 625 2623 sed
652 2584 708 2623 ab
736 2584 839 2636 Ipso
867 2583 1087 2634 Domino;
1122 2583 1340 2623 Dominus
1363 2585 1480 2624 enim
1506 2585 1644 2626 trahit
1665 2585 1892 2626 hominem

411 2652 514 2699 post
546 2645 616 2694 Se,
651 2647 723 2699 qui
756 2660 814 2686 ex
847 2646 987 2686 libero
1019 2646 1115 2686 vult
1147 2647 1295 2698 sequi;
1335 2653 1380 2686 at
1413 2660 1502 2687 non
1534 2654 1685 2699 potest
1717 2648 1892 2689 trahere

412 2709 604 2761 aliquem
625 2709 696 2761 qui
723 2722 812 2748 non
830 2708 931 2748 vult·
949 2709 1071 2761 sequi
1090 2708 1242 2761 Ipsum
1260 2723 1268 2758 ;
1303 2709 1522 2749 Dominus
1544 2710 1661 2749 enim
1682 2716 1893 2762 operatur

411 2772 495 2811 hoc
523 2771 639 2823 apud
667 2771 804 2819 illum,
830 2772 942 2811 sicut
969 2771 1105 2811 homo
1131 2778 1390 2823 sequeretur
1417 2771 1567 2823 Ipsum
1593 2785 1617 2811 a
1643 2777 1800 2820 semet,
1829 2763 1892 2812 ita

411 2834 454 2873 in
481 2832 572 2885 ejus
597 2833 783 2872 liberum
810 2833 963 2881 influit,
987 2840 1033 2873 et
1060 2833 1144 2873 hoc
1171 2833 1275 2873 sacit
1302 2840 1484 2885 propter
1509 2834 1813 2884 receptionem
1839 2846 1891 2874 ac

411 2895 804 2947 implantationem
831 2896 922 2944 veri
954 2902 999 2936 et
1030 2895 1135 2936 boni
1166 2895 1283 2948 apud
1309 2895 1446 2942 illum,
1475 2901 1520 2935 et
1551 2895 1653 2935 inde
1679 2895 1890 2936 reforma-

412 2958 581 2998 tionem
600 2964 644 2997 et
663 2958 1052 3009 regenerationem
1070 2971 1078 3008 ;
1107 2971 1209 2997 nam
1233 2958 1313 2997 nisi
1332 2964 1565 3010 appareret
1583 2957 1750 2997 homini
1768 2958 1890 3010 sequi

413 3021 655 3061 Dominum
694 3022 806 3061 sicut
843 3034 868 3060 a
904 3034 964 3067 se.
998 3020 1082 3061 hoc
1115 3026 1197 3069 est,
1231 3033 1474 3072 agnoscere
1507 3019 1716 3060 Divinum
1748 3019 1891 3072 Ipsius
1918 3016 1920 3018 ’
