2098 3476
614 359 720 393 cAP.
743 360 847 401 ΧΠἾ
870 360 1010 393 VERs.
1040 363 1054 392 1
1065 361 1180 392 .—N.
1204 350 1365 406 7o6[c].
1632 363 1736 406 1923

237 481 318 530 per
363 467 557 529 “regem
606 473 856 528 Assyriae”
900 475 1122 516 rationale
1171 489 1444 528 perversum,
1492 476 1611 530 quod
1661 490 1740 529 per

237 539 477 582 ratiocinia.
492 538 602 580 falsa
624 539 775 586 omnia
797 538 1012 579 caelestia
1033 545 1079 580 et
1103 538 1350 591 spiritualia
1372 539 1604 587 ecclesiae,
1625 554 1739 593 quae

172 651 183 661 ι
237 609 343 644 sunt
374 602 495 644 bona
525 608 582 657 et,
603 615 709 643 vera
740 601 846 654 ejus,
878 602 1095 642 destruit:
1134 609 1180 642 et
1213 602 1315 655 quia
1347 616 1426 655 per
1453 602 1740 661 “Judaeam''

237 671 285 707 et
330 678 410 719 per
451 668 648 718 “regem
688 664 781 717 ejus
794 664 812 679 ”
853 663 1131 717 significatur
1172 664 1371 705 caeleste
1416 671 1462 705 et
1509 665 1739 718 spirituale

237 728 471 777 ecclesiae,
499 727 619 782 quod
651 728 735 768 erit
768 741 794 768 a
826 727 1024 768 Domino
1056 741 1158 768 cum
1184 734 1400 768 venturus
1432 735 1502 769 est
1534 729 1576 768 in
1610 741 1739 768 mun-

237 791 358 841 dum,
386 791 490 832 ideo
521 790 630 832 talia
656 790 880 839 dicuntur,
909 803 988 843 per
1019 804 1134 844 quae
1161 790 1429 831 describitur
1455 792 1741 844 regeneratio

236 854 415 896 illorum
441 855 517 909 qui
547 854 604 895 ab
635 853 713 895 illa
737 853 930 895 ecclesia
956 861 1086 895 erunt
1108 868 1115 894 :
1150 868 1287 908 quare
1311 850 1389 907 p‘er
1415 855 1593 907 signum
1620 855 1740 908 quod

239 918 573 960 “comederent
618 918 763 971 primo
811 931 931 958 anno
977 924 1142 970 sponte
1189 918 1418 967 nascens,‘’
1464 918 1741 972 significatur

237 981 406 1024 bonum
437 980 636 1022 caeleste
673 980 794 1034 quod
832 994 858 1021 a
895 980 1094 1021 Domino
1130 980 1216 1021 illis
1254 981 1624 1034 implantabitur3
1663 996 1741 1035 per

240 1045 401 1086 “ultro
436 1058 644 1086 crescens
680 1044 880 1085 secundo
917 1044 1078 1093 anno,'’
1115 1043 1391 1097 significatur
1428 1059 1583 1086 verum
1625 1046 1741 1086 illius
1775 1038 1778 1040 v

235 1109 343 1151 boni
369 1108 490 1163 quod
515 1107 621 1148 inde
647 1107 756 1148 erit:
791 1110 869 1160 p'er
893 1110 1093 1156 “serere‚
1123 1114 1308 1155 metere,
1338 1107 1544 1160 plantare
1571 1109 1739 1158 vineas,

236 1179 284 1214 et
315 1171 554 1213 comedere
585 1168 776 1211 fructum
809 1169 1001 1219 earum,'’
1027 1169 1338 1223 significantur
1364 1171 1515 1211 omnia
1543 1170 1663 1212 bona
1695 1177 1741 1211 et

235 1247 343 1276 vera
372 1247 487 1288 quae
518 1233 621 1274 inde
654 1232 894 1287 profluunt,
928 1246 1007 1286 per
1041 1237 1227 1274 “serere
1261 1240 1306 1274 et
1339 1233 1540 1274 metere'’
1573 1232 1741 1287 signifi-

236 1303 365 1339 catur
389 1296 678 1350 implantatio
703 1296 810 1338 boni
836 1302 882 1337 et
908 1296 1255 1349 receptio·ejus;
1298 1311 1376 1350 per
1405 1297 1649 1350 “plantare
1676 1298 1743 1337 vi·

237 1373 346 1402 neas
357 1359 376 1376 ”
398 1359 688 1413 implantatio
711 1360 804 1400 veri
831 1366 877 1400 et
900 1361 1103 1413 receptio
1126 1359 1217 1413 ejus
1240 1374 1248 1410 ;
1283 1366 1328 1400 et
1356 1373 1434 1413 per
1461 1360 1741 1401 “comedere

235 1421 427 1465 fructum
445 1421 667 1465 t¹¹earum‘’
684 1423 833 1464 fruitio
851 1423 1073 1464 bonorum
1092 1431 1137 1464 et
1155 1423 1403 1464 faustorum
1426 1438 1485 1464 ex
1509 1423 1608 1473 illis,
1628 1438 1742 1478 quae

235 1487 408 1534 homini
447 1493 743 1541 regenerato:
791 1487 902 1527 haec
945 1494 1167 1528 vocantur
1206 1488 1422 1540 “signum
1435 1487 1453 1502 ’'
1494 1488 1596 1541 quia
1637 1493 1742 1528 sunt

238 1549 586 1593 testificationes
611 1550 667 1591 de
699 1541 892 1591 ecclesia
918 1549 1105 1590 caelesti
1131 1550 1251 1604 apud
1283 1550 1384 1591 illos
1416 1551 1490 1604 qui
1522 1564 1601 1603 per
1630 1550 1740 1603 '“Je-

239 1613 439 1655 hudam”
470 1614 514 1654 in
546 1626 680 1654 sensu
712 1613 930 1667 spirituali
961 1613 1292 1666 intelliguntur,
1327 1627 1519 1667 quorum
1552 1627 1740 1667 regene-

237 1678 354 1719 ratio
379 1676 429 1719 fit
455 1690 482 1718 a
507 1677 705 1718 Domino
729 1690 807 1730 per
832 1676 1230 1729 implantationem
1252 1677 1359 1718 boni
1386 1677 1610 1725 caelestis,
1636 1677 1739 1718 dein

237 1754 318 1795 per
338 1740 734 1795 implantationem
757 1740 864 1781 boni
881 1740 1124 1793 spiritualis
1142 1741 1263 1794 quod
1286 1742 1328 1781 in
1352 1755 1432 1781 sua
1448 1741 1647 1782 essentia
1669 1748 1739 1782 est

237 1817 392 1846 verum
423 1804 532 1846 boni
563 1804 788 1853 caelestis,
822 1810 868 1845 et
906 1804 1088 1845 demum
1126 1817 1205 1856 per
1236 1804 1663 1857 multiplicationem
1695 1810 1740 1846 et

236 1865 628 1910 fruetificationem
655 1868 698 1908 in
726 1867 919 1908 naturali
946 1867 1140 1908 homine.
1203 1867 1341 1921 Apud
1369 1867 1578 1917 eundem,

303 1963 389 1996 “Sic
407 1953 497 1996 dixit
515 1962 687 2006 Jehovah,
706 1961 858 1995 Sanetus
881 1962 1026 1994 Israelis
1043 1969 1078 1995 et
1099 1963 1287 1995 Formator
1306 1963 1383 2004 ejus
1399 1974 1406 2002 ς
1431 1963 1543 2004 Signa
1562 1964 1741 2004 petierunt

413 2006 474 2039 Me
494 2017 602 2048 super
620 2007 700 2039 filiis
720 2007 820 2045 meis,
838 2013 873 2038 et
893 2017 1000 2047 super
1019 2017 1126 2047 opere
1147 2017 1317 2038 manuum
1340 2017 1500 2039 mearum
1519 2008 1741 2048 praecipiunt

412 2051 502 2084 Mihi
518 2061 541 2088 ς.
556 2076 564 2084 .
578 2076 585 2084 .
601 2050 695 2092 ‚Ego
711 2051 863 2082 excitavi
883 2050 1005 2091 Ipsum
1023 2051 1059 2082 in
1075 2051 1222 2091 justitia,
1238 2058 1272 2082 et
1290 2061 1417 2083 omnes
1436 2051 1512 2083 vias
1532 2051 1618 2092 Ejus
1636 2050 1740 2083 recti-

411 2095 541 2128 fieabo:
562 2095 644 2136 Ipse
654 2095 854 2127 aedificabit
864 2096 987 2126 urbem
1001 2105 1128 2132 meam,
1141 2101 1176 2126 et
1187 2096 1430 2136 captivitatem
1444 2106 1561 2127 meam
1573 2096 1738 2135 dimittet,

379 2149 382 2153 ·
411 2149 485 2172 non
503 2139 617 2181 pretio
635 2149 750 2181 neque
768 2149 914 2170 munere
926 2138 944 2150 '’
961 2139 1045 2178 (xlv.
1067 2148 1116 2177 11,
1138 2139 1210 2179 13):

237 2241 388 2296 agitur
417 2242 556 2284 etiam
587 2241 647 2283 ibi
683 2241 738 2282 de
771 2241 972 2282 adventu
1005 2241 1202 2290 Domini,
1237 2248 1283 2283 et
1321 2242 1376 2282 de
1413 2242 1740 2284 instauratione

238 2304 458 2347 ecclesiae
499 2305 557 2346 ab
597 2305 730 2358 Ipso3
779 2304 1001 2345 Dominus
1041 2305 1309 2358 intelligitur
1350 2319 1428 2358 per
1467 2305 1738 2359 “Jehovam,

237 2366 455 2410 Sanctum
504 2368 682 2409 Israelis
730 2375 777 2409 et
829 2367 1144 2409 Formatorem
1192 2368 1284 2421 ejus
1302 2368 1335 2419 ;”
1386 2369 1459 2422 qui
1508 2368 1739 2410 “Sanctus

238 2431 417 2473 Israelis
431 2431 450 2447 ”
475 2431 638 2473 dicitur
667 2445 728 2472 ex
762 2431 927 2472 Divino
953 2431 1092 2479 Vero,
1127 2438 1173 2472 et
1209 2437 1233 2451 ‘⁴
1252 2432 1493 2473 Formator
1524 2432 1617 2485 ejus
1630 2432 1648 2447 '’
1680 2447 1738 2473 ex

236 2495 563 2537 instauratione
589 2494 920 2548 ecclesiae'per
951 2494 1074 2543 illud,
1104 2502 1150 2535 et
1181 2495 1358 2536 “Israel
1374 2495 1393 2510 ’'
1418 2502 1487 2537 est
1520 2496 1737 2546 ecclesia;

236 2558 338 2600 ideo
360 2571 439 2612 per
458 2557 611 2599 “filios
630 2558 812 2612 Ipsius,’'
830 2571 962 2611 super
984 2558 1143 2612 quibus
1161 2559 1288 2611 signa
1308 2559 1550 2612 petierunt,
1571 2560 1738 2600 intelli-

235 2627 405 2675 guntur
443 2621 506 2662 illi
541 2621 615 2675 qui
660 2622 703 2662 in
739 2621 855 2662 veris
896 2628 1000 2662 sunt
1041 2635 1067 2662 a
1113 2621 1337 2672 Domino;
1384 2629 1430 2663 et
1473 2636 1551 2675 per
1589 2626 1739 2675 “opus

236 2697 450 2726 manuum
483 2683 656 2738 Ipsius”
678 2683 949 2738 intelligitur
979 2685 1189 2726 formatio
1221 2685 1412 2734 illorum,
1442 2693 1487 2727 et
1519 2685 1737 2727 ecclesiae

236 2747 503 2789 instauratio
542 2747 662 2800 apud
707 2747 836 2788 illos:
888 2748 1140 2789 “Excitavi
1171 2748 1333 2805 ‘Ipsum
1379 2749 1422 2789 in
1463 2748 1648 2802 justitia,
1693 2756 1738 2790 et

236 2823 394 2852 omnes
420 2811 514 2852 vias
546 2810 654 2864 Ejus
680 2809 976 2861 rectificabo,”
1003 2810 1226 2865 significat
1252 2813 1372 2866 quod
1407 2812 1496 2865 Ipsi
1525 2812 1736 2852 Divinum

237 2873 413 2915 Bonum
439 2880 486 2915 et
513 2873 726 2923 Divinum
753 2874 939 2923 Verum,
968 2874 1175 2928 “justitia
1187 2876 1206 2891 ’'
1228 2877 1347 2916 enim
1374 2876 1417 2916 in
1446 2875 1600 2916 Verbo
1627 2875 1735 2915 dici-

235 2942 308 2978 tur
329 2936 385 2978 de
407 2933 543 2985 b'ono,
568 2942 614 2978 et
636 2938 770 2978 “viae
782 2937 800 2952 ”
819 2937 1075 2991 significant
1099 2953 1204 2980 vera
1226 2939 1452 2987 ducentia,
1478 2938 1548 2979 hic
1573 2938 1737 2978 Divina

235 3013 342 3040 vera
370 3000 473 3054 quia
504 3000 560 3042 de
594 3001 817 3042 Domino:
859 3001 1000 3055 “Ipse
1027 3002 1280 3043 aedificabit
1308 3002 1463 3043 urbem
1497 3014 1658 3051 meam,
1687 3008 1733 3043 et
