2008 3458
572 393 679 426 CAP.
704 394 826 435 xm„
851 394 989 427 VERs.
1018 394 1187 426 12.—N.
1212 385 1307 439 819.
1565 370 1686 440 '2301

173 500 296 547 *sintss
359 503 439 560 (2.)
478 500 843 548 Ratiocinium'e
869 502 1064 548 naturali
1096 507 1280 548 homine
1313 511 1399 556 est,
1428 505 1554 561 quod'
1575 505 1689 548 fides

75 566 129 624 7'2'5'
190 574 404 623 separata
438 583 465 610 a
502 564 632 611 bonis
664 570 786 611 vitae
825 571 964 611 etiam
1005 570 1250 624 spiritualis
1286 572 1359 620 sit,
1393 583 1495 612 cum
1534 577 1691 612 tamen

188 629 312 673 bona
336 645 453 686 quae
478 633 644 674 amoris
676 639 782 674 sunt
807 634 950 675 vitam
982 634 1095 675 dant
1121 633 1239 683 fidei,
1269 640 1315 675 et
1347 647 1448 675 eam
1481 633 1690 688 spiritua-

193 693 285 736 lem
310 694 509 747 faciunt;
542 702 613 737 est
640 697 760 738 enim
787 709 915 738 amor
939 697 1037 751 ipsa
1063 698 1214 739 anima
1246 697 1362 746 fidei,
1391 704 1437 738 et
1465 710 1595 738 amor
1619 703 1690 738 est

102 763 110 794 έ
143 756 367 811 ”[ί“ειεε,τε;
400 771 505 800 nam
531 759 653 813 quod
680 759 819 800 homo
845 766 984 808 amat,
1010 759 1096 801 hoc
1123 760 1236 808 vult,
1262 767 1307 801 et
1331 760 1452 814 quod
1478 759 1575 801 vult
1602 759 1689 801 hoc

159 852 165 862 s
184 817 326 873 -facit;
358 822 479 877 quod
505 823 646 876 etiam
674 822 897 864 Dominus
924 823 1062 864 docet
1088 823 1206 876 apud
1229 823 1499 873 Jolzannem,

258 916 359 959 “Qui
382 917 491 950 habet
514 924 703 959 praecepta
722 928 812 956 mea,
833 924 868 950 et
892 918 976 950 facit
1001 919 1070 957 illa,
1092 919 1149 950 ille
1174 925 1228 951 est
1253 920 1311 960 qui
1335 925 1433 951 amat
1459 919 1519 951 Me
1533 929 1556 958 ;.
1571 944 1579 952 .
1593 944 1600 952 .
1616 919 1691 961 .qui

365 971 452 993 vero
469 971 542 994 non
559 969 656 994 amat
674 961 745 1001 Me,
762 963 873 994 verba
889 972 970 994 mea
989 973 1062 994 non
1080 962 1230 995 servat''
1247 963 1329 1003 (xiV.
1348 971 1399 1002 21,
1419 963 1494 1003 24):

155 1077 165 1092 ‘
188 1065 295 1108 inde
317 1080 496 1122 quoque
518 1073 648 1122 patet
674 1067 795 1122 quod
821 1067 932 1109 fides
958 1068 1129 1122 absque
1156 1068 1366 1122 operibus
1394 1082 1485 1109 non
1512 1069 1570 1110 sit
1597 1069 1689 1122 spi-

79 1171 91 1183 ,
188 1129 378 1180 ritualis‚
403 1137 473 1172 est
497 1131 616 1172 enim
643 1131 814 1185 absque
839 1132 990 1172 anima
1017 1145 1110 1179 sua,
1135 1138 1181 1173 et
1209 1131 1319 1173 fides
1342 1132 1512 1186 absque
1538 1132 1690 1172 anima

188 1205 272 1235 sua
293 1200 364 1235 est
387 1193 499 1235 fides
523 1201 716 1235 mortua.
780 1193 862 1248 (3)
907 1194 1215 1236 Ratiocinium
1239 1208 1263 1235 e
1286 1194 1480 1235 naturali
1503 1194 1687 1236 homine

69 1252 123 1286 '··
189 1254 330 1298 etiam
361 1262 447 1306 est,
475 1257 596 1311 quod
627 1258 729 1312 quia
761 1257 901 1299 homo
933 1271 1024 1298 non
1056 1264 1213 1311 potest
1246 1258 1416 1298 bonum
1448 1257 1595 1299 facere
1627 1272 1688 1299 ex

189 1331 254 1368 se,
287 1318 399 1361 fides
435 1318 554 1362 facta
589 1321 648 1362 sit
686 1321 884 1362 medium
916 1320 1089 1362 salutis.
1155 1320 1234 1375 (4.)
1288 1321 1596 1362 Ratiocinium
1628 1335 1688 1363 ex

188 1382 386 1424 naturali
417 1383 602 1425 homine
633 1385 773 1425 etiam
805 1390 891 1434 est,
925 1384 1046 1438 quod
1079 1385 1152 1438 qui
1185 1384 1332 1426 solum
1364 1385 1408 1425 in
1440 1383 1528 1426 fide
1566 1391 1687 1435 sunt,

189 1444 235 1487 in
259 1444 369 1488 Deos
383 1447 488 1496 sint,
513 1453 560 1488 et
578 1447 623 1488 in
642 1453 766 1489 statu
787 1448 978 1501 gratiae,
1003 1461 1143 1501 usque
1166 1454 1215 1488 ut
1244 1447 1353 1488 nihil
1381 1448 1686 1489 condemnet:

188 1507 294 1550 inde
325 1521 352 1550 a
378 1509 533 1551 multis
558 1509 756 1552 creditur
782 1511 903 1564 quod
932 1524 1023 1551 non
1051 1512 1355 1552 necessarium
1381 1512 1440 1552 sit
1468 1510 1689 1553 Christia-

116 1612 119 1618 ,
192 1583 300 1613 nam
324 1571 468 1614 vitam
494 1573 660 1622 vivere,
688 1587 804 1627 quae
836 1579 907 1615 est
939 1574 1188 1615 secundum
1215 1581 1462 1628 praecepta
1489 1574 1687 1623 Domini,

122 1643 127 1649 ·
186 1633 398 1677 dicentes
433 1648 602 1685 secum,
637 1635 727 1678 Cur
758 1636 995 1677 intendam
1034 1636 1260 1690 operibus,
1295 1650 1397 1678 cum
1435 1637 1557 1678 bona
1597 1651 1688 1678 non

166 1696 386 1755 ‘salvann
419 1704 466 1740 et
503 1698 625 1740 mala
660 1712 744 1740 nec
782 1699 1126 1741 condemnant?
1191 1699 1352 1740 Fidem
1385 1700 1534 1741 habeo
1565 1700 1688 1754 quod

163 1758 411 1812 QDominus
436 1775 596 1815 passus
622 1763 682 1803 sit
709 1774 888 1803 crucem
916 1776 998 1816 pro
1024 1764 1227 1816 peccatis
1254 1764 1423 1811 mundi,
1452 1770 1498 1804 et
1523 1777 1549 1804 a
1575 1777 1687 1804 con-

186 1822 485 1866 demnatione
508 1824 623 1878 legis
650 1838 733 1866 nos
756 1824 992 1876 liberavit3
1026 1826 1132 1879 quid
1155 1826 1332 1879 magis?
1397 1826 1479 1880 (5.)
1525 1826 1688 1868 Ratio-

185 1885 354 1928 cinium
386 1901 446 1928 ex
479 1889 674 1930 naturali
706 1888 892 1930 homine
923 1896 1010 1938 est,
1043 1890 1164 1943 quod
1196 1889 1295 1937 sola
1326 1889 1437 1931 fides
1474 1891 1532 1931 sit
1570 1891 1687 1932 sicut

185 1961 356 1999 semen,
391 1965 452 1992 ex
482 1965 572 2006 quo
612 1958 890 1994 enascuntur
930 1952 1102 1994 salutes
1143 1954 1291 1994 omnis
1333 1954 1529 2006 generis,
1566 1954 1684 1995 sicut

182 2011 367 2054 frutices
389 2020 436 2056 et
457 2015 642 2056 arbores
664 2029 724 2056 ex
747 2016 919 2056 semine
941 2016 984 2056 in
1008 2016 1180 2067 hortis;
1214 2030 1316 2057 cum
1339 2023 1495 2058 tamen
1518 2017 1563 2058 in
1586 2017 1686 2058 sola
1707 2045 1710 2047 v

184 2074 274 2118 fide
314 2089 406 2118 non
447 2091 603 2119 semen
636 2079 759 2120 vitae
800 2079 873 2127 sit,
908 2079 991 2120 nisi
1032 2093 1058 2120 a
1090 2080 1184 2121 vita
1217 2080 1438 2134 spirituali
1475 2079 1684 2121 hominis.

189 2138 271 2196 (6.)
315 2139 575 2183 Ratiocinia
606 2155 631 2183 e
662 2141 858 2183 naturali
889 2142 1074 2184 homine
1112 2144 1250 2184 etiam
1290 2151 1394 2185 sunt
1427 2144 1579 2185 omnia
1611 2144 1689 2193 illa

186 2216 304 2258 quae
326 2203 383 2245 de
405 2205 796 2258 progressionibus
819 2205 876 2246 ad
895 2204 1267 2258 justificationem
1287 2220 1365 2260 per
1383 2206 1528 2248 solam
1551 2206 1687 2248 fidem

182 2266 244 2308 ab
274 2267 461 2309 eruditis
486 2267 760 2321 dogmaticis
786 2268 1140 2322 istiusseligiosi
1172 2270 1437 2321 traduntur;
1481 2276 1530 2311 ut
1562 2271 1684 2324 quod

176 2330 499 2384 comparanda
525 2331 583 2372 sit
609 2329 771 2372 fiducia
797 2331 924 2372 istius
951 2330 1055 2372 fidei
1081 2345 1140 2373 ex
1168 2331 1338 2382 Verbo,
1363 2347 1422 2374 ex
1450 2334 1685 2387 praedica-

184 2393 310 2434 tione
332 2398 380 2434 et
402 2407 461 2434 ex
484 2391 757 2435 au&0ritate
776 2392 1029 2444 doctorum,
1049 2395 1219 2449 absque
1237 2396 1332 2436 visu
1354 2394 1652 2438 intellecstuali
1673 2411 1682 2448 ;

183 2461 231 2497 et
253 2455 290 2496 si
315 2454 575 2497 intellectus
597 2457 753 2506 intrat,
778 2457 899 2511 quod
922 2456 1035 2498 fides
1061 2471 1151 2498 non
1175 2457 1255 2500 fiat
1278 2459 1547 2513 spiritualis:
1582 2473 1684 2501 cum

184 2525 341 2562 tamen
363 2519 545 2574 quando
567 2519 688 2560 visus
710 2519 1034 2562 intellectualis
1059 2521 1333 2571 excluditur,
1358 2521 1497 2564 homo
1524 2536 1686 2564 caecus

186 2589 273 2632 est,
297 2589 344 2624 et
367 2583 520 2624 coram
544 2582 727 2624 homine
750 2596 890 2625 caeco
916 2583 1172 2625 confirmari
1195 2592 1386 2639 possunt
1408 2586 1520 2627 falsa
1542 2600 1685 2640 aeque

183 2659 237 2687 ac
264 2658 386 2695 vera,
413 2645 552 2687 immo
582 2646 696 2687 salsa
721 2660 828 2700 prae
854 2647 996 2698 veris;
1030 2648 1132 2701 quia
1159 2648 1278 2702 apud
1307 2647 1433 2690 illum
1459 2649 1683 2699 fallaciae,

183 2722 299 2764 quae
339 2709 556 2750 tenebrae
587 2716 708 2757 sunt,
742 2709 842 2764 plus
873 2710 1030 2751 valent
1063 2725 1199 2765 quam
1231 2712 1328 2765 ipsa
1353 2725 1459 2754 vera
1490 2727 1605 2767 quae
1637 2714 1681 2754 in

183 2771 297 2813 luce.
360 2770 564 2813 Occlude
596 2771 895 2819 intellectum,
924 2773 1141 2827 deprome
1173 2775 1422 2824 ratiocinia,
1452 2782 1499 2817 et
1532 2776 1679 2818 adduc

182 2833 554 2885 confirmationes
599 2829 658 2876 ex
701 2849 836 2876 sensu
877 2836 1059 2877 litterae
1101 2836 1256 2886 Verbi,
1299 2844 1346 2879 et
1388 2839 1681 2892 persuadebis

36 2894 96 2956 ’ξ’
135 2939 138 2942 Α
184 2897 486 2952 quodcunque
511 2897 637 2947 velis,
665 2899 881 2952 imprimis
907 2899 951 2939 in
984 2899 1271 2953 theologicis,
1300 2914 1415 2954 quae
1447 2902 1492 2942 in
1524 2902 1680 2943 interi-

183 2973 263 3002 ora
285 2961 451 3002 mentis
474 2960 708 3001 rationalis
731 2962 998 3003 ascendunt.
1056 2961 1190 3015 Quod
1214 2962 1422 3004 dicantur
1444 2964 1680 3006 ratiocinia

183 3037 244 3066 ex
276 3023 470 3065 naturali
502 3023 700 3074 homine,
735 3030 806 3066 est
838 3025 940 3079 quia
973 3025 1191 3066 naturalis
1223 3025 1363 3068 homo
1399 3027 1443 3068 in
1470 3026 1680 3081 jucundis
