2008 3458
382 363 490 406 2452
794 361 1127 394 APOCALYPSIS
1159 360 1456 393 EXPLICATA.

380 487 486 527 gere
513 474 671 522 bonos,
700 479 745 514 et
773 488 980 527 separare
1007 474 1109 515 illos
1136 488 1162 514 a
1192 473 1336 522 malis,
1364 480 1435 515 est
1467 475 1569 528 quia
1601 488 1678 528 per
1706 477 1862 516 “mes-

380 549 475 577 sem
507 536 684 577 terrae'’
711 536 989 589 significatur
1020 537 1204 578 ultimus
1236 544 1384 578 status
1417 537 1652 586 ecclesiae,
1681 537 1863 591 quando

380 599 586 639 ultimum
619 599 846 652 judicium,
886 613 936 640 ac
981 599 1085 640 mali
1128 599 1426 652 conjiciuntur
1462 600 1505 640 in
1542 600 1776 648 infernum,
1816 606 1863 642 et

379 662 485 702 boni
517 661 751 702 elevantur
782 663 825 701 in
858 661 1046 710 caelum,
1081 668 1127 703 et
1164 663 1225 703 sic
1259 669 1537 715 separantur.
1599 661 1733 715 Quod
1772 675 1881 703 non‘

379 725 497 777 prius
529 723 752 773 collectio,
781 726 1008 777 separatio
1041 731 1087 765 et
1121 725 1328 765 ultimum
1351 725 1565 778 judicium
1597 725 1722 772 fiant,
1753 737 1862 766 con-

379 793 500 827 stare
531 793 685 840 potest
718 801 777 827 ex
811 787 897 827 illis
930 801 1042 840 quae
1075 788 1118 827 in
1151 788 1368 841 opusculo
1399 788 1466 828 De
1497 787 1659 829 Ultimo
1683 786 1864 835 Judicio

379 848 498 890 dicta
529 856 648 898 sunt,
677 856 722 890 et
750 864 863 903 quae
893 850 1084 903 amplius
1110 851 1154 890 in
1182 850 1451 903 Appendice
1478 850 1534 890 ad
1557 850 1674 891 hune
1702 849 1863 890 librum

378 912 569 952 dicenda
591 919 720 962 sunt;
755 926 867 965 quae
895 913 938 952 in
966 926 1140 953 summa
1162 914 1456 954 continentur
1480 914 1524 953 in
1552 912 1735 953 Domini
1760 925 1863 952 ver-

380 975 446 1015 bis
473 975 590 1028 apud
616 975 909 1024 Matthaeum,

450 1072 555 1114 Jesus
587 1073 674 1104 dixit
705 1073 795 1104 hanc
824 1074 1048 1113 parabolam:
1086 1074 1234 1106 “Simile
1262 1072 1395 1105 factum
1424 1080 1477 1105 est
1508 1083 1657 1114 regnum
1686 1073 1863 1105 caelorum

552 1117 688 1147 homini
703 1117 892 1148 seminanti
907 1118 1038 1148 bonum
1054 1127 1175 1148 semen
1191 1118 1224 1149 in
1240 1128 1325 1157 agro
1339 1127 1423 1154 suo;
1448 1118 1510 1149 sed
1523 1118 1606 1148 dum
1620 1117 1866 1149 dormiverunt

552 1160 727 1197 homines,
762 1161 858 1191 venit
888 1161 964 1200 ejus
994 1161 1166 1198 inimicus,
1195 1167 1230 1192 et
1258 1161 1446 1192 seminavit
1473 1161 1708 1192 zizania...et
1735 1161 1863 1192 abivit:

553 1213 631 1234 cum
659 1213 744 1234 vero
772 1204 986 1243 germinavit
1013 1204 1130 1241 herba,
1155 1210 1190 1235 et
1218 1203 1371 1235 studium
1400 1204 1491 1241 fecit,
1516 1211 1599 1235 tunc
1626 1210 1866 1244 apparuerunt

553 1248 659 1278 etiam
678 1247 820 1278 zizania.
868 1247 1103 1279 Accedentes.
1119 1248 1227 1279 ‚servi
1247 1247 1518 1279 Patrisfamilias
1535 1247 1700 1278 dixerunt
1717 1247 1778 1285 illi.
1794 1246 1865 1278 Do-

554 1291 660 1328 mine,
676 1300 795 1321 nonne
810 1292 940 1321 bonum
956 1301 1079 1322 semen
1094 1291 1277 1322 seminasti
1295 1291 1329 1322 in
1348 1301 1433 1330 agro
1448 1292 1531 1323 tuo?
1554 1291 1647 1322 unde
1660 1300 1745 1331 ergo
1758 1291 1865 1322 habet

554 1334 708 1366 zizania?
768 1333 836 1364 Hic
864 1344 948 1364 vero
973 1334 1061 1366 dixit
1089 1334 1167 1372 illis,
1194 1334 1363 1365 Inimicus
1387 1335 1453 1365 hoc
1481 1333 1572 1366 fecit.
1619 1334 1719 1365 Servi
1746 1340 1864 1366 autem

555 1378 720 1408 dixerunt
740 1377 797 1414 illi,
816 1378 926 1408 Visne
947 1387 1031 1418 ergo
1051 1379 1222 1409 abeuntes
1243 1378 1450 1417 colligamus
1470 1379 1534 1410 ea?
1579 1377 1643 1408 Ille
1663 1387 1748 1408 vero
1766 1377 1864 1418 dixit,

557 1421 610 1452 Ne
639 1421 730 1451 forte
754 1421 963 1460 colligentes
988 1421 1122 1452 zizania
1146 1422 1330 1452 eradicetis
1355 1421 1459 1452 simul
1487 1430 1564 1452 cum
1593 1421 1661 1452 illis
1689 1421 1863 1457 triticum:

556 1464 661 1495 sinite
681 1474 752 1495 una
772 1474 929 1495 crescere
949 1470 1096 1505 utraque
1116 1474 1226 1505 usque
1246 1465 1290 1495 ad
1310 1474 1474 1501 messem,
1495 1470 1530 1495 et
1553 1470 1714 1505 tempore
1737 1463 1864 1496 messis

555 1508 669 1539 dicam
691 1508 918 1545 messoribus,
940 1507 1104 1548 Colligite
1125 1509 1220 1548 prius
1241 1508 1383 1544 zizania,
1404 1514 1438 1538 et
1458 1508 1622 1547 colligate
1641 1517 1684 1539 ea
1707 1508 1743 1538 in
1763 1506 1866 1539 fasci-

556 1551 654 1582 culos
682 1551 727 1582 ad
751 1551 1046 1582 comburendum.
1062 1576 1084 1588 .,
1110 1551 1263 1582 triticum
1289 1561 1373 1582 vero
1398 1557 1611 1591 congregate
1635 1551 1671 1582 in
1698 1551 1864 1582 horreum

555 1604 684 1625 meum.
726 1594 853 1626 ....Et
880 1601 1104 1626 accesserunt
1131 1595 1176 1626 ad
1206 1595 1325 1635 Ipsum
1355 1595 1515 1635 discipuli
1546 1594 1672 1634 Ipsius,
1696 1594 1863 1632 dicentes,

557 1638 704 1678 Expone
719 1638 822 1668 nobis
837 1639 1040 1678 parabolam
1055 1638 1268 1669 zizaniorum
1283 1638 1369 1677 agri.
1418 1637 1514 1677 Ipse.
1530 1638 1765 1678 .respondens
1776 1637 1866 1668 dixit

555 1682 633 1718 illis,
655 1681 723 1722 Qui
749 1682 899 1712 seminat
923 1683 1057 1712 bonum
1078 1692 1199 1713 semen
1225 1688 1279 1712 est
1305 1681 1412 1712 Filius
1436 1681 1614 1719 hominis;
1642 1690 1727 1721 ager
1746 1687 1864 1712 autem

554 1731 608 1756 est
629 1725 791 1761 mundus,
812 1735 934 1756 semen
956 1735 1040 1756 vero
1061 1731 1143 1756 sunt
1163 1725 1224 1756 filii
1244 1724 1354 1764 regni,
1375 1733 1412 1756 at
1431 1725 1565 1756 zizania
1584 1731 1667 1756 sunt
1686 1724 1746 1756 filii
1772 1724 1864 1756 illius

556 1768 649 1806 mali,
675 1769 837 1799 inimicus
861 1776 978 1799 autern
1005 1769 1063 1809 qui
1087 1769 1240 1800 seminat
1264 1769 1325 1799 illa
1353 1775 1408 1799 est
1430 1768 1602 1806 diabolus,
1628 1767 1755 1803 mess-is
1779 1777 1864 1799 vero

555 1812 815 1843 consummatio
829 1812 958 1843 saeculi
975 1819 1037 1849 est,
1053 1822 1230 1843 messores
1247 1818 1364 1842 autem
1379 1818 1462 1842 sunt
1474 1812 1591 1852 angeli
1605 1821 1612 1847 ;
1637 1811 1866 1852 quemadmo-

555 1856 638 1886 dum
656 1865 741 1895 ergo
758 1855 972 1895 colliguntur
989 1856 1131 1892 zizania,
1149 1862 1184 1886 et
1201 1855 1283 1895 igne
1300 1856 1563 1892 comburuntur,
1581 1855 1631 1886 sic
1648 1855 1714 1886 erit
1730 1854 1772 1885 in'
1783 1857 1865 1885 c‘on-

555 1899 792 1929 summatione
810 1899 940 1929 saeculi
955 1910 960 1930 :
988 1899 1102 1930 mittet
1122 1899 1229 1930 Filius
1247 1899 1401 1929 hominis
1419 1899 1567 1938 angelos
1585 1907 1680 1936 suOS,
1694 1897 1752 1938 qui
1767 1897 1865 1929 colli-

554 1948 639 1981 gent
659 1952 677 1973 e
698 1952 808 1981 regno
831 1942 946 1982 Ipsius
967 1943 1088 1973 omnia
1107 1942 1349 1980 offendicula„
1364 1967 1370 1973 .
1386 1943 1459 1982 ,qui
1479 1942 1614 1973 faciunt
1632 1941 1864 1982 iniquitatem,

554 1992 589 2016 et
609 1986 750 2016 mittent
770 1995 830 2016 eos
856 1986 890 2016 in
911 1986 1089 2016 caminum
1112 1986 1215 2026 ignis,
1236 1986 1295 2016 ubi
1316 1986 1383 2016 erit
1403 1986 1560 2025 ploratus
1580 1991 1614 2016 et
1634 1984 1763 2016 stridor
1781 1984 1866 2016 den-

554 2029 662 2060 tium:
696 2035 779 2060 tunc
803 2029 888 2069 justi
913 2029 1099 2070 fulgebunt
1123 2036 1161 2060 ut
1189 2029 1242 2060 sol
1271 2029 1306 2060 in
1333 2039 1443 2069 regno
1470 2028 1584 2060 Patris
1595 2027 1614 2040 ”
1637 2027 1722 2068 (xiii.
1747 2035 1864 2067 24-30‚

555 2072 675 2111 36-43)
688 2083 694 2104 :

381 2180 458 2220 per
484 2166 599 2206 hanc
628 2166 890 2219 parabolam
917 2166 1114 2208 illustrat
1142 2167 1362 2207 Dominus
1389 2166 1539 2207 omnia
1564 2179 1678 2219 quae
1703 2166 1747 2205 in
1776 2164 1862 2206 hoc

381 2229 529 2282 capite
554 2228 878 2281 Apocalypseos
914 2229 959 2283 (a
990 2244 1121 2270 versu
1158 2241 1207 2281 14
1236 2230 1293 2270 ad
1331 2228 1398 2283 19)
1428 2229 1636 2269 dicuntur
1666 2227 1721 2268 de
1748 2226 1864 2268 Filio

380 2291 575 2331 hominis
593 2291 790 2331 habente
809 2292 853 2331 in
873 2305 1006 2331 manu
1025 2305 1104 2331 sua
1121 2291 1283 2332 falcem
1302 2298 1348 2332 et
1368 2296 1583 2339 metente,
1605 2295 1650 2331 et
1669 2289 1788 2343 quod
1806 2289 1864 2330 ab

381 2354 487 2407 Ipso
518 2360 564 2394 et
596 2354 654 2394 ab
679 2354 853 2406 angelis
881 2354 1088 2394 demessa
1114 2355 1171 2395 sit
1199 2360 1343 2394 terra:
1383 2354 1571 2393 docetur
1597 2352 1715 2393 enirn
1741 2351 1866 2405 quod>
1900 2352 1904 2359 '

381 2431 459 2471 per
497 2417 834 2457 “seminantem
855 2417 873 2431 ''
909 2416 1191 2470 intelligatur
1232 2417 1467 2464 Dominus,
1509 2416 1582 2468 qui
1623 2415 1681 2455 ibi
1723 2415 1861 2455 etiam

379 2486 569 2521 vocatur
593 2478 772 2520 “Filius
794 2479 986 2520 hominis
1005 2479 1037 2530 ;'’
1069 2480 1189 2533 quod
1212 2493 1290 2533 per
1310 2477 1602 2519 “messores’'
1624 2491 1702 2518 seu
1727 2480 1862 2518 “me-

382 2542 566 2584 tentes'’
598 2542 913 2595 intelligantur
945 2543 1109 2595 angeli,
1143 2549 1190 2583 et
1227 2542 1346 2596 quod
1382 2541 1588 2581 “zizania
1623 2540 1863 2581 mittentur

381 2607 425 2647 in
457 2607 681 2647 caminum
713 2606 868 2659 ignis‚'’
901 2613 946 2647 et
982 2607 1190 2647 “bonurn
1223 2618 1377 2646 semen
1410 2604 1651 2657 colligetur
1679 2603 1724 2644 in
1755 2603 1861 2644 hor-

380 2669 544 2724 reum‚'’
571 2676 616 2710 et
649 2670 767 2723 quod
800 2668 876 2709 illa
908 2682 996 2709 non
1028 2669 1145 2722 prius
1171 2668 1280 2709 fient
1306 2680 1438 2721 quarn
1468 2668 1549 2707 “in
1575 2678 1861 2707 consumma-

381 2735 505 2775 tione
532 2733 736 2781 saeculi,'’
763 2747 840 2786 per
866 2745 998 2786 quarn
1026 2731 1300 2784 significatur
1326 2731 1508 2771 ultimus
1541 2735 1688 2770 status
1714 2728 1860 2769 eccle-

382 2798 487 2846 siae,
512 2797 570 2837 ob
593 2810 774 2837 causam
800 2800 893 2836 “ne
917 2810 1004 2835 una
1027 2808 1127 2835 cum
1151 2795 1328 2835 zizaniis
1351 2794 1602 2834 eradicetur
1623 2789 1861 2832 triticum.”

383 2860 609 2913 Quoniam
636 2860 747 2900 haec
781 2859 994 2913 parabola
1028 2858 1210 2898 Domini
1241 2858 1284 2898 in
1317 2871 1364 2897 se
1396 2869 1559 2896 arcana
1590 2855 1646 2895 de
1678 2867 1860 2907 separa-

383 2924 506 2964 tione
544 2923 763 2963 malorum
805 2922 1014 2969 abonis,
1054 2927 1099 2961 et
1142 2921 1197 2961 de
1238 2919 1399 2960 ultimo
1435 2917 1600 2970 judicio
1636 2916 1857 2964 continet,

384 2986 574 3027 interest
611 2992 659 3026 ut
697 2985 962 3038 singillatim
1001 2983 1267 3037 explicetur.
1329 2983 1410 3023 Per
1448 2985 1672 3034 “regnum
1709 2978 1860 3020 caelo-
