2098 3476
594 361 700 394 CAP.
726 361 829 402 xn„
854 361 993 394 visas.
1019 362 1165 405 3.-Ν.
1189 353 1369 408 714[a'].
1625 354 1728 409 1961

231 476 442 532 figuntur
471 475 590 518 tales
621 481 872 530 serpentes,
901 475 945 516 in
977 475 1134 518 Verbo
1166 475 1477 530 significentur
1509 477 1734 518 sensualia

236 553 329 582 non
359 538 508 591 mala;
546 553 625 580 seu
656 538 886 592 applicate
918 539 975 580 ad
1002 553 1235 592 personaS,
1263 539 1473 580 homines
1500 540 1734 582 sensuales

102 593 167 622 ³¹*
190 624 194 642 :
235 616 328 649 non
358 601 480 645 mali.
542 600 679 655 Quod
715 602 877 642 eadem
913 615 1027 643 voce
1063 603 1106 643 in
1146 602 1300 656 lingua
1339 602 1551 644 Hebraea
1588 604 1735 644 nomi-

235 672 404 716 nentur
423 665 645 707 dracones
667 679 756 719 qua
781 664 900 706 tales
922 671 1174 719 serpentes,
1199 671 1412 706 constare
1436 672 1592 719 potest
1615 666 1735 720 apud

163 726 169 781 ’ζ
179 773 186 788 4
227 729 402 791 ‘Mosam

309 825 402 859 Cum
425 825 459 858 ei
482 825 691 858 mandatum
716 831 771 857 est
798 835 818 857 e
843 826 933 857 rubo
958 826 1133 867 projicere
1157 826 1321 858 baculum
1347 836 1450 858 suum
1476 827 1511 858 in
1537 832 1678 864 terram,
1702 832 1739 858 et

409 869 504 911 quod
517 879 597 901 cum
609 879 734 901 versus
748 875 803 901 est
816 870 852 901 in
866 876 1085 910 serpentem,
1099 870 1222 901 Moses
1236 870 1472 910 prehenderet
1486 871 1634 902 caudam
1648 870 1727 911 ejus

408 923 454 946 ex
469 922 540 956 quo
557 911 654 945 faeto
671 923 821 954 serpens
839 911 1006 945 reversus
1023 920 1078 945 est
1095 914 1130 945 in
1150 914 1313 945 baculum
1332 913 1456 954 (Exod.
1474 914 1519 946 iv.
1538 923 1567 953 3,
1585 914 1641 954 4);

218 1035 221 1039 s
233 1001 282 1039 et
307 978 485 1052 postea,

308 1079 414 1123 Quod
439 1079 564 1112 Moses
588 1079 782 1120 sumpserit
805 1079 982 1117 baculum,
1011 1086 1048 1111 et
1071 1079 1262 1120 projecerit
1286 1090 1367 1112 eum
1392 1086 1476 1111 ante
1503 1080 1738 1114 Pharaonem.

409 1124 505 1166 quod
522 1122 639 1156 faetus
655 1124 702 1155 sit
719 1124 755 1155 in
773 1130 978 1164 serpentem
998 1123 1229 1163 (draconem),
1247 1130 1283 1155 et
1300 1124 1394 1165 quod
1412 1125 1507 1165 magi
1525 1125 1642 1156 simile
1658 1134 1739 1155 cum

410 1167 486 1200 suis
499 1168 635 1200 baculis
648 1167 798 1199 fecerint
812 1177 820 1204 ;
840 1168 904 1199 sed
922 1168 1016 1208 quod
1031 1168 1178 1199 baculus
1194 1167 1319 1206 Mosis,
1334 1175 1418 1199 tunc
1431 1178 1580 1208 serpens
1593 1168 1739 1207 (draco),

409 1211 640 1252 deglutiverit
671 1212 818 1243 baculos
850 1217 1037 1252 serpentes
1068 1211 1271 1252 (dracones)
1303 1221 1490 1252 magorum
1527 1212 1651 1252 (Exod.
1681 1212 1739 1244 vii.

410 1255 530 1297 9-12):

235 1365 424 1407 serpens
454 1351 500 1393 in
533 1351 668 1406 priori
699 1351 802 1392 loco
835 1350 923 1392 alia
953 1364 1068 1392 voce
1099 1351 1143 1391 in
1176 1351 1331 1404 lingua
1358 1350 1566 1405 originali
1593 1352 1739 1392 nomi-

235 1421 372 1457 natur
387 1428 523 1470 quarn
546 1416 590 1456 in
613 1415 866 1469 posteriore
885 1429 894 1466 ;
927 1415 970 1455 in
995 1415 1130 1468 priori
1153 1414 1256 1455 loco
1275 1415 1535 1455 nominatur
1552 1428 1739 1468 serpens

116 1479 122 1489 “
170 1497 173 1499 ·
232 1478 467 1520 communi
492 1491 606 1520 voce
638 1492 726 1532 qua
757 1478 864 1519 alibi
894 1478 940 1518 in
973 1477 1131 1519 Verbo
1163 1491 1364 1531 serpens,
1393 1478 1473 1518 sed
1506 1478 1550 1518 in
1583 1484 1739 1531 poste-

235 1541 354 1584 riore
385 1540 490 1583 loco
519 1554 633 1582 voce
665 1555 753 1595 qua
784 1541 1046 1582 nominatur
1072 1541 1238 1589 draco3
1278 1541 1339 1581 sic
1373 1547 1422 1581 ut
1450 1541 1740 1594 interpretari

235 1602 377 1647 etiam
399 1603 551 1651 liceat,
570 1604 692 1658 quod
709 1603 896 1644 baculus
921 1603 1062 1644 Mosis
1085 1602 1311 1657 projeetus
1329 1616 1483 1644 coram
1504 1603 1740 1645 Pharaone

237 1675 484 1709 conversus
506 1667 565 1708 sit
587 1668 632 1708 in
655 1667 901 1708 draconem
920 1680 928 1707 :
963 1681 1022 1708 ex
1046 1681 1101 1707 eo
1124 1667 1327 1720 sequitur
1349 1667 1470 1720 quod
1493 1681 1572 1720 per
1597 1667 1738 1708 “dra-

237 1742 401 1773 eonem
415 1729 436 1746 ‘¹
461 1744 605 1784 aeque
631 1743 683 1771 ac
716 1744 796 1784 per
824 1729 1157 1784 “serpentem”
1183 1731 1228 1770 in
1259 1730 1381 1771 bono
1408 1744 1543 1771 sensu
1569 1729 1740 1784 signifi—

232 1800 371 1847 -cetur,
397 1792 622 1841 sensuale,
650 1793 772 1847 quod
804 1799 875 1834 est
909 1793 1118 1834 ultimum
1151 1793 1372 1834 naturalis
1404 1793 1615 1842 hominis,
1650 1806 1741 1834 non

235 1855 409 1901 malum
441 1870 520 1898 seu
552 1869 643 1897 non
671 1856 964 1897 malitiosum.
1027 1856 1079 1897 In
1113 1857 1282 1897 mitiori
1314 1856 1400 1898 hoc
1435 1870 1570 1897 sensu
1602 1857 1741 1898 etiam

241 1920 538 1963 nominantur
567 1919 861 1961 “dracones’'
888 1919 1009 1973 apud
1034 1919 1240 1968 Esaiam,
1568 1916 1571 1918 ’

306 2015 542 2050 “Honorabit
562 2015 622 2048 Me
646 2016 724 2049 fera
746 2016 834 2057 agri,
855 2016 1030 2048 dracones
1050 2022 1086 2047 et
1105 2016 1200 2048 filiae
1220 2013 1384 2054 noctuae,
1404 2026 1449 2047 eo
1468 2016 1563 2057 quod
1582 2016 1742 2049 dederim

414 2060 451 2093 in
465 2060 610 2093 deserto
621 2070 745 2102 aquas,
757 2060 885 2092 fluvios
899 2060 936 2092 in
949 2060 1155 2098 solitudine,
1166 2060 1211 2092 ad
1226 2060 1423 2101 potandum
1436 2061 1609 2101 populum
1623 2070 1742 2093 meum

413 2102 568 2137 electum
581 2103 600 2116 '’
616 2103 714 2145 (xliii.
732 2105 808 2145 2o);

243 2192 292 2230 et
317 2186 440 2253 apud
464 2186 728 2236 Jeremz‘am,

306 2272 326 2286 ⁸⁸
335 2269 455 2304 Cerva
469 2270 506 2303 in
519 2280 607 2312 agro
620 2271 768 2312 peperit,
782 2270 845 2303 sed
859 2271 1095 2312 relinquendo
1109 2271 1192 2313 quia
1209 2281 1281 2302 non
1295 2270 1361 2303 fuit
1373 2281 1522 2312 gramen
1538 2280 1545 2309 ς
1570 2277 1605 2303 et
1618 2271 1745 2312 onagri

415 2320 591 2347 steterunt
615 2325 723 2356 super
746 2315 906 2351 collibus,
926 2315 1142 2347 anhelarunt
1167 2322 1313 2347 ventum
1338 2315 1430 2347 sicut
1453 2316 1638 2354 dracones,
1660 2325 1746 2353 con-

414 2359 548 2400 sumpti
565 2364 650 2391 sunt
666 2359 760 2390 oculi
777 2369 912 2397 eorum,
930 2359 1026 2400 quod
1043 2369 1117 2390 non
1134 2359 1246 2390 herba
1258 2358 1276 2370 ”
1293 2358 1376 2399 (xiv.
1397 2356 1513 2402 [5,]⁴6)
1527 2370 1534 2391 ;

241 2455 287 2496 in
309 2454 380 2496 his
406 2454 518 2496 locis
543 2455 805 2496 “dracones
818 2454 838 2470 ”
859 2455 1022 2496 eadem
1043 2468 1158 2496 voce
1181 2455 1476 2496 nominantur
1498 2469 1586 2509 qua
1611 2458 1744 2496 “ser-

240 2517 441 2573 pentes'’
476 2518 522 2560 in
562 2531 745 2572 genere,
785 2525 832 2560 et
873 2532 1053 2572 quoque
1094 2518 1255 2559 eadem
1296 2532 1409 2559 voce
1451 2519 1746 2559 nominantur

239 2581 404 2630 ,⁴⁵ceti’'
429 2582 476 2623 in
507 2583 634 2631 mari,
663 2595 742 2636 per
772 2596 885 2636 quos
912 2583 1052 2623 etiam
1079 2582 1226 2623 simile
1252 2581 1548 2635 significatur,
1579 2595 1744 2635 nempe

241 2644 451 2687 naturale
482 2644 680 2686 hominis
711 2645 756 2686 in
788 2645 1032 2694 communi,
1068 2645 1189 2699 quod
1222 2651 1292 2686 est
1326 2644 1563 2695 sensuale;
1607 2657 1744 2698 quare

241 2707 287 2750 in
317 2709 560 2763 posteriori
597 2708 701 2750 loco
737 2709 879 2750 etiam
917 2709 1210 2762 interpretari
1248 2708 1371 2757 licet,
1408 2707 1743 2748 “Anhelarunt

242 2778 432 2814 ventum
459 2773 576 2814 sicut
604 2771 733 2814 ceti.”

315 2869 503 2912 (Similiter
525 2871 621 2912 apud
643 2870 802 2909 Esaiam,
827 2880 902 2911 cap.
928 2870 962 2902 li.
987 2879 1029 2911 9:
1058 2870 1153 2911 apud
1177 2869 1375 2912 Jeremz'am,
1396 2879 1471 2910 cap.
1496 2868 1530 2901 li.
1557 2877 1620 2907 34:
1649 2867 1743 2908 apud

416 2914 639 2954 Ezechielem,
656 2924 732 2956 cap.
750 2915 844 2946 xxix.
863 2923 892 2954 3,
910 2923 931 2954 4
946 2924 953 2953 ;
979 2921 1014 2946 et
1031 2915 1125 2955 apud
1142 2914 1323 2950 Davidem,
1345 2913 1402 2945 Ps.
1420 2913 1527 2944 lxxiv.
1546 2911 1633 2951 [¹113,
1654 2910 1718 2951 14.)

243 3008 362 3052 Sunt
388 3010 528 3052 etiam
553 3009 762 3052 homines
788 3023 911 3051 mere
938 3008 1173 3051 sensuales
1199 3009 1273 3063 qui
1298 3008 1420 3050 boni.
