2054 3464
411 352 432 381 2
444 350 518 395 172
820 348 1151 383 APOCALYPSIS
1180 350 1479 383 EXPLICATA.

407 463 462 503 sit
486 476 510 502 a
537 462 746 511 Domino,
767 468 812 503 et
835 462 942 503 nihil
964 462 1021 503 ab
1041 462 1235 512 homine,
1255 469 1300 504 et
1323 463 1442 517 quod
1467 463 1568 504 ideo
1589 462 1725 504 homo
1746 462 1890 516 possit
1915 460 1921 462 ⁷

408 526 621 566 desistere
647 540 673 566 a
697 526 901 566 faciendo
927 526 1108 575 bonum,
1136 533 1182 567 et
1214 540 1350 580 usque
1383 526 1572 578 salvari;
1605 539 1705 566 cum
1736 531 1890 567 tamen
1937 523 1940 526 ⁴

408 601 586 640 prorsus
613 588 852 628 discordat.

489 654 571 707 [b.]
619 654 753 707 Quod
785 655 896 695 talia
926 668 1006 708 per
1033 655 1260 708 “pardum
1274 655 1294 671 ”
1319 655 1645 708 significentur,
1677 655 1889 696 constare·

409 722 560 768 potest
588 729 614 755 a
639 716 928 769 sequentibus
945 716 1150 768 2—Apud
1172 711 1430 765 Jeremz'am,

473 809 594 841 “Num
610 817 792 842 convertet
807 810 980 851 Aethiops
997 817 1112 843 cutem
1131 822 1241 849 suam,
1255 818 1314 843 aut
1328 812 1457 852 pardus
1474 811 1629 843 maculas
1647 811 1752 844 suas?
1775 809 1912 846 Etiam„

579 856 643 885 v'os
662 854 810 894 potestis
823 855 956 885 bonum
971 854 1096 894 facere,
1111 855 1169 896 qui
1183 853 1298 886 edocti
1312 856 1397 886 estis
1415 855 1547 886 malum
1560 854 1703 886 facere''
1714 853 1798 895 (xiii.
1815 853 1870 895 23)
1882 864 1890 872 ·

410 954 566 994 “Num
600 961 835 996 convertet
867 955 1092 1009 Aethiops
1129 962 1278 997 cutem
1315 970 1439 997 suam
1454 956 1491 997 ?”
1517 955 1739 1010 significat
1770 955 1891 1009 quod

409 1017 573 1057 malum
606 1031 694 1058 non
719 1019 857 1071 possit
884 1024 1056 1059 mutare
1083 1025 1287 1059 naturam
1314 1032 1466 1070 suam;
1502 1017 1798 1071 “Aethiops’'
1819 1023 1890 1059 est

407 1079 571 1119 malum
598 1081 640 1120 in
663 1094 741 1120 sua
765 1080 917 1129 forma,
946 1081 1047 1134 quia
1068 1087 1191 1122 totus
1223 1082 1372 1134 niger;
1406 1083 1451 1122 et
1480 1080 1671 1130 “cutis‚’'
1692 1080 1794 1134 quia
1819 1086 1890 1125 est

406 1149 659 1182 extremum
677 1143 880 1191 hominis,
899 1150 943 1183 et
962 1144 1284 1196 correspondet
1307 1144 1398 1196 ejus
1422 1143 1627 1192 sensuali,
1644 1149 1712 1184 est
1731 1149 1890 1184 natura

408 1203 526 1254 ejus;
563 1209 677 1245 “aut
709 1205 871 1257 pardus
904 1205 1101 1246 maculas
1132 1219 1233 1246 suas
1249 1206 1285 1246 ?”
1317 1206 1539 1259 significat
1574 1205 1692 1259 quod
1728 1204 1888 1262 falsum

407 1266 510 1306 mali
537 1280 618 1307 nec
646 1268 785 1319 possit
813 1274 1011 1318 mutare3
1046 1268 1278 1321 “pardus”
1300 1268 1369 1308 hic
1397 1275 1465 1309 est
1491 1268 1648 1308 falsum
1671 1281 1729 1308 ex
1751 1266 1886 1315 malo,

408 1335 477 1369 est
514 1330 631 1369 enim
663 1343 815 1370 verum
851 1329 1132 1370 falsificatum
1164 1344 1241 1383 per
1272 1332 1516 1378 ratiocinia,
1544 1337 1590 1371 et
1619 1328 1890 1370 “maculae”

408 1397 511 1431 sunt
537 1391 793 1442 falsificata3
826 1394 927 1445 quia
953 1399 1189 1446 utrumque
1214 1399 1283 1433 est
1316 1400 1474 1433 contra
1504 1393 1685 1440 bonum,
1713 1391 1888 1439 dicitur,

410 1454 598 1494 “Etiam
626 1469 704 1495 vos
730 1457 920 1508 potestis
946 1456 1113 1496 bonum
1139 1456 1296 1504 facere,
1321 1457 1393 1509 qui
1419 1454 1566 1496 edocti
1589 1455 1696 1496 estis
1722 1454 1890 1496 malum

409 1517 551 1558 facere
572 1517 605 1557 :'’
637 1518 797 1558 dicitur
823 1518 942 1571 quod
974 1525 1210 1571 utrumque
1242 1519 1298 1559 sit
1330 1525 1490 1559 contra
1519 1518 1700 1566 bonum,
1728 1529 1916 1570 nempe?

410 1580 574 1619 malum
607 1587 652 1621 et
683 1580 840 1621 falsum
873 1581 990 1629 mali,
1019 1581 1121 1634 quia
1146 1587 1214 1622 est
1238 1581 1403 1621 malum
1429 1580 1689 1628 voluntatis,
1716 1585 1763 1620 et
1786 1578 1891 1620 inde

407 1642 565 1682 salsum
588 1642 868 1693 intellectum
897 1643 1062 1684 malum
1086 1644 1330 1684 voluntatis
1353 1651 1421 1684 est
1444 1643 1608 1683 malum
1631 1657 1690 1683 ex
1716 1648 1888 1690 natura,

409 1712 454 1745 et
486 1705 644 1746 falsum
675 1705 930 1747 intellectus
966 1706 1015 1747 fit
1049 1706 1215 1747 malum
1247 1720 1326 1759 per
1356 1705 1518 1754 ac‘tum,
1547 1718 1650 1746 nam
1680 1704 1892 1746 voluntas

410 1769 503 1820 agit
530 1782 607 1820 per
632 1767 911 1810 intellectum
943 1776 989 1809 et
1015 1769 1119 1810 facit
1146 1769 1324 1810 malum.
1385 1769 1522 1821 Apud
1548 1767 1750 1816 Esaiam,

476 1864 578 1895 “Erit
594 1864 730 1904 justitia
742 1864 920 1904 cingulum
941 1865 1140 1896 lumborum
1167 1864 1293 1905 Ipsius,
1314 1871 1348 1895 et
1367 1864 1496 1895 veritas
1516 1863 1694 1904 cingulum
1718 1862 1891 1894 feminum

584 1908 712 1948 Ipsius:
727 1918 834 1948 quare
846 1908 1120 1939 commorabitur
1129 1909 1231 1948 lupus
1241 1918 1319 1939 cum
1331 1918 1435 1948 agno,
1446 1914 1481 1938 et
1490 1908 1618 1947 pardus
1629 1916 1709 1938 cum
1718 1905 1848 1938 haedo·
1863 1914 1892 1944 .;

588 1976 595 1982 .
611 1951 885 2034 ,vitu(lus,5eti62;rn
903 1952 959 1982 leo
971 1951 1112 1992 juvenis
1129 1958 1163 1983 et
1180 1952 1379 1991 saginatum
1397 1961 1477 1989 una,
1491 1957 1526 1982 et
1542 1960 1629 1991 puer
1641 1959 1773 1991 parvus
1786 1949 1892 1985 ducet

582 2004 643 2025 eos
706 2005 749 2026 X1.
790 2020 796 2032 ‚
860 2006 866 2026 :

410 2080 519 2129 haec
543 2089 597 2129 de
617 2089 812 2129 Domino
834 2095 879 2129 et
899 2089 953 2129 de
977 2089 1119 2141 Ipsius
1136 2102 1290 2142 regno,
1312 2102 1361 2129 ac
1385 2089 1440 2129 de
1462 2094 1585 2129 statu
1606 2088 1890 2130 innocentiae

411 2158 456 2192 et
493 2152 613 2204 pacis
650 2152 733 2201 ibi;
776 2152 893 2204 quod
930 2152 1039 2192 haec
1082 2152 1137 2192 de
1175 2152 1371 2192 Domino
1411 2149 1530 2191 dicta
1566 2151 1668 2199 sint,
1702 2156 1829 2203 patet
1864 2163 1892 2190 a

411 2228 539 2254 versu
577 2226 609 2261 Ι,
643 2214 770 2266 hujus
806 2215 978 2267 capitis,
1013 2215 1085 2254 ubi
1118 2215 1278 2255 dicitur
1308 2214 1426 2267 quod
1462 2215 1627 2266 “virga
1657 2213 1799 2254 exibit
1830 2214 1890 2254 ex

412 2276 769 2328 truncoJischaji‚
785 2283 830 2316 et
849 2276 1047 2316 surculus
1065 2290 1123 2317 ex
1138 2277 1358 2317 radicibus
1377 2276 1467 2328 ejus
1484 2273 1709 2329 [fructum]
1729 2276 1840 2316 seret
1857 2275 1892 2316 :”

413 2339 530 2392 quod
556 2338 765 2390 “justitia
796 2338 1022 2391 cingulum
1058 2338 1309 2379 lumborum
1347 2339 1488 2390 Ipsius
1520 2339 1616 2386 erit,
1650 2343 1695 2378 et
1725 2339 1892 2379 veritas

412 2400 638 2453 cingulum
660 2401 870 2441 feminum
898 2401 1078 2453 Ipsius‚''
1095 2401 1316 2453 significat
1338 2401 1456 2453 quod
1480 2400 1690 2440 Divinum
1716 2400 1890 2441 Bonum

413 2463 659 2515 procedens
693 2477 751 2503 ex
794 2463 956 2503 Divino
992 2463 1162 2503 Amore
1205 2463 1385 2503 Domini
1425 2462 1666 2515 conjunget
1705 2461 1806 2503 illos
1846 2463 1891 2503 in

414 2525 538 2565 caelo
565 2532 610 2566 et
642 2527 685 2565 in
717 2525 908 2566 ecclesia
933 2526 1005 2578 qui
1037 2526 1080 2565 in
1112 2538 1262 2565 amore
1294 2526 1337 2565 in
1371 2525 1521 2576 Ipsum
1553 2530 1671 2572 sunt,
1699 2531 1745 2565 et
1771 2524 1890 2578 quod

414 2588 622 2627 Divinum
641 2588 810 2628 Verum
833 2588 1080 2640 procedens
1102 2602 1160 2628 ex
1185 2588 1288 2640 Ipso
1311 2587 1553 2639 conjunget
1575 2586 1676 2627 illos
1697 2587 1740 2627 in
1763 2586 1891 2628 caelo

413 2657 458 2691 et
481 2651 524 2690 in
543 2650 733 2690 ecclesia
747 2651 820 2703 qui
843 2651 885 2690 in
904 2663 1055 2690 amore
1073 2663 1181 2702 erga
1198 2650 1452 2702 proximum
1472 2655 1575 2689 sunt
1593 2663 1602 2699 3
1629 2662 1707 2701 per
1726 2648 1890 2702 “justi-

413 2712 562 2760 tiam‚'’
594 2725 694 2752 cum
732 2713 787 2752 de
822 2713 1032 2758 Domino,
1066 2711 1335 2764 intelligitur
1367 2711 1578 2751 Divinum
1616 2711 1806 2761 Bonum,
1837 2723 1890 2752 ac

414 2790 490 2828 per
508 2775 720 2815 “lumbos
740 2774 914 2828 Ipsius”
932 2774 1247 2827 intelliguntur
1265 2774 1327 2814 illi
1346 2775 1418 2826 qui
1442 2775 1484 2813 in
1504 2787 1655 2814 amore
1678 2775 1722 2814 in
1737 2773 1889 2827 Ipsum

414 2843 531 2885 sunt,
570 2851 648 2890 per
683 2837 992 2877 “veritatem'’
1028 2836 1298 2889 intelligitur
1341 2836 1550 2876 Divinum
1588 2835 1773 2883 Verum,
1812 2849 1892 2889 per

416 2900 615 2940 “femina
640 2899 812 2951 Ipsius”
831 2899 1146 2951 intelliguntur
1168 2899 1241 2952 qui
1263 2899 1307 2938 in
1331 2911 1482 2938 amore
1502 2911 1608 2950 erga
1631 2898 1886 2951 proximum

413 2969 529 3010 sunt,
563 2975 612 3002 ac
646 2976 723 3015 per
752 2961 1048 3014 “cingulum'’
1075 2960 1352 3014 significatur
1383 2959 1636 3013 conjunctio
1668 2973 1769 3001 cum
1800 2959 1887 3000 illis

2004 3295 2054 3464 ΜΗ
2039 3239 2054 3270 „2
2018 3172 2054 3221 La.
2048 3119 2054 3122 .
2042 3064 2054 3076 x
2043 3008 2054 3037 ι.
2049 2969 2054 2976 .
