2008 3458
570 399 677 433 cAP.
700 401 822 442 xm„
846 401 986 435 VERS.
1014 402 1184 446 14.—N.
1208 395 1302 447 829.
1575 401 1683 447 2325

64 507 88 546 ’ὃ
107 518 110 524 ’
135 535 138 538 >
179 513 341 564 ritate,
359 526 452 555 non
475 514 624 563 sciunt
642 514 747 568 quid
771 520 890 556 sunt.
953 514 1125 569 Angeli
1148 516 1272 557 tertii
1295 515 1423 565 caeli,
1443 515 1546 570 quia
1568 514 1685 556 tales

139 596 154 627 g
179 582 307 626 sunt,
341 583 564 632 apparent
605 591 758 619 coram
796 577 973 631 angelis
1012 578 1268 620 inferiorum
1306 578 1535 620 caelorum
1569 579 1685 619 sicut

182 638 396 689 infantes,
433 640 623 695 quidam·
655 641 771 682 sicut
810 641 948 694 pueri,
989 647 1035 682 et
1077 654 1236 682 omncs
1275 643 1390 683 sicut
1429 641 1684 695 simplices;

184 707 284 757 tum
309 703 450 744 etiam
476 703 694 744 incedunt
721 704 841 744 nudi.
906 702 1041 756 Quod
1067 711 1319 758 appareant
1347 706 1462 746 sicut
1490 704 1686 747 infantes

62 764 142 817 γῑῖ,
184 770 232 807 et
270 765 388 808 sicut
425 767 563 820 pueri,
604 773 675 808 est
713 767 817 820 quia
853 766 897 807 in
935 767 1196 808 innocentia
1233 774 1354 817 sunt,
1393 774 1440 808 et
1477 781 1605 808 amor
1641 767 1685 808 in

109 857 117 864 .
139 839 142 843 ’
182 826 431 870 Dominum
454 842 480 870 a
504 828 703 870 Domino
726 836 796 870 est
819 830 1110 881 innocentia;
1144 830 1249 871 inde
1267 832 1405 871 etiarn
1433 830 1550 885 [per]
1578 831 1684 871 “in-

182 889 366 933 fantes'’
396 897 444 932 et
481 905 561 946 per
595 895 795 946 “pueros
812 892 831 907 ”
864 893 909 933 in
940 891 1098 933 Verbo
1130 894 1392 934 innocentia
1424 901 1471 935 et
1507 907 1684 948 quoque

58 944 128 998 ’ζα
181 965 311 1008 amor
341 954 387 996 in
419 954 667 997 Dominum
700 955 992 1009 significatur.
1057 955 1192 1009 Quod
1225 963 1478 1010 appareant
1511 957 1683 1010 simpli·

179 1030 274 1067 (τες,
301 1024 373 1060 est
405 1019 509 1073 quia
540 1033 631 1060 non
664 1019 722 1060 de
755 1017 924 1061 sanctis
956 1019 1070 1060 caeli
1102 1026 1150 1060 et
1177 1019 1397 1060 ecclesiae
1430 1020 1552 1074 loqui
1578 1034 1683 1074 pos-

106 1107 123 1128 s
173 1086 290 1123 ⁴>sunt
310 1095 320 1133 3
354 1081 432 1140 illa
450 1083 570 1124 enim
594 1083 713 1136 apud
737 1096 815 1124 eos
839 1096 930 1123 non
952 1083 997 1123 in
1021 1083 1239 1124 memoria
1262 1089 1380 1131 sunt,
1400 1084 1520 1124 unde
1538 1085 1684 1124 omnis

182 1143 380 1200 loquela,
406 1145 520 1187 sed
509 1159 554 1186 in
577 1147 699 1196 vita;
732 1152 778 1187 et
801 1146 938 1187 inde
927 1159 972 1187 in
995 1144 1232 1187 intellectu
1255 1159 1346 1186 non
1369 1147 1483 1187 sicut
1506 1147 1682 1200 cogita-

182 1207 264 1258 tio,
288 1208 369 1250 sed
395 1209 513 1250 sicut
539 1207 719 1250 affectio
745 1210 851 1251 boni
878 1210 923 1250 in
949 1223 1030 1250 sua
1054 1209 1211 1258 forma,
1236 1223 1351 1280 quae
1378 1223 1468 1250 non
1492 1210 1682 1251 descen-

58 1262 87 1315 ἶ
120 1310 125 1314 ,
179 1262 251 1313 dit
286 1271 333 1313 in
368 1285 656 1324 sermonem;
699 1287 813 1327 quae
853 1274 889 1314 si
927 1273 1243 1322 descenderet,
1278 1259 1370 1313 n⁸on
1408 1273 1681 1327 loqueretur,

59 1339 114 1387 '13
180 1334 261 1381 sed
284 1335 423 1378 modo
444 1343 664 1387 sonaret;
697 1343 744 1378 et
767 1336 830 1378 illi
854 1337 927 1391 qui
946 1337 1002 1378 de
1025 1336 1193 1378 talibus
1216 1349 1306 1377 non
1330 1336 1451 1390 loqui
1474 1344 1680 1391 possunt,

180 1405 405 1454 apparent
431 1399 515 1442 sibi
546 1406 594 1441 et
626 1370 725 1443 aliis
758 1401 875 1442 sicut
907 1400 1163 1454 simplices:
1203 1406 1300 1441 tum
1333 1401 1472 1440 etiam
1504 1401 1607 1454 quia
1638 1401 1682 1441 in

179 1461 441 1504 humilitate
473 1463 622 1505 cordis
654 1470 774 1513 sunt,
807 1465 1006 1505 scientes
1038 1464 1159 1518 quod
1188 1464 1416 1517 sapientia
1448 1465 1506 1504 sit
1538 1465 1681 1517 perci-

50 1517 67 1544 ³:
125 1541 130 1546 .
179 1539 289 1581 pere
315 1527 436 1582 quod
462 1527 542 1568 vix
569 1526 740 1582 aliquid
772 1529 831 1569 sit
859 1527 980 1582 quod
1013 1528 1210 1582 sapiunt,
1238 1525 1490 1580 respective
1516 1527 1573 1568 ad
1606 1527 1683 1568 illa

177 1601 296 1643 quae
322 1603 414 1632 non
440 1591 637 1645 sapiunt.
701 1590 836 1644 Quod
864 1591 1117 1645 procedant
1141 1591 1262 1639 nudi,
1289 1597 1359 1632 est
1383 1591 1486 1644 quia
1511 1591 1680 1631 “nudi-

106 1652 126 1694 ,“
180 1652 286 1698 tas”
315 1653 361 1696 in
393 1668 530 1696 sensu
562 1654 785 1709 spirituali
818 1661 888 1696 est
927 1655 1203 1704 innocentia,
1237 1660 1284 1696 et
1322 1655 1425 1708 quia
1459 1654 1683 1695 “vestes'’

49 1708 117 1765 2⁴·
180 1715 441 1770 significant
473 1732 580 1759 vera
611 1718 907 1760 investientia
939 1718 1123 1767 bonum,
1158 1724 1204 1759 et
1243 1732 1350 1759 vera
1386 1718 1682 1758 investientia

178 1785 286 1822 sunt
312 1780 358 1821 in
383 1782 616 1832 memoria,
645 1788 692 1822 et
724 1782 828 1822 inde
855 1782 899 1823 in
927 1781 1212 1835 cogitatione
1230 1789 1246 1832 ;’
1277 1781 1396 1835 apud
1422 1794 1500 1821 eos
1527 1787 1680 1821 autem

174 1855 286 1884 vera
310 1849 416 1885 sunt
448 1844 493 1886 in
520 1845 629 1894 vita,
658 1845 723 1886 ita
749 1845 1035 1894 abscondita,
1063 1850 1111 1886 et
1143 1858 1234 1885 non
1266 1858 1314 1885 se
1341 1843 1681 1884 manifestantia

176 1918 314 1960 quam
339 1919 494 1949 coram
522 1908 832 1964 perceptione,
857 1908 964 1948 dum
990 1907 1066 1950 alii
1092 1907 1339 1962 loquuntur
1364 1907 1455 1956 illa,
1484 1920 1536 1948 ac
1565 1908 1680 1947 min-

35 1951 89 2030 :4
111 2006 115 2008 ,
178 1969 278 2012 istri
303 1969 484 2012 illorum
516 1985 577 2012 ex
603 1970 761 2012 Verbo
787 1971 1055 2025 praedicant
1081 1970 1184 2012 illa:
1224 1970 1516 2024 perficiuntur
1542 1971 1680 2011 etiam

177 2045 239 2074 ex
266 2031 459 2088 loquelis
484 2033 664 2075 illorum
695 2035 770 2088 qui
802 2035 846 2075 in
873 2031 1112 2075 intellectu
1137 2035 1230 2075 veri
1263 2039 1382 2082 sunt,
1411 2047 1470 2074 ex
1503 2034 1679 2087 praedi-

179 2096 452 2150 cationibus,
480 2104 528 2139 et
560 2112 738 2152 quoque
771 2112 829 2139 ex
862 2097 1013 2139 libris:
1052 2097 1254 2138 scribunt
1287 2098 1441 2146 etiam,
1477 2098 1556 2138 sed
1589 2111 1680 2138 non

179 2159 478 2214 pei-litteras,
507 2167 556 2203 ut
588 2161 662 2202 alii
694 2161 862 2215 angeli,
890 2161 970 2202 sed
1003 2175 1082 2215 per
1108 2167 1372 2202 curvaturas
1399 2167 1445 2201 et
1473 2160 1679 2202 inflexio-

179 2235 275 2272 nes,
309 2237 424 2278 quae
456 2225 699 2266 continent
731 2237 913 2273 arcana,
947 2238 1062 2278 quae
1094 2221 1379 2265 intellectum
1412 2223 1679 2277 angelorum

175 2286 221 2328 in
253 2286 535 2329 inferioribus
567 2288 705 2330 caelis
743 2287 1091 2329 transcendunt.
1155 2286 1383 2328 Habitant
1421 2301 1600 2340 quoque
1637 2287 1679 2327 in

64 2342 66 2345 ⁵
127 2362 129 2365 ’
177 2351 394 2405 expansis
416 2365 550 2406 supra
567 2351 695 2400 alios,
715 2364 767 2392 ac
790 2351 850 2392 ibi
873 2352 917 2392 in
940 2351 1085 2392 hortis
1109 2350 1182 2391 ubi
1205 2350 1418 2391 arboreta
1440 2357 1486 2391 et
1504 2350 1678 2399 floreta,

175 2415 299 2457 sicin
317 2416 548 2470 perpetuis
563 2415 965 2469 repraesentativis
980 2414 1247 2456 caelestium
1266 2428 1275 2464 ;
1299 2420 1346 2455 et
1363 2414 1483 2468 quod
1503 2415 1678 2463 mirum,

131 2501 133 2506 2
175 2490 268 2520 non
298 2478 527 2520 invenitur
552 2479 612 2520 ibi
644 2478 785 2532 lapis;
825 2492 961 2519 causa
993 2484 1078 2528 est,
1107 2478 1210 2532 quia
1239 2477 1426 2531 “lapis”
1453 2476 1679 2530 significat

174 2554 331 2583 verum
354 2541 578 2590 naturale,
605 2541 850 2595 “lignum’'
872 2547 1026 2583 autem
1052 2541 1238 2590 bonum,
1266 2540 1437 2581 “arbor
1450 2540 1468 2555 ”
1492 2553 1678 2593 percep-

175 2604 366 2655 tionem,
404 2619 456 2647 ac
497 2605 650 2646 “flos’'
686 2605 1103 2659 implantationem.
1178 2604 1307 2645 Haec
1350 2604 1407 2645 de
1444 2617 1598 2644 amore
1635 2604 1679 2643 in

52 2638 63 2661 i

35 2659 59 2705 ’Σ
101 2705 117 2711 „
175 2667 438 2719 Dominum,
478 2674 525 2710 et
567 2669 623 2710 de
665 2682 820 2710 amore
858 2682 967 2722 erga
1004 2668 1279 2722 proximum,
1319 2668 1384 2708 ita
1425 2667 1482 2707 de
1524 2679 1679 2706 amore

174 2731 395 2783 caelesti;
433 2733 477 2773 in
509 2732 806 2786 sequentibus
834 2733 1010 2773 dicetur
1040 2731 1097 2772 de
1129 2744 1283 2772 amore
1315 2729 1552 2785 spirituali,
1581 2736 1678 2770 tum

173 2795 231 2837 de
257 2795 484 2837 charitate
510 2801 557 2836 et
584 2795 640 2836 de
667 2794 767 2836 fide.

254 2856 388 2911 829.
433 2857 576 2902 “Quae
614 2857 739 2898 habet
770 2857 936 2911 playam
973 2855 1226 2897 machaerae
1264 2859 1308 2896 ot
1349 2853 1676 2907 vixt't.''—Quod

174 2918 400 2974 significet
432 2918 588 2973 qualia
613 2925 719 2960 sunt
749 2918 979 2960 naturalia
1010 2918 1090 2959 illa
1121 2932 1233 2972 quae
1255 2917 1574 2971 conjunxerunt
1594 2915 1678 2956 illa

172 2994 286 3039 quae
308 2997 364 3024 ex
387 2996 518 3024 sensu
545 2982 749 3023 naturali
784 2982 918 3023 Verbi
938 2982 1004 3023 ad
1022 2980 1393 3036 confirmationem
1418 2979 1675 3032 desumpse-

173 3052 292 3097 runt,
321 3052 504 3088 constat
531 3060 590 3088 ex
618 3045 930 3100 explicatione
955 3044 1134 3086 illorum
1162 3057 1276 3099 quae
1303 3056 1435 3097 supra
1467 3042 1511 3083 in
1537 3055 1671 3083 versu

69 3281 71 3283 ’
107 3285 174 3338 δ
