2054 3464
329 522 333 526 .
403 467 592 509 facultas
625 468 870 510 desistendi
902 484 927 511 a
958 470 1085 512 malis
1117 471 1230 514 sicut
1261 486 1287 514 a
1318 487 1394 524 se;
1437 473 1522 514 hoc
1555 474 1692 515 cuivis
1721 474 1892 518 homini

405 355 514 386 2222
819 355 1152 390 APOCALYPSIS
1184 359 1481 392 EXPLICATA.

402 530 556 571 datum
573 537 641 571 est
664 545 671 571 :
697 532 799 572 inde
815 546 930 573 nunc
947 540 1030 581 est,
1047 535 1148 587 quia
1161 534 1297 576 homo
1313 550 1338 576 a
1357 549 1403 576 se
1419 541 1570 588 potest
1586 537 1668 577 sibi
1683 537 1891 578 claudere

402 593 591 642 caelum,
613 593 770 647 [quod]
791 596 926 635 etiam
946 597 1059 637 sicut
1077 611 1102 637 a
1121 611 1167 638 se
1186 599 1327 650 possit
1346 599 1514 650 aperire
1530 598 1703 639 caelum
1721 612 1730 650 ;
1754 598 1891 640 modo

403 655 508 695 dum
527 658 698 708 cogitat
722 664 767 697 et
790 658 887 698 vult
907 658 1122 700 desistere
1145 674 1171 700 a
1193 660 1334 710 malis,
1353 659 1528 712 spefflvc
1551 661 1607 701 ad
1631 661 1888 710 Dominum,

402 724 448 758 et
466 731 566 758 cum
583 719 760 761 desistit
776 727 996 773 agnoscat
1010 722 1129 775 quod
1146 723 1202 763 sit
1220 737 1246 763 a
1264 723 1472 764 Domino.
1520 723 1727 764 Remotis
1741 725 1890 778 itaque

403 780 544 830 malis,
574 788 679 822 tunc
707 789 775 823 est
802 783 968 824 bonum
996 785 1202 838 quicquid
1228 785 1365 826 homo
1389 786 1507 835 facit,
1536 787 1744 839 quoniam
1770 792 1839 827 est
1864 799 1891 829 a

403 843 599 884 Domino
619 858 627 894 ;
661 851 706 884 et
725 846 931 898 quicquid
955 846 1090 887 homo
1112 861 1137 887 a
1159 847 1354 888 Domino
1377 848 1495 897 facit,
1515 861 1606 888 non
1629 853 1698 889 est
1720 847 1890 889 morale

403 906 620 955 naturale,
642 908 719 947 sed
742 915 811 948 est
834 909 1001 950 morale
1024 910 1265 962 spirituale.
1329 910 1458 951 Nunc
1481 912 1583 964 quia
1605 911 1798 952 charitas
1819 917 1890 952 est

402 982 460 1009 ex
484 982 634 1010 amore
658 970 846 1011 faciendi
869 971 1035 1012 bonum
1059 979 1241 1025 propter
1265 973 1446 1022 bonum,
1467 974 1530 1014 ita
1552 987 1610 1014 ex
1633 973 1766 1022 bono,
1785 986 1889 1027 pro-

401 1030 505 1071 inde
531 1045 589 1071 ex
618 1032 825 1081 Domino,
852 1035 1050 1087 sequitur
1072 1035 1191 1088 quod
1218 1035 1360 1076 facere
1387 1035 1553 1076 bonum
1580 1050 1638 1076 ex
1666 1036 1887 1078 charitate

401 1092 458 1132 sit
477 1093 702 1145 spirituale
721 1109 729 1145 ;
763 1101 808 1135 at
833 1096 951 1149 quod
973 1097 1116 1138 facere
1139 1097 1305 1138 bonum
1329 1111 1388 1138 ex
1411 1098 1679 1148 obedientia,
1700 1099 1802 1152 quia
1817 1104 1888 1140 est

403 1168 462 1194 ex
490 1169 641 1196 amore
666 1159 896 1207 mercedis,
922 1159 978 1199 sit
1005 1159 1220 1200 naturale.
1283 1159 1385 1200 Hoc
1409 1160 1610 1201 naturale
1637 1166 1705 1201 est
1731 1161 1775 1200 in
1801 1174 1890 1214 quo

403 1224 507 1258 sunt
533 1218 594 1258 illi
618 1220 690 1272 qui
717 1220 758 1260 in
782 1221 966 1262 introitu
989 1222 1045 1262 ad
1073 1222 1247 1262 caelum
1270 1228 1402 1272 sunt;
1435 1236 1523 1276 quo
1545 1223 1681 1263 etiam
1703 1223 1889 1264 veniunt

403 1279 465 1319 illi
502 1281 575 1333 qui
612 1281 778 1322 bonum
810 1283 976 1324 faciunt
1013 1284 1151 1325 modo
1183 1299 1241 1325 ex
1274 1285 1544 1334 obedientia,
1578 1286 1651 1338 qui
1681 1291 1785 1326 sunt
1816 1285 1890 1339 qui

402 1341 605 1383 doctrina
637 1351 682 1385 et
714 1345 806 1385 vita
843 1347 961 1399 apud
999 1361 1046 1387 se
1077 1346 1345 1388 confirmant
1377 1348 1496 1401 quod
1527 1346 1638 1388 fides
1669 1348 1888 1401 producat

401 1406 518 1447 bona
545 1421 692 1459 opera,
722 1409 835 1448 sicut
861 1409 992 1449 arbor
1016 1407 1195 1450 fructus
1259 1409 1438 1459 Quarto,
1482 1409 1719 1451 Praeterea
1742 1410 1887 1452 scien·
1940 1449 1945 1451 .

402 1469 508 1510 dum
546 1476 614 1510 est
647 1470 766 1523 quod
803 1471 865 1511 illi
901 1472 973 1524 qui
1007 1472 1194 1513 credunt
1227 1473 1345 1525 quod
1377 1471 1485 1513 fides
1518 1473 1738 1525 producat
1768 1473 1890 1514 bona

402 1545 551 1585 opera,
586 1533 700 1573 sicut
731 1533 862 1574 arbor
894 1532 1073 1582 fruetus,
1107 1535 1243 1575 etiam
1276 1535 1462 1575 credant
1494 1536 1612 1588 quod
1644 1536 1897 1577 sortiantur

402 1594 575 1635 caelum
608 1602 850 1648 antequam
884 1596 1002 1636 mala
1034 1602 1137 1637 sunt
1169 1603 1371 1647 remota;
1415 1603 1460 1638 et
1493 1604 1646 1638 tamen
1678 1598 1888 1652 quamdiu

403 1657 522 1698 mala
544 1658 661 1710 apud
685 1658 911 1699 hominem
934 1666 1052 1707 sunt,
1076 1659 1195 1700 bona
1218 1673 1506 1713 quaecunque
1528 1659 1633 1702 facit
1656 1674 1746 1702 non
1767 1660 1888 1702 bona

402 1727 520 1769 sunt,
560 1734 663 1760 nam
705 1735 764 1761 ex
807 1721 964 1762 arbore
1006 1722 1124 1762 mala
1165 1735 1254 1763 non
1296 1722 1368 1762 alii
1407 1721 1574 1763 fructus
1610 1736 1742 1777 quam
1782 1718 1895 1765 mali¹

401 1791 696 1834 enascuntur;
730 1798 864 1837 quare
887 1785 1016 1825 unica
1037 1785 1107 1824 via
1130 1785 1187 1825 ad
1214 1784 1386 1825 caelum
1410 1791 1493 1834 est,
1518 1791 1567 1826 ut
1588 1785 1724 1827 homo
1745 1785 1886 1827 absti-

402 1853 507 1887 neat
539 1861 564 1887 a
595 1847 721 1888 malis
748 1862 806 1887 ex
834 1847 1002 1896 Verbo,
1031 1848 1134 1901 quia
1159 1854 1347 1901 peccata
1372 1854 1501 1898 sunt;
1539 1862 1652 1902 quae
1684 1849 1767 1889 nisi
1797 1849 1886 1902 pri-

401 1923 522 1950 mum
558 1917 859 1959 removentur,
898 1924 987 1951 non
1028 1911 1192 1951 intrare
1234 1917 1385 1963 potest
1424 1911 1658 1960 Dominus,
1697 1917 1743 1952 et
1779 1911 1892 1952 dare

401 1972 587 2013 caelum.
665 1972 827 2022 Quinta
850 1986 995 2021 causa,
1019 1971 1176 2026 [quod]
1202 1973 1273 2025 qui
1296 1971 1499 2013 doctrina
1523 1979 1570 2014 et
1591 1973 1685 2014 vita
1705 1987 1753 2014 se
1775 1985 1884 2014 con-

401 2035 579 2076 firmant
606 2036 648 2075 in
676 2049 742 2083 eo,
771 2035 891 2088 quod
917 2034 1026 2076 fides
1053 2036 1272 2088 producat
1299 2035 1418 2076 bona
1448 2049 1583 2088 opera
1610 2036 1723 2077 sicut
1754 2035 1886 2077 arbor

400 2096 579 2146 fructus,
609 2111 698 2138 non
730 2098 812 2138 sibi
843 2098 1055 2138 claudant
1084 2097 1271 2146 caelum,
1299 2104 1368 2138 est
1400 2099 1502 2151 quia
1532 2111 1622 2138 non
1649 2098 1884 2140 falsificant

399 2159 601 2200 Verbum
621 2162 733 2200 sicut
756 2160 818 2200 illi
842 2161 913 2213 qui
937 2161 1124 2200 credunt
1137 2159 1502 2212 justificationem
1524 2167 1569 2200 et
1588 2160 1883 2201 salvationem

399 2237 477 2276 per
503 2222 635 2263 fidem
662 2223 828 2275 absque
861 2223 990 2263 bonis
1021 2224 1253 2276 operibus;
1292 2223 1364 2275 qui
1396 2222 1528 2263 fidem
1555 2223 1723 2276 absque
1754 2223 1884 2264 bonis

401 2285 606 2338 operibus
633 2285 834 2333 credunt,
863 2284 926 2324 illi
957 2284 1192 2325 falsificant
1224 2285 1373 2325 omnia
1399 2285 1551 2333 Verbi,
1580 2285 1652 2325 ubi
1681 2283 1884 2334 “amon”

402 2352 427 2368 ‘⁴
442 2347 674 2396 charitas,''
692 2351 716 2366 “
731 2347 887 2394 bona‚”
905 2350 930 2366 “
944 2347 1118 2399 opera‚”
1136 2345 1327 2394 “faciam
1345 2350 1369 2366 “
1382 2347 1583 2400 operari''
1602 2354 1646 2388 et
1667 2350 1692 2367 “
1706 2346 1881 2388 facere''

399 2411 604 2451 dicuntur
644 2416 689 2450 et
728 2410 1021 2459 mandantur;
1064 2416 1110 2449 et
1146 2409 1230 2449 hoc
1268 2423 1404 2462 usque
1441 2409 1497 2449 ad
1533 2408 1883 2450 destructionem

398 2474 547 2514 Divini
579 2473 686 2513 Veri
722 2473 765 2512 in
803 2471 950 2519 caelis,
985 2471 1280 2523 intelligendo
1313 2484 1390 2523 per
1420 2470 1497 2511 illa
1528 2472 1599 2512 vel
1630 2471 1777 2521 fidem,
1809 2472 1882 2513 vel

398 2537 518 2577 bona
548 2535 701 2575 mundi
733 2534 917 2574 moralia
948 2540 994 2573 et
1026 2533 1184 2581 civilia,
1211 2533 1282 2573 vel
1315 2534 1432 2586 quod
1465 2532 1584 2574 dicta
1615 2535 1703 2575 sint
1735 2534 1879 2575 solum

398 2612 478 2651 pro
500 2598 650 2650 vulgo,
676 2602 859 2649 propter
881 2595 972 2648 ejus
996 2595 1098 2636 fidei
1125 2595 1457 2648 simplicitatem
1479 2610 1488 2646 ;
1522 2597 1796 2638 destruendo
1819 2598 1880 2638 sic

398 2663 542 2714 ipsum
566 2661 775 2700 Divinum
799 2659 982 2707 Verum,
1003 2672 1082 2711 per
1100 2659 1515 2710 argumentationes
1533 2673 1591 2700 ex
1614 2660 1882 2712 impotentia

396 2724 588 2765 hominis
604 2722 818 2775 implendi
836 2722 998 2774 legem,
1018 2734 1095 2774 per
1113 2727 1316 2761 naturam
1340 2720 1444 2761 boni
1466 2721 1522 2761 ab
1543 2722 1736 2770 homine,
1760 2722 1879 2775 quod

397 2801 486 2828 non
524 2787 581 2826 sit
613 2786 795 2833 bonum,
829 2799 993 2838 perque
1025 2784 1320 2824 remotionem
1354 2784 1498 2824 meriti
1529 2785 1647 2837 quod
1678 2785 1880 2826 inhaeret

396 2851 524 2890 bonis
556 2850 612 2889 ab
643 2849 847 2889 homine:
891 2848 969 2888 sed
1006 2847 1067 2888 illi
1105 2847 1177 2900 qui
1208 2846 1467 2899 simpliciter
1497 2846 1746 2900 adjungunt
1777 2846 1879 2888 fidei

396 2914 515 2953 bona
547 2926 695 2965 opera,
731 2925 819 2952 non
851 2901 1087 2951 falsificant
1118 2910 1267 2951 omnia
1294 2909 1369 2950 illa
1394 2909 1547 2958 Verbi,
1575 2916 1621 2950 et
1652 2910 1754 2950 inde
1787 2923 1877 2951 non

396 2982 628 3017 removent
651 2975 783 3016 fidem
807 2989 865 3015 ex
891 2988 1043 3016 amore
1067 2974 1164 3024 Dei,
1188 2980 1233 3014 et
1260 2987 1317 3014 ex
1341 2987 1394 3014 eo
1417 2974 1724 3026 operationem
1751 2973 1874 3014 Divi-
