2008 3458
399 389 507 431 2342
808 386 1138 420 APOCALYPSIS
1169 387 1465 420 EXPLICATA.

399 512 449 539 ac
483 499 633 539 omnia
670 498 746 542 illa
778 512 928 551 opera,
957 505 1051 539 tam
1085 513 1222 552 parva
1251 513 1384 553 quam
1417 513 1595 553 magna,
1623 499 1728 543 sunt·
1757 500 1878 543 bona

399 562 579 614 quando
615 575 640 601 a
678 561 874 602 Domino
905 561 1022 614 apud
1060 562 1198 610 illum,
1232 569 1278 603 et
1315 570 1418 603 sunt
1457 562 1575 603 mala
1606 563 1786 616 quando
1819 564 1878 605 ab

399 624 496 676 ipso
522 624 728 673 homine3
766 637 817 663 ac
845 623 963 664 bona
989 630 1092 664 sunt
1119 631 1336 677 quantum
1362 625 1474 678 fugit
1501 625 1620 666 mala
1645 626 1747 679 quia
1771 638 1877 679 pec-

401 691 503 725 cata
535 692 695 726 contra
728 685 873 726 Deum
906 692 1026 734 sunt,
1058 693 1106 727 et
1143 686 1261 727 mala
1293 693 1397 727 sunt
1430 693 1646 740 quantum
1679 700 1770 728 non
1799 685 1878 729 illa

399 747 524 799 fugit.
588 747 740 788 Simile
773 754 842 788 est
875 761 975 788 cum
1007 747 1120 798 fide3
1158 749 1305 802 qualia
1337 755 1440 790 sunt
1473 762 1608 802 opera
1638 747 1745 802 ejus,
1772 749 1878 791 talis

399 817 467 850 est
493 810 600 850 fides
623 810 728 862 ejus,
754 824 856 850 narn
881 824 1014 851 unum
1037 811 1203 852 faciunt
1227 812 1341 852 sicut
1364 812 1586 864 cogitatio
1611 818 1657 853 et
1683 811 1875 866 loquela,
1904 818 1907 821 “

398 886 448 912 ac
492 873 606 912 sicut
643 872 855 912 voluntas
895 879 941 913 et
982 871 1114 913 actio.
1177 873 1329 914 Homo
1367 880 1498 927 putat
1539 874 1658 927 quod
1694 867 1878 916 tametsi

399 935 516 975 male
542 935 651 975 vivit
676 949 813 988 usque
837 936 979 988 possit
1002 935 1136 976 fidem
1159 936 1338 982 habere,
1364 936 1419 976 ad
1443 937 1674 976 minimum
1696 937 1877 983 credere

399 998 518 1050 quod
546 997 668 1037 Deus
700 998 772 1045 sit,
804 996 961 1051 [quod]
991 998 1210 1038 Dominus
1242 999 1298 1039 sit
1330 998 1539 1039 Salvator
1564 999 1730 1048 mundi,
1757 999 1877 1053 quod

399 1058 571 1099 caelum
604 1065 650 1100 et
682 1059 899 1100 infernum
931 1060 1034 1108 sint,
1063 1061 1181 1113 quod
1209 1060 1409 1101 Verbum
1442 1059 1645 1101 sanetum
1676 1061 1760 1112 sit;
1797 1061 1877 1103 sed

399 1135 655 1162 asseverare
678 1135 872 1174 possum,
898 1122 933 1161 si
960 1135 1049 1162 non
1072 1122 1184 1174 fugit
1208 1123 1326 1162 mala
1349 1124 1449 1175 quia
1471 1130 1661 1176 peccata
1686 1130 1805 1172 sunt,
1829 1130 1875 1166 et

399 1190 507 1223 tunc
540 1182 716 1236 spectat
748 1184 805 1224 ad
838 1184 1096 1233 Dominum,
1130 1198 1308 1237 prorsus
1342 1198 1431 1225 non
1463 1185 1618 1226 credat
1649 1185 1752 1236 illa;
1787 1199 1876 1228 non

400 1246 518 1285 enim
545 1253 648 1286 sunt
675 1247 795 1286 vitae
821 1253 867 1286 et
894 1247 1057 1286 amoris
1084 1247 1190 1299 ejus,
1219 1247 1297 1287 sed
1330 1253 1434 1288 sunt
1466 1247 1611 1287 solum
1637 1249 1877 1290 memoriae

401 1314 447 1348 et
470 1309 685 1349 scientiae
708 1308 814 1360 ejus,
838 1323 951 1362 quae
978 1322 1067 1349 non
1091 1310 1208 1361 prius
1230 1310 1352 1350 vitae
1378 1316 1423 1350 et
1450 1310 1613 1350 amoris
1635 1309 1727 1362 ejus
1749 1309 1874 1360 fiunt,

399 1384 531 1424 quam
555 1372 660 1411 dum
684 1378 855 1424 pugnat
879 1378 1038 1412 contra
1060 1372 1192 1419 mala,
1217 1378 1262 1412 et
1290 1373 1428 1412 vincit
1451 1371 1540 1412 illa.
1603 1371 1703 1413 Hoc
1730 1374 1877 1426 patuit

401 1434 508 1473 mihi
539 1447 565 1473 a
597 1434 749 1474 multis
776 1440 878 1487 post
906 1441 1113 1482 mortem,
1142 1435 1214 1487 qui
1241 1440 1514 1488 putaverunt
1540 1448 1588 1475 se
1619 1435 1874 1485 credidisse,

400 1496 456 1535 ad
494 1497 724 1536 minimum
756 1496 874 1549 quod
913 1496 1035 1536 Deus
1071 1497 1143 1545 sit,
1178 1503 1223 1537 et
1261 1497 1379 1549 quod
1420 1497 1638 1537 Dominus
1670 1496 1879 1539 Salvator

401 1558 553 1598 mundi
585 1559 657 1606 sit,
691 1565 737 1599 et
769 1558 956 1609 similia;
994 1558 1057 1598 illi
1089 1560 1162 1612 qui
1200 1559 1317 1599 male
1354 1560 1580 1607 vixerunt,
1614 1573 1752 1613 usque
1787 1573 1878 1601 non

400 1621 699 1661 crediderunt.
1812 1631 1819 1633 *

480 1690 617 1744 840.
649 1701 754 1739 [Vm.
772 1701 834 1739 17.]
860 1691 938 1731 “ft
955 1695 1000 1731 ut
1016 1704 1131 1731 nemo
1145 1691 1279 1743 possit
1295 1704 1431 1732 emet-e
1447 1690 1529 1732 [flet
1547 1692 1732 1739 vendero,
1747 1692 1789 1733 si
1802 1705 1880 1733 non

400 1753 552 1793 habeat
570 1753 856 1793 characterem
877 1753 1267 1806 bestiae.''——Quod
1289 1754 1514 1806 significet
1529 1754 1879 1807 prohibitionem

400 1828 451 1853 ne
467 1814 632 1867 aliquis
650 1814 793 1854 discat
812 1820 854 1854 et
873 1814 1020 1855 doceat
1035 1828 1166 1867 quam
1182 1814 1300 1854 illud
1309 1814 1427 1867 vquod
1442 1815 1640 1867 agnitum
1655 1821 1697 1855 et
1715 1814 1815 1856 inde
1833 1815 1879 1856 in

401 1877 602 1917 ίίοὲῗνιήα
633 1883 849 1929 receptum
878 1883 956 1925 est,
991 1883 1174 1918 constat
1206 1891 1264 1918 ex
1297 1876 1627 1929 significatione
1660 1877 1878 1918 “emere'’

401 1945 446 1979 et
477 1939 747 1987 “vendere,'’
773 1940 892 1992 quod
924 1940 981 1980 sit
1008 1940 1292 1992 cognitiones
1319 1940 1399 1979 sibi
1423 1952 1683 1992 comparare
1709 1945 1755 1980 et
1780 1938 1878 1980 aliis

401 2001 751 2047 communicare,
779 2001 842 2040 ita
873 2013 1051 2053 quoque
1077 2000 1252 2040 discere
1284 2006 1330 2040 et
1356 2000 1519 2040 docere
1551 2010 1606 2047 (de
1620 2010 1876 2050 quasequitur);

402 2061 644 2113 prohibitio
671 2061 947 2113 significatur
973 2075 1050 2114 per
1079 2061 1263 2102 “facere
1289 2067 1336 2101 ut
1365 2074 1498 2101 nemo
1523 2062 1664 2114 possit
1682 2060 1716 2101 :’'
1746 2067 1792 2102 et
1818 2074 1877 2102 ex

403 2122 730 2175 significatione
760 2122 1083 2172 “charaCteris,
1112 2123 1230 2177 quod
1258 2124 1315 2164 sit
1342 2122 1603 2164 testificatio
1628 2129 1674 2164 et
1702 2123 1878 2176 signum

401 2186 645 2237 agnitionis
671 2186 789 2238 quod
821 2187 910 2226 sint
942 2186 999 2226 ab
1030 2186 1221 2226 ecclesia
1252 2186 1324 2239 qui
1356 2187 1399 2225 in
1431 2185 1517 2225 illis
1548 2185 1649 2226 fidei
1680 2186 1796 2226 veris
1826 2199 1877 2227 ac

402 2246 533 2286 bonis
572 2247 634 2286 ita
668 2246 798 2286 diffcis
834 2252 939 2286 Sunt
979 2257 1034 2294 (de
1053 2266 1117 2293 qua
1135 2266 1210 2286 mox
1230 2266 1334 2294 supra,
1355 2266 1385 2286 n.
1407 2246 1566 2296 [²1838)2
1607 2246 1711 2286 inde
1746 2251 1878 2299 patet

402 2306 521 2359 quod
560 2320 638 2359 per
676 2307 857 2347 “facere
894 2313 942 2347 ut
985 2320 1118 2347 nemo
1154 2308 1296 2360 possit
1335 2320 1482 2347 emere
1518 2313 1564 2347 et
1600 2306 1810 2356 vendere,
1843 2308 1879 2348 si

403 2382 494 2408 non
530 2368 697 2409 habeat
735 2367 1041 2410 characterem
1079 2369 1291 2417 bestiae,‘’
1327 2368 1603 2421 significetur
1637 2368 1879 2422 prohibitio

403 2445 458 2471 ne
486 2431 644 2484 aliquis
670 2431 814 2471 discat
847 2437 893 2471 et
920 2431 1084 2471 doceat
1111 2432 1193 2471 nisi
1218 2444 1351 2484 quam
1378 2431 1486 2470 illud
1513 2431 1631 2484 quod
1657 2431 1876 2484 agnitum,

402 2495 466 2534 ita
491 2507 667 2546 quoque
693 2493 811 2546 quod
838 2494 881 2533 in
908 2492 1110 2534 doctrina
1131 2499 1363 2546 receptum
1389 2499 1471 2533 est.
1534 2492 1668 2545 Quod
1692 2495 1879 2534 “emere

405 2564 450 2597 et
482 2556 716 2603 vendere,”
742 2555 965 2608 significet
992 2556 1276 2608 cognitiones
1301 2556 1392 2596 veri
1419 2568 1469 2595 ac
1503 2555 1607 2596 boni
1640 2568 1699 2596 ex
1725 2554 1879 2596 Verbo

403 2620 483 2659 sibi
510 2631 768 2671 comparare
801 2625 846 2659 et
878 2618 976 2658 illas
1007 2619 1351 2664 communicare,
1380 2632 1457 2658 seu
1489 2618 1608 2671 quod
1639 2618 1757 2658 idem
1788 2623 1875 2665 est,

403 2683 574 2722 discere
606 2687 652 2721 et
684 2681 860 2729 docere,
894 2687 963 2721 est
994 2681 1096 2734 quia
1127 2694 1204 2733 per
1233 2680 1409 2733 “opes”
1441 2686 1487 2720 et
1519 2694 1596 2733 per
1629 2679 1845 2720 “divitias
1859 2678 1879 2694 '¹

402 2746 445 2783 in
483 2743 636 2784 Verbo
673 2742 980 2795 significantur
1016 2743 1300 2795 cognitiones
1337 2743 1428 2783 veri
1465 2748 1511 2783 et
1552 2742 1671 2790 boni,
1708 2754 1759 2782 ac
1801 2754 1880 2798 per

406 2810 680 2858 “argentum
707 2812 752 2846 et
779 2804 972 2853 aurum,’'
994 2819 1072 2858 per
1096 2818 1210 2858 quae
1236 2804 1345 2845 fiunt
1370 2805 1623 2857 emptiones
1649 2809 1695 2844 et
1721 2803 1878 2844 vendi-

403 2869 564 2922 tiones,
593 2867 900 2921 significantur
924 2881 1030 2908 vera
1056 2873 1102 2908 et
1134 2867 1253 2907 bona
1278 2867 1390 2907 caeli
1422 2873 1468 2907 et
1494 2866 1735 2907 ecclesiae:
1774 2865 1878 2906 inde

403 2943 518 2970 nunc
552 2936 621 2970 est
653 2930 771 2983 quod
803 2929 1033 2970 in'Verbo
1064 2930 1231 2982 passim
1263 2929 1436 2969 dicatur
1469 2927 1693 2976 “emere,”
1727 2930 1894 2972 “ven-2

403 2991 547 3041 dere,”
584 2998 679 3032 tum
719 2991 974 3032 “mercari''
1011 2997 1057 3032 et
1097 2990 1396 3044 “negotiari,”
1434 3004 1484 3031 ac
1526 2990 1645 3044 quod
1688 3003 1766 3043 per
1800 2988 1877 3030 illa
