2054 3464
388 367 500 400 2020
800 368 1130 403 APOCALYPSIS
1161 370 1459 404 EXPLICATA.

385 480 553 520 bonum
586 487 631 521 et
664 495 818 522 verum
849 482 893 522 in
925 482 1132 532 ecelesia,
1161 497 1265 524 nam
1299 484 1496 538 “panis'’
1528 484 1599 526 hic
1633 491 1869 541 utrumque

386 541 610 594 significat
629 557 638 593 ;
671 557 805 596 quare
824 545 1035 598 sequitur,
1058 549 1083 566 “
1097 552 1145 587 ut
1163 547 1406 588 comedant
1429 561 1591 601 panem
1610 548 1652 588 in
1671 549 1869 602 pondere

386 610 432 644 et
473 604 790 654 sollicitudine,
826 613 872 647 et
909 607 1067 648 bibant
1103 621 1240 662 aquas
1277 610 1321 649 in
1358 610 1606 659 mensura,’'
1641 624 1720 664 per
1754 624 1869 665 quae

385 667 663 720 significatur
690 667 888 709 defectus
919 669 1025 710 boni
1057 677 1102 711 et
1128 672 1234 720 veri,
1264 678 1310 713 et
1342 672 1445 713 inde
1477 674 1711 725 potentiae
1736 674 1870 715 resis-
1915 693 1917 695 ·

385 730 511 770 tendi
535 731 663 770 malis
687 737 732 772 et
755 731 888 772 falsis.
951 731 1122 774 Similia
1144 734 1454 787 significantur
1475 749 1554 788 per

459 819 636 860 Frangere
668 821 830 852 baculum
864 821 967 861 panis
995 827 1031 853 et
1058 832 1168 863 aquae
1196 822 1339 863 (Eu-ch„
1364 833 1439 864 cap.
1463 833 1496 856 v,
1523 824 1583 862 16;
1615 833 1689 865 cap.
1712 824 1782 856 xiv.
1808 832 1867 864 13:

557 864 688 895 Psalm.
707 874 757 896 cv.
780 865 837 896 16:
863 865 972 897 Levit.
989 866 1082 897 xxvi.
1101 866 1164 905 26).

385 949 510 991 Sicut
545 952 741 1004 “virga'’
773 958 819 993 et
853 952 1106 993 “baculus''
1138 953 1394 1006 significant
1432 955 1686 1007 potentiam
1717 954 1868 996 Divini

384 1012 506 1062 Veri,
520 1008 566 1054 et
580 1015 683 1055 inde
700 1014 910 1055 Divinum
927 1015 1096 1056 Verum
1112 1017 1260 1069 quoad
1275 1018 1543 1069 potentiam,
1557 1017 1659 1057 ideo
1673 1020 1699 1037 “
1710 1017 1836 1070 virga
1848 1016 1868 1033 ’'

384 1082 431 1116 et
451 1079 476 1096 “
490 1077 704 1117 baculus’'
722 1078 765 1118 in
789 1079 1001 1131 opposito
1024 1092 1158 1119 sensu
1175 1080 1313 1120 etiam
1332 1079 1588 1132 significant
1611 1081 1867 1133 potentiam

383 1139 483 1180 falsi
508 1140 747 1189 infernalis,
777 1147 822 1181 et
847 1141 951 1181 inde
976 1141 1135 1182 falsum
1162 1142 1376 1183 infernale
1403 1142 1551 1195 quoad
1583 1143 1865 1196 potentiam;

383 1202 427 1242 in
450 1201 535 1243 hoc
559 1216 693 1243 sensu
716 1204 925 1244 dicuntur
949 1203 1142 1257 “virga'’
1164 1210 1210 1245 et
1233 1203 1454 1245 “baculus
1467 1204 1486 1220 ”
1508 1205 1552 1245 in
1575 1204 1867 1258 sequentibus

383 1263 494 1305 locis
511 1265 718 1318 z—Apud
741 1265 944 1315 Esaiam,

449 1362 467 1375 ‘⁴
479 1360 665 1402 Confregit
682 1362 842 1403 Jehovah
859 1363 1023 1395 baculum
1040 1363 1239 1404 impiorum,
1257 1363 1394 1404 virgam
1411 1363 1670 1396 dominantium
1681 1363 1700 1376 ”
1713 1363 1796 1405 (xiv.
1815 1363 1865 1405 5):

371 1467 461 1510 *per
480 1454 798 1507 “confringere
822 1455 1032 1496 baculum
1052 1457 1289 1509 impiorum
1305 1456 1324 1472 ”
1342 1456 1619 1509 significatur
1635 1457 1866 1500 destruere

381 1517 636 1569 potentiam
655 1517 752 1557 salsi
770 1531 827 1557 ex
847 1518 967 1558 malo
986 1533 994 1569 ;
1028 1525 1074 1559 et
1097 1533 1174 1572 per
1195 1519 1515 1572 “confringere
1531 1520 1704 1572 virgam
1721 1519 1866 1562 domi-

383 1579 586 1618 nantium
599 1579 617 1594 ”
640 1579 916 1632 significatur
938 1581 1183 1622 dominium
1205 1581 1315 1622 falsi.
1375 1581 1514 1635 Apud
1534 1582 1767 1631 Davidem,

448 1667 558 1699 “Non
576 1668 755 1700 incumbet
771 1669 916 1701 baculus
934 1669 1126 1710 impietatis
1143 1680 1249 1711 super
1266 1677 1362 1703 sorte
1378 1671 1564 1712 justorum,
1578 1677 1616 1703 ut
1632 1681 1706 1704 non
1723 1672 1866 1705 mittant

553 1711 638 1751 justi
656 1713 690 1743 in
710 1714 978 1753 perversitatem
997 1723 1124 1745 manus
1142 1724 1224 1746 suas
1237 1714 1255 1726 '¹
1272 1715 1344 1754 (Ps.
1362 1725 1461 1746 cxxv.
1483 1715 1536 1755 3):

384 1799 607 1840 “baculus
639 1801 883 1853 impietatis
897 1800 916 1816 ”
948 1800 1173 1854 significat
1206 1802 1459 1855 potentiam
1495 1802 1593 1843 falsi
1624 1816 1684 1843 ex
1715 1801 1862 1856 malo;

384 1865 553 1915 “super
570 1869 692 1903 sorte
710 1862 932 1914 justorum
945 1863 963 1878 ’'
982 1863 1208 1916 significat
1227 1878 1358 1917 super
1375 1865 1491 1905 veris
1514 1879 1574 1905 ex
1596 1865 1730 1914 bono,
1749 1878 1864 1919 quae

380 1931 485 1965 sunt
522 1925 638 1978 apud
675 1925 844 1974 fideles,
882 1927 926 1966 in
963 1927 1111 1979 specie
1148 1927 1265 1979 apud
1305 1926 1407 1967 illos
1443 1927 1516 1980 qui
1551 1928 1596 1968 in
1632 1941 1784 1968 amore
1818 1928 1863 1969 in

380 1986 624 2028 Dominum
658 1994 775 2036 sunt,
810 2002 914 2028 nam
946 1988 1009 2029 illi
1040 1989 1084 2028 in
1117 1988 1272 2030 Verbo
1303 1990 1511 2030 dicuntur
1543 1989 1683 2043 “justi
1700 1990 1734 2041 ;''
1767 1993 1863 2031 “ne

379 2050 567 2090 mittant
586 2049 694 2102 justi
720 2051 763 2090 in
790 2051 1134 2104 perversitatem
1158 2064 1316 2092 manus
1338 2065 1439 2092 suas
1451 2051 1470 2066 '‘
1491 2051 1717 2104 significat
1738 2065 1795 2094 ne
1817 2053 1863 2094 hi

378 2111 617 2153 falsificent
640 2126 757 2153 vera.
820 2113 871 2153 In
903 2113 1106 2162 lerenz's,

444 2200 550 2241 “Ego
570 2201 623 2232 vir
639 2202 696 2241 qui
716 2202 804 2232 vidit
823 2202 1002 2233 miseriam
1023 2212 1085 2242 per
1104 2202 1240 2242 virgam
1260 2202 1390 2234 furoris
1410 2202 1497 2243 ejus,
1515 2213 1571 2235 me
1591 2203 1691 2236 duxit
1710 2203 1746 2236 in
1766 2209 1862 2237 tene-

550 2245 632 2282 bris,
651 2254 685 2276 et
702 2255 774 2275 non
791 2245 826 2276 in
845 2245 958 2276 lucem
972 2245 990 2257 ’'
1007 2246 1065 2285 (iii.
1086 2254 1112 2284 1,
1132 2248 1184 2286 2):

376 2333 489 2374 haec
513 2331 633 2373 dicta
659 2340 763 2374 sunt
790 2334 845 2374 de
868 2334 1185 2375 devastatione
1212 2334 1445 2383 ecclesiae,
1474 2341 1520 2376 et
1546 2349 1624 2388 per
1647 2335 1859 2388 “virgam

375 2395 563 2437 furoris‘’
594 2395 870 2448 significatur
901 2397 1146 2436 dominium
1177 2396 1276 2446 falsi
1306 2397 1558 2448 infernalis;
1594 2401 1704 2438 “me
1729 2399 1860 2440 duxit

377 2465 424 2500 et
446 2459 636 2499 deduxit
659 2459 702 2498 in
722 2459 938 2508 tenebris,
959 2465 1005 2500 et
1028 2473 1118 2499 non
1141 2459 1184 2499 in
1209 2459 1395 2508 lucem‚'’
1412 2459 1637 2513 significat
1658 2460 1703 2500 in
1725 2460 1859 2501 meris

374 2521 510 2570 falsis,
535 2528 580 2562 et
603 2522 664 2562 sic
690 2535 778 2561 non
801 2522 858 2561 ad
882 2535 999 2562 vera.
1061 2521 1199 2575 Apud
1221 2521 1426 2571 Esaiam,

441 2615 597 2658 “jugum
623 2617 741 2647 oneris
766 2616 853 2656 ejus,
878 2623 913 2647 et
936 2617 1098 2648 baculum
1123 2617 1260 2648 humeri
1287 2616 1375 2657 ejus,
1399 2617 1536 2657 virgam
1566 2616 1740 2657 exigentis
1763 2625 1845 2648 eum

548 2660 754 2699 confregisti
766 2660 783 2671 ”
801 2661 859 2699 (ix.
878 2668 896 2699 3
916 2658 975 2701 [B.
992 2661 1037 2692 A.
1054 2658 1126 2701 4]):

372 2746 485 2788 haec
523 2747 579 2788 de
620 2747 844 2799 gentibus,
883 2761 995 2800 quae
1036 2748 1080 2788 in
1116 2747 1237 2788 falsis
1273 2747 1450 2788 fuerunt
1486 2761 1546 2788 ex
1582 2747 1853 2800 ignorantia,

373 2810 476 2864 quia
507 2823 598 2850 non
630 2810 716 2849 illis
747 2809 826 2850 fuit
859 2809 1077 2859 Verbum,
1106 2816 1151 2851 et
1182 2810 1285 2851 inde
1317 2823 1406 2850 non
1439 2816 1573 2851 notus
1606 2810 1853 2861 Dominus;

373 2872 541 2913 malum
565 2886 651 2926 quo
674 2873 850 2924 gravati
872 2879 990 2921 sunt,
1011 2879 1056 2913 et
1079 2873 1237 2913 falsum
1256 2887 1343 2926 quo
1365 2873 1577 2921 infestati,
1598 2872 1853 2925 significan-

373 2941 445 2975 tur
481 2949 559 2988 per
598 2935 789 2987 “jugum
827 2935 1013 2982 oneris,’'
1049 2949 1127 2988 per
1166 2935 1409 2976 “baculum
1446 2935 1657 2983 humeri,”
1694 2941 1740 2976 et
1776 2948 1853 2988 per

375 2997 587 3051 “virgam
614 2997 892 3050 exigentis;''
923 2997 1000 3038 illa
1027 2998 1257 3039 destruere
1290 2997 1568 3051 significatur
1598 3011 1676 3051 per
1704 3001 1850 3038 “con-
