2054 3464
390 351 414 381 2
424 351 502 394 190
801 350 1131 384 APOCALYPSIS
1162 351 1460 385 EXPLICATA.

391 462 509 516 apud
534 462 710 513 Lucam,

454 539 472 553 “
483 538 602 580 Quid„
616 563 623 571 .
634 538 694 570 Me
711 539 844 571 vocatis
864 539 1028 578 Domine,
1043 539 1207 578 Domine,
1225 546 1260 572 et
1276 550 1348 572 non
1365 540 1480 572 facitis
1497 549 1585 581 quae
1602 540 1704 573 dico?
1741 539 1872 573 Omni:

561 583 619 623 qui
642 583 740 614 venit
763 583 808 614 ad
833 582 902 620 Me,
928 589 963 614 et
985 583 1083 615 audit
1106 593 1290 615 sermones
1314 593 1424 621 meos,
1448 589 1483 615 et
1506 583 1590 615 facit
1612 593 1701 622 eos„
1715 607 1745 616 ..
1759 582 1876 615 ,simi-
1917 581 1920 586 “

561 626 604 657 lis
639 632 692 657 est
721 626 856 657 homini
887 626 1085 658 aedificanti
1116 627 1277 658 domum.
1292 651 1320 659 ..
1335 636 1456 667 .super
1486 633 1621 666 petraz.
1636 650 1664 658 ..
1679 626 1753 668 .qui
1784 633 1872 658 vero

561 669 659 700 audit
675 675 709 700 et
722 679 793 700 non
808 669 900 706 facit,
914 669 1040 701 similis
1053 676 1107 701 est
1123 670 1259 701 homini
1272 669 1471 701 aedificanti
1484 670 1629 701 domum
1642 678 1750 710 super
1761 669 1872 702 humo

563 712 640 743 sine
657 711 891 744 fundamento
902 712 920 724 ”
936 712 994 752 (vi.
1014 713 1135 754 46-49)
1150 722 1157 751 ;

395 799 514 853 apud
539 773 830 849 Matthaeum,

459 881 554 914 “Ille
574 882 632 923 qui
657 882 691 913 in
711 887 841 913 terram
861 883 992 914 bonam
1010 882 1205 914 seminatus
1229 887 1293 921 est,
1310 882 1365 914 hic
1389 888 1443 914 est
1462 882 1520 923 qui
1537 881 1694 914 Verbum
1717 880 1817 914 audit
1839 887 1877 913 et

566 925 727 963 attendit,
748 931 782 956 et
802 926 860 966 qui
885 925 967 957 inde
990 923 1142 957 fructum
1166 926 1235 958 fert
1258 932 1293 957 et
1316 925 1410 963 facit,
1430 926 1520 958 alius
1544 925 1759 966 centuplum,
1783 924 1874 957 alius

565 968 848 1009 sexagecuplum,
863 969 953 1000 alius
973 968 1233 1009 trigecuplum’'
1246 968 1331 1008 (xiii.
1350 969 1426 1008 23);

397 1051 514 1105 apud
537 1051 745 1101 eundem,
783 1106 786 1109 .

457 1134 475 1148 “
487 1133 654 1175 Quisquis
668 1133 828 1164 solverit.
842 1157 850 1165 .
859 1138 1125 1173 praeceptorum
1138 1132 1264 1164 horum
1277 1132 1474 1171 minimum,
1484 1138 1519 1164 et
1531 1132 1688 1164 docuerit
1701 1131 1751 1164 ita
1761 1130 1877 1164 homi-

565 1186 638 1215 nes,
659 1177 826 1207 minimus
840 1177 1023 1207 vocabitur
1036 1176 1071 1207 in
1086 1186 1196 1216 regno
1213 1177 1391 1207 caelorum
1406 1185 1413 1214 ;
1438 1176 1496 1217 qui
1512 1185 1598 1207 vero
1613 1175 1698 1208 facit
1713 1181 1748 1207 et
1760 1175 1875 1214 docet,

564 1220 620 1251 hic
637 1229 787 1260 magnus
804 1220 985 1250 vocabitur
1002 1219 1038 1250 in
1056 1229 1166 1260 regno
1183 1219 1362 1250 caelorum
1373 1218 1391 1231 ”
1408 1218 1453 1259 (v.
1470 1218 1522 1260 19)
1536 1228 1543 1258 ;

396 1309 514 1363 apud
536 1308 800 1358 Johannem,

498 1390 643 1422 “Amici
659 1390 728 1422 mei
745 1391 830 1422 estis
848 1390 878 1422 si
898 1390 1051 1422 feceritis
1068 1400 1296 1431 quaecunque
1313 1389 1444 1422 mando
1463 1390 1566 1422 vobis
1578 1389 1596 1402 ’⁵
1613 1388 1683 1430 (xv.
1702 1388 1777 1430 14);

398 1473 516 1527 apud
538 1473 745 1522 eundem,

610 1548 676 1580 “Si
691 1548 778 1580 haec
797 1548 904 1587 scitis,
921 1547 1014 1580 beati
1034 1547 1120 1580 estis
1137 1547 1167 1580 si
1183 1547 1337 1580 feceritis
1354 1547 1414 1579 illa
1427 1546 1447 1560 ”
1463 1546 1547 1588 (xiii.
1566 1546 1639 1588 17);

397 1633 515 1687 apud
543 1633 749 1682 eundem,

460 1709 524 1741 “Si
543 1709 671 1740 amatis
698 1708 768 1746 Me,
789 1709 958 1740 mandata
981 1719 1061 1740 mea
1078 1714 1216 1741 servate
1229 1720 1253 1741 ς.
1268 1733 1275 1741 .
1289 1734 1297 1741 .
1311 1709 1385 1750 ,qui
1403 1709 1510 1741 habet
1527 1714 1715 1750 praecepta
1737 1717 1827 1748 mea,
1843 1714 1880 1742 et

568 1753 651 1784 facit
669 1753 737 1790 illa,
755 1753 814 1783 ille
837 1758 892 1784 est
915 1752 974 1793 qui
990 1758 1087 1784 amat
1111 1752 1198 1790 Me,.
1212 1777 1220 1785 .
1234 1777 1241 1784 .
1256 1759 1306 1784 ,et
1331 1752 1407 1792 Ego
1430 1753 1559 1784 amabo
1583 1752 1692 1791 illum,
1709 1757 1744 1784 et
1767 1752 1881 1784 mani-

567 1795 706 1827 festabo
726 1795 775 1827 illi
801 1795 860 1826 Me
881 1795 1014 1836 Ipsum,
1034 1802 1069 1827 et
1092 1796 1136 1827 ad
1160 1796 1258 1827 illum
1276 1793 1462 1834 [¹1veniam‚
1479 1801 1515 1828 et
1537 1795 1762 1827 mansionem
1785 1795 1880 1836 apud

568 1839 667 1870 illum
685 1837 860 1878 [²]faciam;
880 1839 938 1880 qui
952 1848 1036 1870 vero
1053 1849 1125 1870 non
1139 1845 1236 1871 amat
1253 1838 1322 1878 Me,
1334 1840 1443 1871 verba
1456 1848 1536 1870 mea
1548 1849 1621 1871 non
1635 1845 1753 1871 servat
1763 1837 1782 1852 ”
1793 1838 1879 1880 (xlv.

571 1890 621 1921 15,
640 1882 779 1922 21—24);

397 1967 516 2021 apud
541 1966 718 2016 Lucam,

407 2079 410 2081 Α
460 2048 564 2090 Jesus
588 2049 686 2086 dixit,
707 2048 854 2080 “Mater
877 2059 957 2081 mea
979 2055 1014 2081 et
1038 2049 1165 2081 fratres
1189 2049 1259 2081 mei
1293 2049 1329 2081 hi
1353 2054 1446 2088 sunt,
1470 2049 1528 2091 qui
1551 2049 1699 2082 audiunt
1721 2048 1878 2082 Verbum
1911 2048 1913 2050 ’

568 2090 720 2124 [³]meum
738 2098 773 2124 et
789 2092 923 2124 faciunt
939 2093 1025 2124 illud
1036 2092 1053 2105 ’'
1070 2093 1153 2134 (viii.
1172 2094 1226 2133 21)
1241 2102 1248 2132 ;

398 2178 516 2232 apud
540 2177 830 2227 Matthaeum‚

461 2260 628 2293 “Esurivi
645 2266 679 2291 et
702 2260 848 2292 dedistis
875 2260 964 2291 Mihi
988 2261 1101 2299 edere,
1119 2260 1214 2292 sitivi
1231 2266 1266 2292 et
1283 2261 1431 2301 potastis
1457 2260 1526 2299 Me,
1544 2260 1752 2301 peregrinus
1776 2260 1826 2293 fui
1843 2267 1880 2293 et

568 2303 760 2343 collegistis
782 2302 850 2341 Me,
869 2304 982 2335 nudus
1007 2304 1057 2335 fui
1077 2311 1112 2335 et
1131 2304 1295 2336 induistis
1314 2303 1383 2342 Me,
1400 2310 1566 2344 aegrotus
1585 2303 1636 2335 fui
1652 2310 1687 2335 et
1703 2303 1876 2336 visitastis

570 2346 639 2383 Me,
665 2347 699 2377 in
724 2347 883 2378 custodia
909 2347 959 2378 fui
987 2354 1021 2378 et
1044 2347 1191 2378 venistis
1217 2347 1261 2379 ad
1290 2347 1393 2379 Me:”
1419 2348 1543 2388 quibus
1576 2346 1751 2378 Dominus
1778 2347 1877 2385 dixit,

570 2391 589 2404 ‘⁸
599 2390 736 2427 Venite,
748 2388 933 2428 benedicii,
942 2415 949 2422 .
965 2415 971 2421 .
986 2414 993 2422 .
1002 2397 1168 2431 tanquam
1181 2390 1413 2422 hereditatem
1424 2390 1603 2430 possidete
1616 2399 1765 2431 regnum
1777 2399 1878 2431 para-

569 2438 643 2464 tum
667 2433 768 2464 vobis
792 2443 813 2464 a
836 2433 1044 2464 fundatione
1069 2432 1235 2465 mundi:'’
1259 2439 1294 2465 et
1320 2433 1408 2465 dixit
1432 2434 1501 2465 illis
1525 2433 1583 2474 qui
1607 2443 1679 2464 non
1707 2433 1878 2472 fecerunt,

571 2478 589 2491 “
601 2476 778 2508 Discedite
795 2486 816 2507 a
834 2476 903 2514 Me,
918 2475 1106 2515 maledicti,
1120 2477 1155 2507 in
1173 2477 1292 2517 ignem
1308 2483 1490 2508 aeternum
1507 2482 1668 2518 paratum
1685 2474 1828 2508 diabolo
1841 2483 1880 2509 et

570 2520 707 2560 angelis
725 2519 801 2560 ejus
813 2519 830 2532 ''
848 2519 941 2559 (xxv.
960 2528 998 2558 31
1018 2520 1063 2551 ad
1080 2519 1173 2560 fin.);

399 2606 517 2661 apud
537 2605 801 2655 Jolzannem,

464 2689 483 2703 ‘⁸
495 2687 599 2720 Pater
618 2697 717 2770 meu?
733 2686 888 2770 Vinit01)·.
903 2712 926 2725 .,
944 2696 1087 2718 omnem
1112 2687 1293 2727 palmitem
1318 2696 1390 2718 non
1415 2686 1588 2719 ferentem
1606 2685 1769 2725 studium.
1787 2686 1880 2719 tollit

572 2741 652 2762 eum
715 2740 771 2762 xv.
794 2739 821 2768 1,
839 2739 857 2761 2
887 2740 894 2768 ;

403 2816 522 2871 apud
547 2815 724 2865 Lucam,

467 2899 485 2912 ‘¹
495 2897 627 2931 Facite.
642 2895 791 2929 ‚fructus
810 2897 938 2937 dignos
957 2898 1197 2938 paenitentia:
1221 2897 1337 2929 omnis
1357 2898 1462 2930 arbor
1478 2907 1551 2930 non
1569 2897 1705 2930 faciens
1724 2895 1878 2929 frustum

573 2942 717 2979 bonum,
731 2942 955 2972 exscindetur
972 2947 1006 2972 et
1025 2942 1059 2972 in
1078 2942 1196 2981 ignem
1211 2941 1418 2981 conjicietur
1432 2951 1454 2979 ;.
1470 2951 1528 2974 ,ex
1544 2940 1714 2973 fructibus
1727 2950 1878 2981 cognos-

574 2984 651 3016 citis
668 2994 729 3016 eos
740 2983 758 2996 ’'
778 2983 838 3024 (iii.
857 2985 885 3023 8,
904 2982 955 3026 9[;
979 2994 1018 3016 ae
1035 2985 1163 3016 Matth.
1180 2984 1238 3016 vii.
1258 2993 1306 3025 19,
1325 2982 1416 3026 20]);
