<?xml version="1.0" encoding="UTF-8"?>
<!DOCTYPE html PUBLIC "-//W3C//DTD XHTML 1.0 Transitional//EN"
    "http://www.w3.org/TR/xhtml1/DTD/xhtml1-transitional.dtd">
<html xmlns="http://www.w3.org/1999/xhtml" xml:lang="en" lang="en">
 <head>
  <title>
</title>
<meta http-equiv="Content-Type" content="text/html;charset=utf-8" />
  <meta name='ocr-system' content='tesseract 3.04.00' />
  <meta name='ocr-capabilities' content='ocr_page ocr_carea ocr_par ocr_line ocrx_word'/>
</head>
<body>
  <div class='ocr_page' id='page_1' title='image "apocalypsisexpli04sweduoft_0381.png"; bbox 0 0 2008 3458; ppageno 0'>
   <div class='ocr_carea' id='block_1_1' title="bbox 587 379 1734 436">
    <p class='ocr_par' dir='ltr' id='par_1_1' title="bbox 587 379 1734 436">
     <span class='ocr_line' id='line_1_1' title="bbox 587 379 1734 436; baseline -0.004 -10"><span class='ocrx_word' id='word_1_1' title='bbox 587 390 694 426; x_wconf 73' lang='lat' dir='ltr'>cA-P.</span> <span class='ocrx_word' id='word_1_2' title='bbox 719 391 842 432; x_wconf 68' lang='lat' dir='ltr'>xm„</span> <span class='ocrx_word' id='word_1_3' title='bbox 866 391 1004 424; x_wconf 81' lang='lat' dir='ltr'>vERs.</span> <span class='ocrx_word' id='word_1_4' title='bbox 1034 390 1205 423; x_wconf 90' lang='lat' dir='ltr'>11.—N.</span> <span class='ocrx_word' id='word_1_5' title='bbox 1230 379 1390 436; x_wconf 86' lang='lat' dir='ltr'><em>815[c].</em></span> <span class='ocrx_word' id='word_1_6' title='bbox 1624 380 1734 433; x_wconf 84' lang='lat'><strong>&#39;2283</strong></span> 
     </span>
    </p>
   </div>
   <div class='ocr_carea' id='block_1_2' title="bbox 123 500 1738 561">
    <p class='ocr_par' dir='ltr' id='par_1_2' title="bbox 123 499 1738 566">
     <span class='ocr_line' id='line_1_2' title="bbox 123 500 1738 561; baseline -0.007 -7"><span class='ocrx_word' id='word_1_7' title='bbox 123 500 181 554; x_wconf 63' lang='lat'>3:-</span> <span class='ocrx_word' id='word_1_8' title='bbox 241 505 483 561; x_wconf 86' lang='lat' dir='ltr'>sycomori,</span> <span class='ocrx_word' id='word_1_9' title='bbox 507 511 578 548; x_wconf 88' lang='lat' dir='ltr'>est</span> <span class='ocrx_word' id='word_1_10' title='bbox 605 505 745 547; x_wconf 89' lang='lat' dir='ltr'>etiam</span> <span class='ocrx_word' id='word_1_11' title='bbox 771 505 875 559; x_wconf 86' lang='lat' dir='ltr'>quia</span> <span class='ocrx_word' id='word_1_12' title='bbox 900 504 945 545; x_wconf 90' lang='lat' dir='ltr'>in</span> <span class='ocrx_word' id='word_1_13' title='bbox 968 504 1139 545; x_wconf 90' lang='lat' dir='ltr'>mundo</span> <span class='ocrx_word' id='word_1_14' title='bbox 1165 502 1386 558; x_wconf 82' lang='lat' dir='ltr'>spirituali</span> <span class='ocrx_word' id='word_1_15' title='bbox 1412 500 1652 544; x_wconf 61' lang='lat' dir='ltr'>aaualiter</span> <span class='ocrx_word' id='word_1_16' title='bbox 1673 501 1738 542; x_wconf 86' lang='lat' dir='ltr'>ita</span> 
     </span>
    </p>
   </div>
   <div class='ocr_carea' id='block_1_3' title="bbox 241 566 1735 622">
    <p class='ocr_par' dir='ltr' id='par_1_3' title="bbox 241 566 1735 622">
     <span class='ocr_line' id='line_1_3' title="bbox 241 566 1735 622; baseline -0.005 -10"><span class='ocrx_word' id='word_1_17' title='bbox 241 567 318 612; x_wconf 73' lang='lat' dir='ltr'>fit:</span> <span class='ocrx_word' id='word_1_18' title='bbox 350 579 529 611; x_wconf 87' lang='lat' dir='ltr'>amores</span> <span class='ocrx_word' id='word_1_19' title='bbox 555 568 619 610; x_wconf 88' lang='lat' dir='ltr'>illi</span> <span class='ocrx_word' id='word_1_20' title='bbox 645 568 752 609; x_wconf 88' lang='lat' dir='ltr'>mali</span> <span class='ocrx_word' id='word_1_21' title='bbox 774 567 1046 622; x_wconf 86' lang='lat' dir='ltr'>quandoque</span> <span class='ocrx_word' id='word_1_22' title='bbox 1068 567 1128 608; x_wconf 91' lang='lat' dir='ltr'>ibi</span> <span class='ocrx_word' id='word_1_23' title='bbox 1153 573 1377 621; x_wconf 86' lang='lat' dir='ltr'><strong>apparent</strong></span> <span class='ocrx_word' id='word_1_24' title='bbox 1399 566 1515 607; x_wconf 89' lang='lat' dir='ltr'>sicut</span> <span class='ocrx_word' id='word_1_25' title='bbox 1538 570 1735 614; x_wconf 87' lang='lat' dir='ltr'>montes,</span> 
     </span>
    </p>
   </div>
   <div class='ocr_carea' id='block_1_4' title="bbox 71 622 1740 805">
    <p class='ocr_par' dir='ltr' id='par_1_4' title="bbox 71 622 1740 814">
     <span class='ocr_line' id='line_1_4' title="bbox 71 622 1738 684; baseline -0.004 -9"><span class='ocrx_word' id='word_1_26' title='bbox 71 622 75 626; x_wconf 33' lang='lat'><strong>³</strong></span> <span class='ocrx_word' id='word_1_27' title='bbox 238 632 295 675; x_wconf 70' lang='lat' dir='ltr'>ac</span> <span class='ocrx_word' id='word_1_28' title='bbox 324 631 438 674; x_wconf 85' lang='lat' dir='ltr'>fides</span> <span class='ocrx_word' id='word_1_29' title='bbox 472 631 572 673; x_wconf 84' lang='lat' dir='ltr'>salsi</span> <span class='ocrx_word' id='word_1_30' title='bbox 608 645 669 672; x_wconf 83' lang='lat' dir='ltr'>ex</span> <span class='ocrx_word' id='word_1_31' title='bbox 706 630 828 672; x_wconf 86' lang='lat' dir='ltr'>malo</span> <span class='ocrx_word' id='word_1_32' title='bbox 865 631 981 672; x_wconf 90' lang='lat' dir='ltr'>sicut</span> <span class='ocrx_word' id='word_1_33' title='bbox 1012 643 1293 684; x_wconf 84' lang='lat' dir='ltr'>sycomorus,</span> <span class='ocrx_word' id='word_1_34' title='bbox 1325 643 1377 670; x_wconf 89' lang='lat' dir='ltr'>ac</span> <span class='ocrx_word' id='word_1_35' title='bbox 1409 634 1648 682; x_wconf 87' lang='lat' dir='ltr'>utrumque</span> <span class='ocrx_word' id='word_1_36' title='bbox 1680 628 1738 669; x_wconf 85' lang='lat' dir='ltr'>ab</span> 
     </span>
     <span class='ocr_line' id='line_1_5' title="bbox 146 691 1737 750; baseline -0.003 -13"><span class='ocrx_word' id='word_1_37' title='bbox 146 691 181 722; x_wconf 49' lang='lat' dir='ltr'>‘&#39;s“</span> <span class='ocrx_word' id='word_1_38' title='bbox 231 694 409 749; x_wconf 62' lang='lat' dir='ltr'>‘angelo</span> <span class='ocrx_word' id='word_1_39' title='bbox 434 709 514 750; x_wconf 88' lang='lat' dir='ltr'>per</span> <span class='ocrx_word' id='word_1_40' title='bbox 538 694 674 736; x_wconf 84' lang='lat' dir='ltr'>fidem</span> <span class='ocrx_word' id='word_1_41' title='bbox 706 708 732 735; x_wconf 89' lang='lat' dir='ltr'>a</span> <span class='ocrx_word' id='word_1_42' title='bbox 764 693 963 735; x_wconf 90' lang='lat' dir='ltr'>Domino</span> <span class='ocrx_word' id='word_1_43' title='bbox 994 699 1150 747; x_wconf 86' lang='lat' dir='ltr'>potest</span> <span class='ocrx_word' id='word_1_44' title='bbox 1182 693 1400 734; x_wconf 89' lang='lat' dir='ltr'>eradicari</span> <span class='ocrx_word' id='word_1_45' title='bbox 1432 698 1479 734; x_wconf 90' lang='lat' dir='ltr'>et</span> <span class='ocrx_word' id='word_1_46' title='bbox 1506 691 1661 745; x_wconf 89' lang='lat' dir='ltr'>projici</span> <span class='ocrx_word' id='word_1_47' title='bbox 1693 692 1737 732; x_wconf 90' lang='lat' dir='ltr'>in</span> 
     </span>
     <span class='ocr_line' id='line_1_6' title="bbox 123 755 1740 805; baseline -0.003 -7"><span class='ocrx_word' id='word_1_48' title='bbox 123 774 126 781; x_wconf 82' lang='lat'><strong><em>¹</em></strong></span> <span class='ocrx_word' id='word_1_49' title='bbox 206 790 212 794; x_wconf 51' lang='lat'>&gt;</span> <span class='ocrx_word' id='word_1_50' title='bbox 239 755 478 799; x_wconf 77' lang='lat' dir='ltr'>infernum.</span> <span class='ocrx_word' id='word_1_51' title='bbox 537 766 650 805; x_wconf 88' lang='lat' dir='ltr'>(Quod</span> <span class='ocrx_word' id='word_1_52' title='bbox 667 763 911 804; x_wconf 82' lang='lat' dir='ltr'>per¹¹montem</span> <span class='ocrx_word' id='word_1_53' title='bbox 925 765 942 775; x_wconf 84' lang='lat'>&#39;&#39;</span> <span class='ocrx_word' id='word_1_54' title='bbox 956 765 1152 803; x_wconf 87' lang='lat' dir='ltr'>significetur</span> <span class='ocrx_word' id='word_1_55' title='bbox 1165 774 1257 794; x_wconf 87' lang='lat' dir='ltr'>amor</span> <span class='ocrx_word' id='word_1_56' title='bbox 1271 765 1303 794; x_wconf 90' lang='lat' dir='ltr'>in</span> <span class='ocrx_word' id='word_1_57' title='bbox 1324 764 1512 799; x_wconf 79' lang='lat' dir='ltr'>Dominum,</span> <span class='ocrx_word' id='word_1_58' title='bbox 1527 773 1566 793; x_wconf 90' lang='lat' dir='ltr'>ac</span> <span class='ocrx_word' id='word_1_59' title='bbox 1584 764 1618 793; x_wconf 88' lang='lat' dir='ltr'>in</span> <span class='ocrx_word' id='word_1_60' title='bbox 1637 773 1740 802; x_wconf 87' lang='lat' dir='ltr'>oppo-</span> 
     </span>
    </p>
   </div>
   <div class='ocr_carea' id='block_1_5' title="bbox 238 813 1741 860">
    <p class='ocr_par' dir='ltr' id='par_1_5' title="bbox 238 813 1741 860">
     <span class='ocr_line' id='line_1_7' title="bbox 238 813 1741 860; baseline -0.003 -9"><span class='ocrx_word' id='word_1_61' title='bbox 238 819 303 851; x_wconf 61' lang='grc' dir='ltr'>άω</span> <span class='ocrx_word' id='word_1_62' title='bbox 318 828 416 853; x_wconf 60' lang='lat' dir='ltr'>senisu</span> <span class='ocrx_word' id='word_1_63' title='bbox 432 828 525 850; x_wconf 69' lang='lat' dir='ltr'>arnor</span> <span class='ocrx_word' id='word_1_64' title='bbox 541 819 601 854; x_wconf 81' lang='lat' dir='ltr'>sui,</span> <span class='ocrx_word' id='word_1_65' title='bbox 616 820 762 849; x_wconf 88' lang='lat' dir='ltr'>videatur</span> <span class='ocrx_word' id='word_1_66' title='bbox 775 828 882 857; x_wconf 80' lang='lat' dir='ltr'>supra,</span> <span class='ocrx_word' id='word_1_67' title='bbox 898 828 929 849; x_wconf 86' lang='lat' dir='ltr'>n.</span> <span class='ocrx_word' id='word_1_68' title='bbox 943 816 1041 860; x_wconf 82' lang='lat'>405,</span> <span class='ocrx_word' id='word_1_69' title='bbox 1061 816 1160 860; x_wconf 86' lang='lat'>510:</span> <span class='ocrx_word' id='word_1_70' title='bbox 1189 822 1222 847; x_wconf 92' lang='lat' dir='ltr'>et</span> <span class='ocrx_word' id='word_1_71' title='bbox 1240 819 1329 856; x_wconf 90' lang='lat' dir='ltr'>quod</span> <span class='ocrx_word' id='word_1_72' title='bbox 1343 814 1360 826; x_wconf 78' lang='lat'>‘⁸</span> <span class='ocrx_word' id='word_1_73' title='bbox 1372 818 1452 847; x_wconf 84' lang='lat' dir='ltr'>ficus</span> <span class='ocrx_word' id='word_1_74' title='bbox 1463 817 1480 827; x_wconf 89' lang='lat'>&#39;&#39;</span> <span class='ocrx_word' id='word_1_75' title='bbox 1493 821 1550 847; x_wconf 89' lang='lat' dir='ltr'>aut</span> <span class='ocrx_word' id='word_1_76' title='bbox 1564 813 1582 825; x_wconf 88' lang='grc'>“</span> <span class='ocrx_word' id='word_1_77' title='bbox 1593 825 1741 855; x_wconf 90' lang='lat' dir='ltr'>sycomo-</span> 
     </span>
    </p>
   </div>
   <div class='ocr_carea' id='block_1_6' title="bbox 116 847 1742 954">
    <p class='ocr_par' dir='ltr' id='par_1_6' title="bbox 116 847 1742 954">
     <span class='ocr_line' id='line_1_8' title="bbox 119 847 1742 903; baseline -0.001 -11"><span class='ocrx_word' id='word_1_78' title='bbox 119 852 191 896; x_wconf 46' lang='grc'><em>.·““.</em></span> <span class='ocrx_word' id='word_1_79' title='bbox 239 862 320 896; x_wconf 60' lang='grc' dir='ltr'>ω”</span> <span class='ocrx_word' id='word_1_80' title='bbox 335 863 492 903; x_wconf 56' lang='lat' dir='ltr'>§mustea</span> <span class='ocrx_word' id='word_1_81' title='bbox 511 864 688 893; x_wconf 81' lang='lat' dir='ltr'>naturalem</span> <span class='ocrx_word' id='word_1_82' title='bbox 708 863 872 892; x_wconf 88' lang='lat' dir='ltr'>hominem</span> <span class='ocrx_word' id='word_1_83' title='bbox 895 863 1004 900; x_wconf 76' lang='lat' dir='ltr'>quoad</span> <span class='ocrx_word' id='word_1_84' title='bbox 1024 863 1112 892; x_wconf 90' lang='lat' dir='ltr'>bona</span> <span class='ocrx_word' id='word_1_85' title='bbox 1133 867 1164 892; x_wconf 91' lang='lat' dir='ltr'>et</span> <span class='ocrx_word' id='word_1_86' title='bbox 1185 871 1260 892; x_wconf 90' lang='lat' dir='ltr'>vera</span> <span class='ocrx_word' id='word_1_87' title='bbox 1282 862 1336 897; x_wconf 88' lang='lat' dir='ltr'>ibi,</span> <span class='ocrx_word' id='word_1_88' title='bbox 1358 871 1396 891; x_wconf 85' lang='lat' dir='ltr'>ac</span> <span class='ocrx_word' id='word_1_89' title='bbox 1418 862 1452 890; x_wconf 90' lang='lat' dir='ltr'>in</span> <span class='ocrx_word' id='word_1_90' title='bbox 1474 861 1623 899; x_wconf 86' lang='lat' dir='ltr'>opposito</span> <span class='ocrx_word' id='word_1_91' title='bbox 1645 869 1742 890; x_wconf 87' lang='lat' dir='ltr'>sensu</span> 
     </span>
     <span class='ocr_line' id='line_1_9' title="bbox 116 908 1058 954; baseline -0.004 -8"><span class='ocrx_word' id='word_1_92' title='bbox 116 911 162 930; x_wconf 76' lang='lat'>&#39;&#39;¹</span> <span class='ocrx_word' id='word_1_93' title='bbox 176 944 178 946; x_wconf 89' lang='grc'><strong>,</strong></span> <span class='ocrx_word' id='word_1_94' title='bbox 199 919 201 921; x_wconf 87' lang='grc'><em>“</em></span> <span class='ocrx_word' id='word_1_95' title='bbox 240 908 382 944; x_wconf 52' lang='lat' dir='ltr'>&amp;undem</span> <span class='ocrx_word' id='word_1_96' title='bbox 394 914 505 952; x_wconf 76' lang='lat' dir='ltr'>quoad</span> <span class='ocrx_word' id='word_1_97' title='bbox 523 913 610 943; x_wconf 85' lang='lat' dir='ltr'>mala</span> <span class='ocrx_word' id='word_1_98' title='bbox 627 918 660 943; x_wconf 88' lang='lat' dir='ltr'>et</span> <span class='ocrx_word' id='word_1_99' title='bbox 677 913 767 948; x_wconf 82' lang='lat' dir='ltr'>salsa,</span> <span class='ocrx_word' id='word_1_100' title='bbox 781 921 887 951; x_wconf 80' lang='lat' dir='ltr'>supra,</span> <span class='ocrx_word' id='word_1_101' title='bbox 898 921 930 943; x_wconf 90' lang='lat' dir='ltr'>n.</span> <span class='ocrx_word' id='word_1_102' title='bbox 944 912 1058 954; x_wconf 89' lang='lat'><strong>403.)</strong></span> 
     </span>
    </p>
   </div>
   <div class='ocr_carea' id='block_1_7' title="bbox 241 969 1740 1153">
    <p class='ocr_par' dir='ltr' id='par_1_7' title="bbox 241 969 1740 1153">
     <span class='ocr_line' id='line_1_10' title="bbox 326 969 1740 1026; baseline -0.003 -12"><span class='ocrx_word' id='word_1_103' title='bbox 326 971 410 1026; x_wconf 74' lang='grc'><strong>[0.]</strong></span> <span class='ocrx_word' id='word_1_104' title='bbox 453 971 586 1014; x_wconf 86' lang='lat' dir='ltr'>Haec</span> <span class='ocrx_word' id='word_1_105' title='bbox 617 972 675 1013; x_wconf 89' lang='lat' dir='ltr'>de</span> <span class='ocrx_word' id='word_1_106' title='bbox 706 971 794 1012; x_wconf 89' lang='lat' dir='ltr'>fide</span> <span class='ocrx_word' id='word_1_107' title='bbox 826 970 1115 1012; x_wconf 88' lang='lat' dir='ltr'>miraculosa.</span> <span class='ocrx_word' id='word_1_108' title='bbox 1191 969 1456 1024; x_wconf 87' lang='lat' dir='ltr'>Sequuntur</span> <span class='ocrx_word' id='word_1_109' title='bbox 1485 983 1605 1010; x_wconf 91' lang='lat' dir='ltr'>nunc</span> <span class='ocrx_word' id='word_1_110' title='bbox 1637 969 1740 1010; x_wconf 85' lang='lat' dir='ltr'>loca</span> 
     </span>
     <span class='ocr_line' id='line_1_11' title="bbox 241 1033 1740 1090; baseline -0.003 -11"><span class='ocrx_word' id='word_1_111' title='bbox 241 1035 644 1090; x_wconf 20' lang='lat' dir='ltr'>exiEvangelistis</span> <span class='ocrx_word' id='word_1_112' title='bbox 677 1036 734 1077; x_wconf 93' lang='lat' dir='ltr'>de</span> <span class='ocrx_word' id='word_1_113' title='bbox 770 1035 858 1077; x_wconf 90' lang='lat' dir='ltr'>fide</span> <span class='ocrx_word' id='word_1_114' title='bbox 894 1034 1109 1084; x_wconf 85' lang='lat' dir='ltr'>salvifica,</span> <span class='ocrx_word' id='word_1_115' title='bbox 1144 1049 1260 1089; x_wconf 86' lang='lat' dir='ltr'>quae</span> <span class='ocrx_word' id='word_1_116' title='bbox 1297 1041 1367 1076; x_wconf 88' lang='lat' dir='ltr'>est</span> <span class='ocrx_word' id='word_1_117' title='bbox 1405 1033 1516 1076; x_wconf 90' lang='lat' dir='ltr'>fides</span> <span class='ocrx_word' id='word_1_118' title='bbox 1550 1034 1643 1075; x_wconf 91' lang='lat' dir='ltr'>veri</span> <span class='ocrx_word' id='word_1_119' title='bbox 1680 1047 1740 1075; x_wconf 86' lang='lat' dir='ltr'>ex</span> 
     </span>
     <span class='ocr_line' id='line_1_12' title="bbox 241 1098 1257 1153; baseline -0.005 -10"><span class='ocrx_word' id='word_1_120' title='bbox 241 1101 397 1143; x_wconf 83' lang='lat' dir='ltr'>&#39;amore</span> <span class='ocrx_word' id='word_1_121' title='bbox 419 1100 465 1142; x_wconf 90' lang='lat' dir='ltr'>in</span> <span class='ocrx_word' id='word_1_122' title='bbox 487 1099 736 1141; x_wconf 91' lang='lat' dir='ltr'>Dominum</span> <span class='ocrx_word' id='word_1_123' title='bbox 753 1099 965 1153; x_wconf 75' lang='lat' dir='ltr'>z—Apud</span> <span class='ocrx_word' id='word_1_124' title='bbox 987 1098 1257 1148; x_wconf 82' lang='lat' dir='ltr'>Jolzannem,</span> 
     </span>
    </p>
   </div>
   <div class='ocr_carea' id='block_1_8' title="bbox 259 1193 1744 1499">
    <p class='ocr_par' dir='ltr' id='par_1_8' title="bbox 259 1193 1744 1499">
     <span class='ocr_line' id='line_1_13' title="bbox 259 1193 1741 1236; baseline -0.003 -8"><span class='ocrx_word' id='word_1_125' title='bbox 259 1210 263 1213; x_wconf 92' lang='lat'>·</span> <span class='ocrx_word' id='word_1_126' title='bbox 311 1195 438 1228; x_wconf 84' lang='lat' dir='ltr'>“Sicut</span> <span class='ocrx_word' id='word_1_127' title='bbox 454 1194 580 1228; x_wconf 89' lang='lat' dir='ltr'>Moses</span> <span class='ocrx_word' id='word_1_128' title='bbox 597 1195 767 1227; x_wconf 83' lang='lat' dir='ltr'>exaltavit</span> <span class='ocrx_word' id='word_1_129' title='bbox 783 1200 988 1236; x_wconf 87' lang='lat' dir='ltr'>serpentem</span> <span class='ocrx_word' id='word_1_130' title='bbox 1008 1194 1045 1226; x_wconf 89' lang='lat' dir='ltr'>in</span> <span class='ocrx_word' id='word_1_131' title='bbox 1060 1194 1213 1233; x_wconf 88' lang='lat' dir='ltr'>deserto,</span> <span class='ocrx_word' id='word_1_132' title='bbox 1227 1194 1278 1226; x_wconf 85' lang='lat' dir='ltr'>ita</span> <span class='ocrx_word' id='word_1_133' title='bbox 1293 1199 1435 1235; x_wconf 83' lang='lat' dir='ltr'>oportet</span> <span class='ocrx_word' id='word_1_134' title='bbox 1447 1193 1596 1225; x_wconf 86' lang='lat' dir='ltr'>exaltari</span> <span class='ocrx_word' id='word_1_135' title='bbox 1615 1193 1741 1225; x_wconf 85' lang='lat' dir='ltr'>Filium</span> 
     </span>
     <span class='ocr_line' id='line_1_14' title="bbox 416 1237 1741 1280; baseline -0.002 -9"><span class='ocrx_word' id='word_1_136' title='bbox 416 1238 583 1277; x_wconf 87' lang='lat' dir='ltr'>hominis,</span> <span class='ocrx_word' id='word_1_137' title='bbox 595 1245 635 1271; x_wconf 92' lang='lat' dir='ltr'>ut</span> <span class='ocrx_word' id='word_1_138' title='bbox 651 1239 769 1271; x_wconf 87' lang='lat' dir='ltr'>omnis</span> <span class='ocrx_word' id='word_1_139' title='bbox 783 1239 842 1280; x_wconf 87' lang='lat' dir='ltr'>qui</span> <span class='ocrx_word' id='word_1_140' title='bbox 855 1239 967 1270; x_wconf 88' lang='lat' dir='ltr'>credit</span> <span class='ocrx_word' id='word_1_141' title='bbox 983 1239 1020 1270; x_wconf 90' lang='lat' dir='ltr'>in</span> <span class='ocrx_word' id='word_1_142' title='bbox 1036 1238 1170 1279; x_wconf 88' lang='lat' dir='ltr'>Ipsum,</span> <span class='ocrx_word' id='word_1_143' title='bbox 1185 1248 1259 1270; x_wconf 86' lang='lat' dir='ltr'>non</span> <span class='ocrx_word' id='word_1_144' title='bbox 1276 1245 1398 1279; x_wconf 90' lang='lat' dir='ltr'>pereat</span> <span class='ocrx_word' id='word_1_145' title='bbox 1411 1237 1475 1269; x_wconf 93' lang='lat' dir='ltr'>sed</span> <span class='ocrx_word' id='word_1_146' title='bbox 1491 1237 1620 1269; x_wconf 90' lang='lat' dir='ltr'>habeat</span> <span class='ocrx_word' id='word_1_147' title='bbox 1631 1237 1741 1269; x_wconf 87' lang='lat' dir='ltr'>vitam</span> 
     </span>
     <span class='ocr_line' id='line_1_15' title="bbox 416 1281 1742 1324; baseline -0.003 -9"><span class='ocrx_word' id='word_1_148' title='bbox 416 1289 611 1322; x_wconf 86' lang='lat' dir='ltr'>aeternam.</span> <span class='ocrx_word' id='word_1_149' title='bbox 667 1282 771 1314; x_wconf 92' lang='lat' dir='ltr'>Adeo</span> <span class='ocrx_word' id='word_1_150' title='bbox 791 1292 945 1324; x_wconf 86' lang='lat' dir='ltr'>namque</span> <span class='ocrx_word' id='word_1_151' title='bbox 964 1282 1088 1314; x_wconf 89' lang='lat' dir='ltr'>dilexit</span> <span class='ocrx_word' id='word_1_152' title='bbox 1109 1282 1207 1314; x_wconf 90' lang='lat' dir='ltr'>Deus</span> <span class='ocrx_word' id='word_1_153' title='bbox 1228 1282 1410 1320; x_wconf 87' lang='lat' dir='ltr'>mundum,</span> <span class='ocrx_word' id='word_1_154' title='bbox 1431 1287 1470 1313; x_wconf 92' lang='lat' dir='ltr'>ut</span> <span class='ocrx_word' id='word_1_155' title='bbox 1490 1281 1618 1312; x_wconf 91' lang='lat' dir='ltr'>Filium</span> <span class='ocrx_word' id='word_1_156' title='bbox 1639 1290 1742 1313; x_wconf 90' lang='lat' dir='ltr'>suum</span> 
     </span>
     <span class='ocr_line' id='line_1_16' title="bbox 417 1324 1744 1368; baseline -0.003 -9"><span class='ocrx_word' id='word_1_157' title='bbox 417 1327 641 1368; x_wconf 86' lang='lat' dir='ltr'>unigenitum</span> <span class='ocrx_word' id='word_1_158' title='bbox 659 1327 806 1365; x_wconf 88' lang='lat' dir='ltr'>dederit,</span> <span class='ocrx_word' id='word_1_159' title='bbox 823 1332 862 1358; x_wconf 90' lang='lat' dir='ltr'>ut</span> <span class='ocrx_word' id='word_1_160' title='bbox 881 1326 1000 1358; x_wconf 91' lang='lat' dir='ltr'>omnis</span> <span class='ocrx_word' id='word_1_161' title='bbox 1017 1326 1076 1368; x_wconf 89' lang='lat' dir='ltr'>qui</span> <span class='ocrx_word' id='word_1_162' title='bbox 1093 1326 1203 1358; x_wconf 91' lang='lat' dir='ltr'>credit</span> <span class='ocrx_word' id='word_1_163' title='bbox 1222 1325 1258 1357; x_wconf 87' lang='lat' dir='ltr'>in</span> <span class='ocrx_word' id='word_1_164' title='bbox 1281 1324 1415 1366; x_wconf 81' lang='lat' dir='ltr'>Ipsum,</span> <span class='ocrx_word' id='word_1_165' title='bbox 1435 1335 1509 1356; x_wconf 88' lang='lat' dir='ltr'>non</span> <span class='ocrx_word' id='word_1_166' title='bbox 1530 1330 1662 1366; x_wconf 86' lang='lat' dir='ltr'>pereat,</span> <span class='ocrx_word' id='word_1_167' title='bbox 1681 1324 1744 1356; x_wconf 90' lang='lat' dir='ltr'>sed</span> 
     </span>
     <span class='ocr_line' id='line_1_17' title="bbox 416 1368 1743 1411; baseline -0.002 -9"><span class='ocrx_word' id='word_1_168' title='bbox 416 1371 548 1403; x_wconf 88' lang='lat' dir='ltr'>habeat</span> <span class='ocrx_word' id='word_1_169' title='bbox 568 1371 678 1403; x_wconf 88' lang='lat' dir='ltr'>vitam</span> <span class='ocrx_word' id='word_1_170' title='bbox 698 1375 894 1402; x_wconf 79' lang='lat' dir='ltr'>aeternam.</span> <span class='ocrx_word' id='word_1_171' title='bbox 934 1394 942 1402; x_wconf 96' lang='lat'>.</span> <span class='ocrx_word' id='word_1_172' title='bbox 957 1394 964 1402; x_wconf 93' lang='lat'>.</span> <span class='ocrx_word' id='word_1_173' title='bbox 978 1395 986 1402; x_wconf 91' lang='lat'>.</span> <span class='ocrx_word' id='word_1_174' title='bbox 1000 1369 1086 1411; x_wconf 76' lang='lat' dir='ltr'>.Qui</span> <span class='ocrx_word' id='word_1_175' title='bbox 1106 1369 1217 1401; x_wconf 89' lang='lat' dir='ltr'>credit</span> <span class='ocrx_word' id='word_1_176' title='bbox 1235 1369 1272 1401; x_wconf 89' lang='lat' dir='ltr'>in</span> <span class='ocrx_word' id='word_1_177' title='bbox 1294 1369 1429 1410; x_wconf 86' lang='lat' dir='ltr'>Ipsum,</span> <span class='ocrx_word' id='word_1_178' title='bbox 1450 1378 1523 1400; x_wconf 89' lang='lat' dir='ltr'>non</span> <span class='ocrx_word' id='word_1_179' title='bbox 1544 1368 1743 1409; x_wconf 79' lang='lat' dir='ltr'>judicatur:</span> 
     </span>
     <span class='ocr_line' id='line_1_18' title="bbox 418 1412 1743 1456; baseline -0.002 -10"><span class='ocrx_word' id='word_1_180' title='bbox 418 1414 479 1456; x_wconf 89' lang='lat' dir='ltr'>qui</span> <span class='ocrx_word' id='word_1_181' title='bbox 509 1420 628 1446; x_wconf 87' lang='lat' dir='ltr'>autem</span> <span class='ocrx_word' id='word_1_182' title='bbox 658 1424 732 1446; x_wconf 90' lang='lat' dir='ltr'>non</span> <span class='ocrx_word' id='word_1_183' title='bbox 760 1414 881 1452; x_wconf 85' lang='lat' dir='ltr'>credit,</span> <span class='ocrx_word' id='word_1_184' title='bbox 910 1413 983 1454; x_wconf 86' lang='lat' dir='ltr'>jam</span> <span class='ocrx_word' id='word_1_185' title='bbox 1011 1413 1189 1454; x_wconf 84' lang='lat' dir='ltr'>judicatus</span> <span class='ocrx_word' id='word_1_186' title='bbox 1220 1418 1286 1452; x_wconf 88' lang='lat' dir='ltr'>est,</span> <span class='ocrx_word' id='word_1_187' title='bbox 1311 1413 1395 1454; x_wconf 88' lang='lat' dir='ltr'>quia</span> <span class='ocrx_word' id='word_1_188' title='bbox 1427 1422 1500 1455; x_wconf 86' lang='lat' dir='ltr'>non</span> <span class='ocrx_word' id='word_1_189' title='bbox 1532 1412 1680 1444; x_wconf 90' lang='lat' dir='ltr'>credidit</span> <span class='ocrx_word' id='word_1_190' title='bbox 1707 1412 1743 1443; x_wconf 88' lang='lat' dir='ltr'>in</span> 
     </span>
     <span class='ocr_line' id='line_1_19' title="bbox 419 1456 1195 1499; baseline -0.001 -9"><span class='ocrx_word' id='word_1_191' title='bbox 419 1466 553 1490; x_wconf 86' lang='lat' dir='ltr'>nomen</span> <span class='ocrx_word' id='word_1_192' title='bbox 569 1458 744 1499; x_wconf 83' lang='lat' dir='ltr'>unigeniti</span> <span class='ocrx_word' id='word_1_193' title='bbox 763 1457 842 1490; x_wconf 88' lang='lat' dir='ltr'>Filii</span> <span class='ocrx_word' id='word_1_194' title='bbox 861 1457 958 1489; x_wconf 89' lang='lat' dir='ltr'>Dei”</span> <span class='ocrx_word' id='word_1_195' title='bbox 975 1457 1036 1498; x_wconf 87' lang='lat' dir='ltr'>(iii.</span> <span class='ocrx_word' id='word_1_196' title='bbox 1056 1456 1195 1498; x_wconf 85' lang='lat'>14-19):</span> 
     </span>
    </p>
   </div>
   <div class='ocr_carea' id='block_1_9' title="bbox 168 1531 600 1601">
    <p class='ocr_par' dir='ltr' id='par_1_9' title="bbox 110 1528 600 1603">
     <span class='ocr_line' id='line_1_20' title="bbox 168 1531 600 1601; baseline -0.002 -18.118"><span class='ocrx_word' id='word_1_197' title='bbox 168 1569 185 1601; x_wconf 63' lang='lat'><em>2</em></span> <span class='ocrx_word' id='word_1_198' title='bbox 242 1531 363 1596; x_wconf 85' lang='lat' dir='ltr'>apud</span> <span class='ocrx_word' id='word_1_199' title='bbox 389 1540 600 1590; x_wconf 88' lang='lat' dir='ltr'>eundem,</span> 
     </span>
    </p>
   </div>
   <div class='ocr_carea' id='block_1_10' title="bbox 311 1614 1744 1745">
    <p class='ocr_par' dir='ltr' id='par_1_10' title="bbox 311 1614 1744 1745">
     <span class='ocr_line' id='line_1_21' title="bbox 311 1614 1744 1657; baseline -0.003 -7"><span class='ocrx_word' id='word_1_200' title='bbox 311 1617 449 1651; x_wconf 86' lang='lat' dir='ltr'>“Pater</span> <span class='ocrx_word' id='word_1_201' title='bbox 469 1622 567 1649; x_wconf 88' lang='lat' dir='ltr'>amat</span> <span class='ocrx_word' id='word_1_202' title='bbox 591 1616 732 1655; x_wconf 85' lang='lat' dir='ltr'>Filium,</span> <span class='ocrx_word' id='word_1_203' title='bbox 757 1622 792 1648; x_wconf 91' lang='lat' dir='ltr'>et</span> <span class='ocrx_word' id='word_1_204' title='bbox 816 1615 940 1648; x_wconf 87' lang='lat' dir='ltr'>omnia</span> <span class='ocrx_word' id='word_1_205' title='bbox 962 1615 1061 1648; x_wconf 87' lang='lat' dir='ltr'>dedit</span> <span class='ocrx_word' id='word_1_206' title='bbox 1084 1615 1121 1648; x_wconf 86' lang='lat' dir='ltr'>in</span> <span class='ocrx_word' id='word_1_207' title='bbox 1146 1625 1293 1647; x_wconf 87' lang='lat' dir='ltr'>manum</span> <span class='ocrx_word' id='word_1_208' title='bbox 1320 1614 1459 1657; x_wconf 76' lang='lat' dir='ltr'>Ipsius:</span> <span class='ocrx_word' id='word_1_209' title='bbox 1487 1615 1546 1656; x_wconf 89' lang='lat' dir='ltr'>qui</span> <span class='ocrx_word' id='word_1_210' title='bbox 1570 1614 1680 1648; x_wconf 89' lang='lat' dir='ltr'>credit</span> <span class='ocrx_word' id='word_1_211' title='bbox 1706 1614 1744 1646; x_wconf 90' lang='lat' dir='ltr'>in</span> 
     </span>
     <span class='ocr_line' id='line_1_22' title="bbox 421 1658 1744 1701; baseline -0.002 -8"><span class='ocrx_word' id='word_1_212' title='bbox 421 1660 562 1699; x_wconf 81' lang='lat' dir='ltr'>Filium,</span> <span class='ocrx_word' id='word_1_213' title='bbox 587 1661 695 1693; x_wconf 88' lang='lat' dir='ltr'>habet</span> <span class='ocrx_word' id='word_1_214' title='bbox 720 1661 831 1692; x_wconf 87' lang='lat' dir='ltr'>vitam</span> <span class='ocrx_word' id='word_1_215' title='bbox 860 1666 1066 1697; x_wconf 79' lang='lat' dir='ltr'>aeternam:</span> <span class='ocrx_word' id='word_1_216' title='bbox 1098 1659 1157 1701; x_wconf 92' lang='lat' dir='ltr'>qui</span> <span class='ocrx_word' id='word_1_217' title='bbox 1182 1669 1269 1691; x_wconf 92' lang='lat' dir='ltr'>vero</span> <span class='ocrx_word' id='word_1_218' title='bbox 1297 1669 1371 1691; x_wconf 91' lang='lat' dir='ltr'>non</span> <span class='ocrx_word' id='word_1_219' title='bbox 1402 1659 1514 1691; x_wconf 88' lang='lat' dir='ltr'>credit</span> <span class='ocrx_word' id='word_1_220' title='bbox 1543 1658 1643 1698; x_wconf 86' lang='lat' dir='ltr'>Filio,</span> <span class='ocrx_word' id='word_1_221' title='bbox 1669 1667 1744 1690; x_wconf 84' lang='lat' dir='ltr'>non</span> 
     </span>
     <span class='ocr_line' id='line_1_23' title="bbox 376 1703 1572 1745; baseline -0.002 -9"><span class='ocrx_word' id='word_1_222' title='bbox 376 1734 378 1736; x_wconf 90' lang='lat'>.</span> <span class='ocrx_word' id='word_1_223' title='bbox 419 1704 555 1738; x_wconf 87' lang='lat' dir='ltr'>videbit</span> <span class='ocrx_word' id='word_1_224' title='bbox 570 1704 692 1744; x_wconf 87' lang='lat' dir='ltr'>vitam,</span> <span class='ocrx_word' id='word_1_225' title='bbox 710 1705 773 1737; x_wconf 92' lang='lat' dir='ltr'>sed</span> <span class='ocrx_word' id='word_1_226' title='bbox 791 1705 843 1736; x_wconf 87' lang='lat' dir='ltr'>ira</span> <span class='ocrx_word' id='word_1_227' title='bbox 861 1704 927 1736; x_wconf 89' lang='lat' dir='ltr'>Dei</span> <span class='ocrx_word' id='word_1_228' title='bbox 945 1709 1067 1736; x_wconf 87' lang='lat' dir='ltr'>manet</span> <span class='ocrx_word' id='word_1_229' title='bbox 1083 1713 1191 1745; x_wconf 90' lang='lat' dir='ltr'>super</span> <span class='ocrx_word' id='word_1_230' title='bbox 1206 1703 1337 1735; x_wconf 88' lang='lat' dir='ltr'>illum”</span> <span class='ocrx_word' id='word_1_231' title='bbox 1350 1703 1410 1744; x_wconf 90' lang='lat' dir='ltr'>(iii.</span> <span class='ocrx_word' id='word_1_232' title='bbox 1428 1711 1480 1742; x_wconf 82' lang='lat'>35,</span> <span class='ocrx_word' id='word_1_233' title='bbox 1499 1703 1572 1743; x_wconf 86' lang='lat'><strong>36):</strong></span> 
     </span>
    </p>
   </div>
   <div class='ocr_carea' id='block_1_11' title="bbox 244 1787 1745 1905">
    <p class='ocr_par' dir='ltr' id='par_1_11' title="bbox 244 1787 1745 1905">
     <span class='ocr_line' id='line_1_24' title="bbox 244 1787 602 1846; baseline -0.006 -16"><span class='ocrx_word' id='word_1_234' title='bbox 244 1787 366 1846; x_wconf 89' lang='lat' dir='ltr'>apud</span> <span class='ocrx_word' id='word_1_235' title='bbox 391 1787 602 1836; x_wconf 89' lang='lat' dir='ltr'>eundem,</span> 
     </span>
     <span class='ocr_line' id='line_1_25' title="bbox 312 1850 1745 1905; baseline -0.001 -9"><span class='ocrx_word' id='word_1_236' title='bbox 312 1864 331 1878; x_wconf 79' lang='lat'>‘¹</span> <span class='ocrx_word' id='word_1_237' title='bbox 341 1862 419 1897; x_wconf 86' lang='lat' dir='ltr'>Nisi</span> <span class='ocrx_word' id='word_1_238' title='bbox 431 1850 652 1896; x_wconf 85' lang='lat' dir='ltr'>credideritis</span> <span class='ocrx_word' id='word_1_239' title='bbox 666 1863 761 1905; x_wconf 88' lang='lat' dir='ltr'>quod</span> <span class='ocrx_word' id='word_1_240' title='bbox 779 1862 856 1904; x_wconf 87' lang='lat' dir='ltr'>Ego</span> <span class='ocrx_word' id='word_1_241' title='bbox 871 1863 951 1902; x_wconf 88' lang='lat' dir='ltr'>sim,</span> <span class='ocrx_word' id='word_1_242' title='bbox 965 1862 1169 1895; x_wconf 87' lang='lat' dir='ltr'>moriemini</span> <span class='ocrx_word' id='word_1_243' title='bbox 1183 1862 1219 1894; x_wconf 92' lang='lat' dir='ltr'>in</span> <span class='ocrx_word' id='word_1_244' title='bbox 1233 1862 1388 1904; x_wconf 88' lang='lat' dir='ltr'>peccatis</span> <span class='ocrx_word' id='word_1_245' title='bbox 1401 1862 1530 1894; x_wconf 90' lang='lat' dir='ltr'>vestris</span> <span class='ocrx_word' id='word_1_246' title='bbox 1541 1861 1560 1874; x_wconf 91' lang='lat'>’&#39;</span> <span class='ocrx_word' id='word_1_247' title='bbox 1571 1861 1656 1903; x_wconf 89' lang='lat' dir='ltr'>(viii.</span> <span class='ocrx_word' id='word_1_248' title='bbox 1671 1861 1745 1902; x_wconf 88' lang='lat'><strong>24):</strong></span> 
     </span>
    </p>
   </div>
   <div class='ocr_carea' id='block_1_12' title="bbox 136 1939 602 2002">
    <p class='ocr_par' dir='ltr' id='par_1_12' title="bbox 136 1939 602 2002">
     <span class='ocr_line' id='line_1_26' title="bbox 136 1939 602 2002; baseline 0 -14"><span class='ocrx_word' id='word_1_249' title='bbox 136 1943 147 1963; x_wconf 71' lang='lat'>‘¹</span> <span class='ocrx_word' id='word_1_250' title='bbox 176 1939 178 1942; x_wconf 43' lang='lat'>¹</span> <span class='ocrx_word' id='word_1_251' title='bbox 238 1946 367 2002; x_wconf 80' lang='lat' dir='ltr'>apud</span> <span class='ocrx_word' id='word_1_252' title='bbox 392 1946 602 1996; x_wconf 88' lang='lat' dir='ltr'>eundem,</span> 
     </span>
    </p>
   </div>
   <div class='ocr_carea' id='block_1_13' title="bbox 0 0 224 3458">
    <p class='ocr_par' dir='ltr' id='par_1_13' title="bbox 0 0 224 3458">
     <span class='ocr_line' id='line_1_27' title="bbox 0 0 224 3458; baseline 0 0"><span class='ocrx_word' id='word_1_253' title='bbox 0 0 224 3458; x_wconf 95' lang='lat' dir='ltr'> </span> 
     </span>
    </p>
   </div>
   <div class='ocr_carea' id='block_1_14' title="bbox 312 2020 1748 2414">
    <p class='ocr_par' dir='ltr' id='par_1_14' title="bbox 312 2020 1748 2414">
     <span class='ocr_line' id='line_1_28' title="bbox 312 2020 1747 2065; baseline -0.002 -9"><span class='ocrx_word' id='word_1_254' title='bbox 312 2023 534 2056; x_wconf 80' lang='lat' dir='ltr'>¹·Dixerunt.</span> <span class='ocrx_word' id='word_1_255' title='bbox 549 2022 638 2055; x_wconf 85' lang='lat' dir='ltr'>.ad’&#39;</span> <span class='ocrx_word' id='word_1_256' title='bbox 654 2022 788 2065; x_wconf 86' lang='lat' dir='ltr'>Jesum,</span> <span class='ocrx_word' id='word_1_257' title='bbox 810 2023 934 2065; x_wconf 78' lang='lat' dir='ltr'>“Quid</span> <span class='ocrx_word' id='word_1_258' title='bbox 953 2022 1125 2054; x_wconf 82' lang='lat' dir='ltr'>faciemus</span> <span class='ocrx_word' id='word_1_259' title='bbox 1144 2027 1184 2054; x_wconf 92' lang='lat' dir='ltr'>ut</span> <span class='ocrx_word' id='word_1_260' title='bbox 1202 2031 1394 2063; x_wconf 91' lang='lat' dir='ltr'>operemur</span> <span class='ocrx_word' id='word_1_261' title='bbox 1410 2031 1521 2062; x_wconf 86' lang='lat' dir='ltr'>opera</span> <span class='ocrx_word' id='word_1_262' title='bbox 1541 2021 1632 2054; x_wconf 85' lang='lat' dir='ltr'>Dei?</span> <span class='ocrx_word' id='word_1_263' title='bbox 1677 2020 1747 2053; x_wconf 91' lang='lat' dir='ltr'>Re-</span> 
     </span>
     <span class='ocr_line' id='line_1_29' title="bbox 420 2064 1744 2109; baseline -0.002 -10"><span class='ocrx_word' id='word_1_264' title='bbox 420 2067 604 2109; x_wconf 87' lang='lat' dir='ltr'>spondens</span> <span class='ocrx_word' id='word_1_265' title='bbox 631 2066 737 2109; x_wconf 85' lang='lat' dir='ltr'>Jesus</span> <span class='ocrx_word' id='word_1_266' title='bbox 764 2067 863 2106; x_wconf 88' lang='lat' dir='ltr'>dixit,</span> <span class='ocrx_word' id='word_1_267' title='bbox 894 2066 975 2098; x_wconf 88' lang='lat' dir='ltr'>Hoc</span> <span class='ocrx_word' id='word_1_268' title='bbox 1001 2073 1057 2098; x_wconf 89' lang='lat' dir='ltr'>est</span> <span class='ocrx_word' id='word_1_269' title='bbox 1084 2076 1174 2107; x_wconf 90' lang='lat' dir='ltr'>opus</span> <span class='ocrx_word' id='word_1_270' title='bbox 1204 2066 1280 2104; x_wconf 91' lang='lat' dir='ltr'>Dei,</span> <span class='ocrx_word' id='word_1_271' title='bbox 1309 2072 1348 2098; x_wconf 91' lang='lat' dir='ltr'>ut</span> <span class='ocrx_word' id='word_1_272' title='bbox 1375 2066 1526 2097; x_wconf 91' lang='lat' dir='ltr'>credatis</span> <span class='ocrx_word' id='word_1_273' title='bbox 1555 2065 1591 2096; x_wconf 91' lang='lat' dir='ltr'>in</span> <span class='ocrx_word' id='word_1_274' title='bbox 1621 2064 1744 2106; x_wconf 89' lang='lat' dir='ltr'>Ipsum</span> 
     </span>
     <span class='ocr_line' id='line_1_30' title="bbox 421 2108 1745 2153; baseline -0.002 -10"><span class='ocrx_word' id='word_1_275' title='bbox 421 2120 527 2153; x_wconf 86' lang='lat' dir='ltr'>quem</span> <span class='ocrx_word' id='word_1_276' title='bbox 544 2111 642 2143; x_wconf 86' lang='lat' dir='ltr'>misit</span> <span class='ocrx_word' id='word_1_277' title='bbox 652 2109 670 2123; x_wconf 81' lang='lat'>&#39;¹</span> <span class='ocrx_word' id='word_1_278' title='bbox 690 2110 804 2143; x_wconf 88' lang='lat' dir='ltr'>Pater.</span> <span class='ocrx_word' id='word_1_279' title='bbox 843 2136 850 2143; x_wconf 96' lang='lat'>.</span> <span class='ocrx_word' id='word_1_280' title='bbox 865 2136 873 2143; x_wconf 91' lang='lat'>.</span> <span class='ocrx_word' id='word_1_281' title='bbox 886 2135 894 2143; x_wconf 92' lang='lat'><strong>.</strong></span> <span class='ocrx_word' id='word_1_282' title='bbox 909 2111 944 2143; x_wconf 89' lang='lat'>.“</span> <span class='ocrx_word' id='word_1_283' title='bbox 957 2109 1034 2151; x_wconf 88' lang='lat' dir='ltr'>Ego</span> <span class='ocrx_word' id='word_1_284' title='bbox 1050 2119 1130 2142; x_wconf 87' lang='lat' dir='ltr'>sum</span> <span class='ocrx_word' id='word_1_285' title='bbox 1149 2110 1253 2151; x_wconf 90' lang='lat' dir='ltr'>panis</span> <span class='ocrx_word' id='word_1_286' title='bbox 1269 2110 1364 2141; x_wconf 85' lang='lat' dir='ltr'>vitae</span> <span class='ocrx_word' id='word_1_287' title='bbox 1381 2119 1388 2148; x_wconf 93' lang='lat'>;</span> <span class='ocrx_word' id='word_1_288' title='bbox 1413 2109 1473 2151; x_wconf 92' lang='lat' dir='ltr'>qui</span> <span class='ocrx_word' id='word_1_289' title='bbox 1490 2109 1590 2141; x_wconf 89' lang='lat' dir='ltr'>venit</span> <span class='ocrx_word' id='word_1_290' title='bbox 1606 2110 1652 2141; x_wconf 90' lang='lat' dir='ltr'>ad</span> <span class='ocrx_word' id='word_1_291' title='bbox 1673 2108 1745 2148; x_wconf 86' lang='lat' dir='ltr'>Me,</span> 
     </span>
     <span class='ocr_line' id='line_1_31' title="bbox 421 2153 1741 2196; baseline -0.002 -10"><span class='ocrx_word' id='word_1_292' title='bbox 421 2165 496 2187; x_wconf 86' lang='lat' dir='ltr'>non</span> <span class='ocrx_word' id='word_1_293' title='bbox 520 2154 664 2193; x_wconf 86' lang='lat' dir='ltr'>esuriet,</span> <span class='ocrx_word' id='word_1_294' title='bbox 682 2160 717 2186; x_wconf 92' lang='lat' dir='ltr'>et</span> <span class='ocrx_word' id='word_1_295' title='bbox 737 2155 796 2196; x_wconf 90' lang='lat' dir='ltr'>qui</span> <span class='ocrx_word' id='word_1_296' title='bbox 815 2155 927 2186; x_wconf 87' lang='lat' dir='ltr'>credit</span> <span class='ocrx_word' id='word_1_297' title='bbox 946 2153 982 2186; x_wconf 90' lang='lat' dir='ltr'>in</span> <span class='ocrx_word' id='word_1_298' title='bbox 1005 2153 1076 2193; x_wconf 88' lang='lat' dir='ltr'>Me,</span> <span class='ocrx_word' id='word_1_299' title='bbox 1095 2163 1169 2186; x_wconf 86' lang='lat' dir='ltr'>non</span> <span class='ocrx_word' id='word_1_300' title='bbox 1194 2154 1290 2186; x_wconf 90' lang='lat' dir='ltr'>sitiet</span> <span class='ocrx_word' id='word_1_301' title='bbox 1309 2163 1477 2194; x_wconf 88' lang='lat' dir='ltr'>unquam.</span> <span class='ocrx_word' id='word_1_302' title='bbox 1518 2177 1526 2185; x_wconf 90' lang='lat'><strong>.</strong></span> <span class='ocrx_word' id='word_1_303' title='bbox 1540 2178 1548 2185; x_wconf 91' lang='lat'><em>.</em></span> <span class='ocrx_word' id='word_1_304' title='bbox 1562 2177 1570 2184; x_wconf 97' lang='lat'>.</span> <span class='ocrx_word' id='word_1_305' title='bbox 1585 2153 1718 2185; x_wconf 89' lang='lat' dir='ltr'>.Haec.</span> <span class='ocrx_word' id='word_1_306' title='bbox 1733 2178 1741 2185; x_wconf 93' lang='lat'><em>.</em></span> 
     </span>
     <span class='ocr_line' id='line_1_32' title="bbox 420 2196 1748 2240; baseline -0.002 -9"><span class='ocrx_word' id='word_1_307' title='bbox 420 2204 477 2231; x_wconf 90' lang='lat' dir='ltr'>est</span> <span class='ocrx_word' id='word_1_308' title='bbox 499 2198 667 2231; x_wconf 86' lang='lat' dir='ltr'>voluntas</span> <span class='ocrx_word' id='word_1_309' title='bbox 693 2198 811 2239; x_wconf 89' lang='lat' dir='ltr'>Ipsius</span> <span class='ocrx_word' id='word_1_310' title='bbox 835 2198 895 2240; x_wconf 91' lang='lat' dir='ltr'>qui</span> <span class='ocrx_word' id='word_1_311' title='bbox 919 2198 1016 2230; x_wconf 89' lang='lat' dir='ltr'>misit</span> <span class='ocrx_word' id='word_1_312' title='bbox 1041 2197 1112 2236; x_wconf 92' lang='lat' dir='ltr'>Me,</span> <span class='ocrx_word' id='word_1_313' title='bbox 1136 2204 1175 2229; x_wconf 91' lang='lat' dir='ltr'>ut</span> <span class='ocrx_word' id='word_1_314' title='bbox 1198 2198 1318 2230; x_wconf 88' lang='lat' dir='ltr'>omnis</span> <span class='ocrx_word' id='word_1_315' title='bbox 1342 2197 1401 2238; x_wconf 91' lang='lat' dir='ltr'>qui</span> <span class='ocrx_word' id='word_1_316' title='bbox 1426 2197 1522 2229; x_wconf 91' lang='lat' dir='ltr'>videt</span> <span class='ocrx_word' id='word_1_317' title='bbox 1547 2196 1687 2235; x_wconf 85' lang='lat' dir='ltr'>Filium,</span> <span class='ocrx_word' id='word_1_318' title='bbox 1712 2203 1748 2228; x_wconf 90' lang='lat' dir='ltr'>et</span> 
     </span>
     <span class='ocr_line' id='line_1_33' title="bbox 422 2241 1746 2283; baseline -0.002 -8"><span class='ocrx_word' id='word_1_319' title='bbox 422 2243 536 2275; x_wconf 87' lang='lat' dir='ltr'>eredit</span> <span class='ocrx_word' id='word_1_320' title='bbox 558 2243 596 2274; x_wconf 89' lang='lat' dir='ltr'>in</span> <span class='ocrx_word' id='word_1_321' title='bbox 623 2242 756 2283; x_wconf 86' lang='lat' dir='ltr'>Ipsum,</span> <span class='ocrx_word' id='word_1_322' title='bbox 780 2243 911 2274; x_wconf 89' lang='lat' dir='ltr'>habeat</span> <span class='ocrx_word' id='word_1_323' title='bbox 935 2242 1045 2274; x_wconf 88' lang='lat' dir='ltr'>vitam</span> <span class='ocrx_word' id='word_1_324' title='bbox 1070 2247 1266 2280; x_wconf 82' lang='lat' dir='ltr'>aeternam,</span> <span class='ocrx_word' id='word_1_325' title='bbox 1290 2247 1327 2273; x_wconf 90' lang='lat' dir='ltr'>et</span> <span class='ocrx_word' id='word_1_326' title='bbox 1349 2242 1558 2273; x_wconf 88' lang='lat' dir='ltr'>resuscitem</span> <span class='ocrx_word' id='word_1_327' title='bbox 1585 2241 1684 2273; x_wconf 91' lang='lat' dir='ltr'>illum</span> <span class='ocrx_word' id='word_1_328' title='bbox 1709 2241 1746 2271; x_wconf 88' lang='lat' dir='ltr'>in</span> 
     </span>
     <span class='ocr_line' id='line_1_34' title="bbox 422 2281 1747 2327; baseline -0.002 -9"><span class='ocrx_word' id='word_1_329' title='bbox 422 2292 585 2318; x_wconf 84' lang='lat' dir='ltr'>extremo</span> <span class='ocrx_word' id='word_1_330' title='bbox 597 2286 667 2318; x_wconf 89' lang='lat' dir='ltr'>die.</span> <span class='ocrx_word' id='word_1_331' title='bbox 701 2311 708 2318; x_wconf 96' lang='lat'>.</span> <span class='ocrx_word' id='word_1_332' title='bbox 723 2311 731 2318; x_wconf 91' lang='lat'><strong><em>.</em></strong></span> <span class='ocrx_word' id='word_1_333' title='bbox 745 2311 752 2318; x_wconf 94' lang='lat'>.</span> <span class='ocrx_word' id='word_1_334' title='bbox 768 2285 867 2318; x_wconf 91' lang='lat' dir='ltr'>.Non</span> <span class='ocrx_word' id='word_1_335' title='bbox 883 2286 1025 2318; x_wconf 89' lang='lat' dir='ltr'>Patrem</span> <span class='ocrx_word' id='word_1_336' title='bbox 1039 2285 1129 2317; x_wconf 89' lang='lat' dir='ltr'>vidit</span> <span class='ocrx_word' id='word_1_337' title='bbox 1141 2285 1230 2327; x_wconf 85' lang='lat' dir='ltr'>quis,</span> <span class='ocrx_word' id='word_1_338' title='bbox 1245 2285 1314 2317; x_wconf 89' lang='lat' dir='ltr'>nisi</span> <span class='ocrx_word' id='word_1_339' title='bbox 1328 2284 1388 2326; x_wconf 87' lang='lat' dir='ltr'>qui</span> <span class='ocrx_word' id='word_1_340' title='bbox 1404 2291 1459 2317; x_wconf 90' lang='lat' dir='ltr'>est</span> <span class='ocrx_word' id='word_1_341' title='bbox 1472 2285 1567 2326; x_wconf 89' lang='lat' dir='ltr'>apud</span> <span class='ocrx_word' id='word_1_342' title='bbox 1581 2281 1747 2322; x_wconf 84' lang='lat' dir='ltr'>[¹1Deum,</span> 
     </span>
     <span class='ocr_line' id='line_1_35' title="bbox 426 2328 1748 2370; baseline -0.002 -8"><span class='ocrx_word' id='word_1_343' title='bbox 426 2329 497 2363; x_wconf 91' lang='lat' dir='ltr'>Hic</span> <span class='ocrx_word' id='word_1_344' title='bbox 524 2330 614 2362; x_wconf 80' lang='lat' dir='ltr'>vidit</span> <span class='ocrx_word' id='word_1_345' title='bbox 647 2330 810 2362; x_wconf 87' lang='lat' dir='ltr'>Patrem:</span> <span class='ocrx_word' id='word_1_346' title='bbox 845 2330 1076 2362; x_wconf 80' lang='lat' dir='ltr'>amen..dico</span> <span class='ocrx_word' id='word_1_347' title='bbox 1105 2329 1296 2370; x_wconf 84' lang='lat' dir='ltr'>vobis,qui</span> <span class='ocrx_word' id='word_1_348' title='bbox 1324 2329 1437 2360; x_wconf 89' lang='lat' dir='ltr'>credit</span> <span class='ocrx_word' id='word_1_349' title='bbox 1464 2329 1501 2360; x_wconf 92' lang='lat' dir='ltr'>in</span> <span class='ocrx_word' id='word_1_350' title='bbox 1535 2328 1606 2366; x_wconf 87' lang='lat' dir='ltr'>Me,</span> <span class='ocrx_word' id='word_1_351' title='bbox 1638 2329 1748 2360; x_wconf 87' lang='lat' dir='ltr'>habet</span> 
     </span>
     <span class='ocr_line' id='line_1_36' title="bbox 421 2370 1747 2414; baseline -0.002 -7"><span class='ocrx_word' id='word_1_352' title='bbox 421 2374 531 2407; x_wconf 81' lang='lat' dir='ltr'>vitam</span> <span class='ocrx_word' id='word_1_353' title='bbox 549 2381 732 2406; x_wconf 84' lang='lat' dir='ltr'>aeternam</span> <span class='ocrx_word' id='word_1_354' title='bbox 747 2385 753 2406; x_wconf 94' lang='lat'>:</span> <span class='ocrx_word' id='word_1_355' title='bbox 781 2373 858 2414; x_wconf 84' lang='lat' dir='ltr'>Ego</span> <span class='ocrx_word' id='word_1_356' title='bbox 875 2383 955 2406; x_wconf 90' lang='lat' dir='ltr'>sum</span> <span class='ocrx_word' id='word_1_357' title='bbox 972 2374 1076 2414; x_wconf 88' lang='lat' dir='ltr'>panis</span> <span class='ocrx_word' id='word_1_358' title='bbox 1089 2373 1212 2406; x_wconf 87' lang='lat' dir='ltr'>vitae¹&#39;</span> <span class='ocrx_word' id='word_1_359' title='bbox 1229 2373 1287 2414; x_wconf 85' lang='lat' dir='ltr'>(vi.</span> <span class='ocrx_word' id='word_1_360' title='bbox 1302 2370 1389 2412; x_wconf 77' lang='lat'>[²128,</span> <span class='ocrx_word' id='word_1_361' title='bbox 1404 2381 1456 2414; x_wconf 86' lang='lat'>29,</span> <span class='ocrx_word' id='word_1_362' title='bbox 1471 2381 1524 2412; x_wconf 84' lang='lat'>35,</span> <span class='ocrx_word' id='word_1_363' title='bbox 1536 2381 1590 2412; x_wconf 90' lang='lat'>40,</span> <span class='ocrx_word' id='word_1_364' title='bbox 1603 2372 1747 2412; x_wconf 86' lang='lat'><strong>46—48):</strong></span> 
     </span>
    </p>
   </div>
   <div class='ocr_carea' id='block_1_15' title="bbox 249 2454 606 2511">
    <p class='ocr_par' dir='ltr' id='par_1_15' title="bbox 249 2454 606 2511">
     <span class='ocr_line' id='line_1_37' title="bbox 249 2454 606 2511; baseline -0.006 -13"><span class='ocrx_word' id='word_1_365' title='bbox 249 2454 371 2511; x_wconf 84' lang='lat' dir='ltr'>apud</span> <span class='ocrx_word' id='word_1_366' title='bbox 393 2454 606 2505; x_wconf 89' lang='lat' dir='ltr'>eundem,</span> 
     </span>
    </p>
   </div>
   <div class='ocr_carea' id='block_1_16' title="bbox 314 2528 1750 2791">
    <p class='ocr_par' dir='ltr' id='par_1_16' title="bbox 314 2528 1750 2791">
     <span class='ocr_line' id='line_1_38' title="bbox 314 2528 1750 2574; baseline -0.001 -11"><span class='ocrx_word' id='word_1_367' title='bbox 314 2529 421 2574; x_wconf 75' lang='lat' dir='ltr'>Jesus</span> <span class='ocrx_word' id='word_1_368' title='bbox 437 2530 537 2569; x_wconf 84' lang='lat' dir='ltr'>dixit,</span> <span class='ocrx_word' id='word_1_369' title='bbox 555 2531 574 2545; x_wconf 94' lang='lat'><strong>“</strong></span> <span class='ocrx_word' id='word_1_370' title='bbox 587 2530 655 2572; x_wconf 73' lang='lat' dir='ltr'>Qui</span> <span class='ocrx_word' id='word_1_371' title='bbox 668 2531 818 2563; x_wconf 80' lang='lat' dir='ltr'>verbum</span> <span class='ocrx_word' id='word_1_372' title='bbox 835 2540 954 2562; x_wconf 90' lang='lat' dir='ltr'>meum</span> <span class='ocrx_word' id='word_1_373' title='bbox 971 2530 1081 2569; x_wconf 84' lang='lat' dir='ltr'>audit,</span> <span class='ocrx_word' id='word_1_374' title='bbox 1095 2535 1131 2562; x_wconf 89' lang='lat' dir='ltr'>et</span> <span class='ocrx_word' id='word_1_375' title='bbox 1143 2529 1255 2562; x_wconf 87' lang='lat' dir='ltr'>credit</span> <span class='ocrx_word' id='word_1_376' title='bbox 1273 2529 1347 2570; x_wconf 90' lang='lat' dir='ltr'>Ipsi</span> <span class='ocrx_word' id='word_1_377' title='bbox 1364 2529 1422 2572; x_wconf 87' lang='lat' dir='ltr'>qui</span> <span class='ocrx_word' id='word_1_378' title='bbox 1440 2529 1538 2561; x_wconf 90' lang='lat' dir='ltr'>misit</span> <span class='ocrx_word' id='word_1_379' title='bbox 1556 2528 1627 2568; x_wconf 89' lang='lat' dir='ltr'>Me,</span> <span class='ocrx_word' id='word_1_380' title='bbox 1641 2529 1750 2561; x_wconf 86' lang='lat' dir='ltr'>habet</span> 
     </span>
     <span class='ocr_line' id='line_1_39' title="bbox 423 2573 1749 2615; baseline -0.002 -9"><span class='ocrx_word' id='word_1_381' title='bbox 423 2575 534 2607; x_wconf 82' lang='lat' dir='ltr'>vitam</span> <span class='ocrx_word' id='word_1_382' title='bbox 563 2581 758 2613; x_wconf 86' lang='lat' dir='ltr'>aeternam,</span> <span class='ocrx_word' id='word_1_383' title='bbox 785 2580 821 2606; x_wconf 90' lang='lat' dir='ltr'>et</span> <span class='ocrx_word' id='word_1_384' title='bbox 851 2574 888 2605; x_wconf 89' lang='lat' dir='ltr'>in</span> <span class='ocrx_word' id='word_1_385' title='bbox 919 2574 1090 2615; x_wconf 86' lang='lat' dir='ltr'>judicium</span> <span class='ocrx_word' id='word_1_386' title='bbox 1118 2584 1192 2606; x_wconf 90' lang='lat' dir='ltr'>non</span> <span class='ocrx_word' id='word_1_387' title='bbox 1221 2574 1351 2612; x_wconf 87' lang='lat' dir='ltr'>veniet,</span> <span class='ocrx_word' id='word_1_388' title='bbox 1380 2574 1443 2605; x_wconf 90' lang='lat' dir='ltr'>sed</span> <span class='ocrx_word' id='word_1_389' title='bbox 1471 2573 1702 2605; x_wconf 87' lang='lat' dir='ltr'>transcendet</span> <span class='ocrx_word' id='word_1_390' title='bbox 1729 2583 1749 2605; x_wconf 96' lang='lat' dir='ltr'>e</span> 
     </span>
     <span class='ocr_line' id='line_1_40' title="bbox 423 2617 1750 2659; baseline -0.002 -9"><span class='ocrx_word' id='word_1_391' title='bbox 423 2621 540 2650; x_wconf 76' lang='lat' dir='ltr'>morte</span> <span class='ocrx_word' id='word_1_392' title='bbox 563 2618 600 2650; x_wconf 89' lang='lat' dir='ltr'>in</span> <span class='ocrx_word' id='word_1_393' title='bbox 625 2618 756 2650; x_wconf 86' lang='lat' dir='ltr'>vitam:</span> <span class='ocrx_word' id='word_1_394' title='bbox 786 2628 908 2650; x_wconf 90' lang='lat' dir='ltr'>amen.</span> <span class='ocrx_word' id='word_1_395' title='bbox 923 2618 1018 2650; x_wconf 81' lang='lat' dir='ltr'>‚dico</span> <span class='ocrx_word' id='word_1_396' title='bbox 1042 2618 1157 2656; x_wconf 91' lang='lat' dir='ltr'>vobis,</span> <span class='ocrx_word' id='word_1_397' title='bbox 1174 2618 1270 2659; x_wconf 88' lang='lat' dir='ltr'>quod</span> <span class='ocrx_word' id='word_1_398' title='bbox 1294 2617 1415 2649; x_wconf 88' lang='lat' dir='ltr'>veniet</span> <span class='ocrx_word' id='word_1_399' title='bbox 1438 2617 1553 2656; x_wconf 70' lang='lat' dir='ltr'>hora„</span> <span class='ocrx_word' id='word_1_400' title='bbox 1568 2642 1576 2649; x_wconf 89' lang='lat'><strong>.</strong></span> <span class='ocrx_word' id='word_1_401' title='bbox 1590 2617 1750 2658; x_wconf 89' lang='lat' dir='ltr'>.quando</span> 
     </span>
     <span class='ocr_line' id='line_1_41' title="bbox 423 2660 1750 2703; baseline -0.002 -9"><span class='ocrx_word' id='word_1_402' title='bbox 423 2662 554 2694; x_wconf 86' lang='lat' dir='ltr'>mortui</span> <span class='ocrx_word' id='word_1_403' title='bbox 571 2662 718 2694; x_wconf 88' lang='lat' dir='ltr'>audient</span> <span class='ocrx_word' id='word_1_404' title='bbox 730 2671 856 2694; x_wconf 87' lang='lat' dir='ltr'>vocem</span> <span class='ocrx_word' id='word_1_405' title='bbox 875 2661 954 2693; x_wconf 86' lang='lat' dir='ltr'>Filii</span> <span class='ocrx_word' id='word_1_406' title='bbox 973 2661 1050 2700; x_wconf 88' lang='lat' dir='ltr'>Dei,</span> <span class='ocrx_word' id='word_1_407' title='bbox 1064 2667 1100 2693; x_wconf 91' lang='lat' dir='ltr'>et</span> <span class='ocrx_word' id='word_1_408' title='bbox 1113 2661 1172 2703; x_wconf 92' lang='lat' dir='ltr'>qui</span> <span class='ocrx_word' id='word_1_409' title='bbox 1185 2661 1340 2700; x_wconf 83' lang='lat' dir='ltr'>audient,</span> <span class='ocrx_word' id='word_1_410' title='bbox 1355 2661 1497 2693; x_wconf 87' lang='lat' dir='ltr'>vivent:</span> <span class='ocrx_word' id='word_1_411' title='bbox 1520 2660 1750 2702; x_wconf 88' lang='lat' dir='ltr'>quemadmo-</span> 
     </span>
     <span class='ocr_line' id='line_1_42' title="bbox 424 2704 1750 2746; baseline -0.002 -9"><span class='ocrx_word' id='word_1_412' title='bbox 424 2706 526 2738; x_wconf 91' lang='lat' dir='ltr'>dum.</span> <span class='ocrx_word' id='word_1_413' title='bbox 540 2705 664 2738; x_wconf 88' lang='lat' dir='ltr'>.Pater</span> <span class='ocrx_word' id='word_1_414' title='bbox 682 2705 792 2738; x_wconf 89' lang='lat' dir='ltr'>vitam</span> <span class='ocrx_word' id='word_1_415' title='bbox 811 2706 920 2738; x_wconf 90' lang='lat' dir='ltr'>habet</span> <span class='ocrx_word' id='word_1_416' title='bbox 939 2705 976 2737; x_wconf 90' lang='lat' dir='ltr'>in</span> <span class='ocrx_word' id='word_1_417' title='bbox 996 2705 1042 2738; x_wconf 90' lang='lat' dir='ltr'>Se</span> <span class='ocrx_word' id='word_1_418' title='bbox 1063 2705 1158 2746; x_wconf 85' lang='lat' dir='ltr'>Ipso,</span> <span class='ocrx_word' id='word_1_419' title='bbox 1177 2705 1226 2737; x_wconf 84' lang='lat' dir='ltr'>ita</span> <span class='ocrx_word' id='word_1_420' title='bbox 1245 2705 1344 2738; x_wconf 90' lang='lat' dir='ltr'>dedit</span> <span class='ocrx_word' id='word_1_421' title='bbox 1369 2704 1460 2736; x_wconf 87' lang='lat' dir='ltr'>Filio</span> <span class='ocrx_word' id='word_1_422' title='bbox 1479 2705 1591 2736; x_wconf 87' lang='lat' dir='ltr'>vitam</span> <span class='ocrx_word' id='word_1_423' title='bbox 1615 2704 1750 2736; x_wconf 86' lang='lat' dir='ltr'>habere</span> 
     </span>
     <span class='ocr_line' id='line_1_43' title="bbox 425 2748 879 2791; baseline 0 -10"><span class='ocrx_word' id='word_1_424' title='bbox 425 2749 462 2781; x_wconf 88' lang='lat' dir='ltr'>in</span> <span class='ocrx_word' id='word_1_425' title='bbox 480 2748 525 2782; x_wconf 92' lang='lat' dir='ltr'>Se</span> <span class='ocrx_word' id='word_1_426' title='bbox 543 2748 628 2790; x_wconf 88' lang='lat' dir='ltr'>Ipso</span> <span class='ocrx_word' id='word_1_427' title='bbox 639 2749 658 2762; x_wconf 87' lang='lat'><strong>”</strong></span> <span class='ocrx_word' id='word_1_428' title='bbox 675 2749 720 2791; x_wconf 90' lang='lat' dir='ltr'>(v.</span> <span class='ocrx_word' id='word_1_429' title='bbox 739 2750 879 2790; x_wconf 85' lang='lat'><strong>24-26):</strong></span> 
     </span>
    </p>
   </div>
   <div class='ocr_carea' id='block_1_17' title="bbox 248 2814 610 2890">
    <p class='ocr_par' dir='ltr' id='par_1_17' title="bbox 248 2814 610 2890">
     <span class='ocr_line' id='line_1_44' title="bbox 248 2814 610 2890; baseline -0.006 -14"><span class='ocrx_word' id='word_1_430' title='bbox 248 2814 372 2890; x_wconf 77' lang='lat' dir='ltr'>apu&#39;d</span> <span class='ocrx_word' id='word_1_431' title='bbox 398 2833 610 2883; x_wconf 88' lang='lat' dir='ltr'>eundem,</span> 
     </span>
    </p>
   </div>
   <div class='ocr_carea' id='block_1_18' title="bbox 250 2907 1752 3082">
    <p class='ocr_par' dir='ltr' id='par_1_18' title="bbox 250 2907 1752 3082">
     <span class='ocr_line' id='line_1_45' title="bbox 250 2907 1752 2954; baseline -0.002 -12"><span class='ocrx_word' id='word_1_432' title='bbox 250 2920 254 2925; x_wconf 76' lang='grc'><strong>’</strong></span> <span class='ocrx_word' id='word_1_433' title='bbox 317 2911 336 2926; x_wconf 85' lang='lat'>‘⁴</span> <span class='ocrx_word' id='word_1_434' title='bbox 344 2909 452 2954; x_wconf 86' lang='lat' dir='ltr'>Jesus</span> <span class='ocrx_word' id='word_1_435' title='bbox 480 2909 659 2948; x_wconf 81' lang='lat' dir='ltr'>clamavit,</span> <span class='ocrx_word' id='word_1_436' title='bbox 686 2909 820 2948; x_wconf 88' lang='lat' dir='ltr'>dicens,</span> <span class='ocrx_word' id='word_1_437' title='bbox 853 2909 888 2942; x_wconf 89' lang='lat' dir='ltr'>Si</span> <span class='ocrx_word' id='word_1_438' title='bbox 921 2909 1000 2951; x_wconf 84' lang='lat' dir='ltr'>quis</span> <span class='ocrx_word' id='word_1_439' title='bbox 1031 2908 1194 2947; x_wconf 72' lang='lat' dir='ltr'>sitiverit,</span> <span class='ocrx_word' id='word_1_440' title='bbox 1224 2908 1349 2940; x_wconf 86' lang='lat' dir='ltr'>venito</span> <span class='ocrx_word' id='word_1_441' title='bbox 1379 2908 1424 2940; x_wconf 88' lang='lat' dir='ltr'>ad</span> <span class='ocrx_word' id='word_1_442' title='bbox 1457 2907 1518 2940; x_wconf 89' lang='lat' dir='ltr'>Me</span> <span class='ocrx_word' id='word_1_443' title='bbox 1549 2913 1585 2939; x_wconf 93' lang='lat' dir='ltr'>et</span> <span class='ocrx_word' id='word_1_444' title='bbox 1615 2907 1728 2940; x_wconf 88' lang='lat' dir='ltr'>bibito</span> <span class='ocrx_word' id='word_1_445' title='bbox 1743 2915 1752 2947; x_wconf 87' lang='lat'><strong>;</strong></span> 
     </span>
     <span class='ocr_line' id='line_1_46' title="bbox 427 2951 1749 2995; baseline -0.002 -9"><span class='ocrx_word' id='word_1_446' title='bbox 427 2954 589 2995; x_wconf 75' lang='lat' dir='ltr'>quisquis</span> <span class='ocrx_word' id='word_1_447' title='bbox 605 2954 716 2986; x_wconf 85' lang='lat' dir='ltr'>credit</span> <span class='ocrx_word' id='word_1_448' title='bbox 735 2953 772 2986; x_wconf 87' lang='lat' dir='ltr'>in</span> <span class='ocrx_word' id='word_1_449' title='bbox 794 2953 865 2992; x_wconf 91' lang='lat' dir='ltr'>Me,</span> <span class='ocrx_word' id='word_1_450' title='bbox 883 2953 974 2985; x_wconf 89' lang='lat' dir='ltr'>sicut</span> <span class='ocrx_word' id='word_1_451' title='bbox 989 2953 1080 2985; x_wconf 89' lang='lat' dir='ltr'>dixit</span> <span class='ocrx_word' id='word_1_452' title='bbox 1098 2952 1289 2994; x_wconf 82' lang='lat' dir='ltr'>Scriptura,</span> <span class='ocrx_word' id='word_1_453' title='bbox 1306 2952 1456 2984; x_wconf 86' lang='lat' dir='ltr'>flumina</span> <span class='ocrx_word' id='word_1_454' title='bbox 1471 2961 1491 2983; x_wconf 96' lang='lat' dir='ltr'>e</span> <span class='ocrx_word' id='word_1_455' title='bbox 1507 2957 1634 2986; x_wconf 86' lang='lat' dir='ltr'>ventre</span> <span class='ocrx_word' id='word_1_456' title='bbox 1653 2951 1749 2984; x_wconf 88' lang='lat' dir='ltr'>illius</span> 
     </span>
     <span class='ocr_line' id='line_1_47' title="bbox 427 2995 1751 3038; baseline -0.002 -8"><span class='ocrx_word' id='word_1_457' title='bbox 427 2997 538 3030; x_wconf 87' lang='lat' dir='ltr'>fluent</span> <span class='ocrx_word' id='word_1_458' title='bbox 554 3007 668 3038; x_wconf 88' lang='lat' dir='ltr'>aquae</span> <span class='ocrx_word' id='word_1_459' title='bbox 678 2997 854 3030; x_wconf 87' lang='lat' dir='ltr'>viventis:</span> <span class='ocrx_word' id='word_1_460' title='bbox 879 2997 982 3029; x_wconf 89' lang='lat' dir='ltr'>haec.</span> <span class='ocrx_word' id='word_1_461' title='bbox 997 2996 1101 3029; x_wconf 85' lang='lat' dir='ltr'>.dixit</span> <span class='ocrx_word' id='word_1_462' title='bbox 1117 2996 1160 3029; x_wconf 91' lang='lat' dir='ltr'>de</span> <span class='ocrx_word' id='word_1_463' title='bbox 1174 2996 1311 3038; x_wconf 86' lang='lat' dir='ltr'>spiritu,</span> <span class='ocrx_word' id='word_1_464' title='bbox 1323 3005 1428 3038; x_wconf 90' lang='lat' dir='ltr'>quem</span> <span class='ocrx_word' id='word_1_465' title='bbox 1441 2995 1620 3037; x_wconf 87' lang='lat' dir='ltr'>accepturi</span> <span class='ocrx_word' id='word_1_466' title='bbox 1637 3001 1751 3034; x_wconf 87' lang='lat' dir='ltr'>erant,</span> 
     </span>
     <span class='ocr_line' id='line_1_48' title="bbox 424 3040 1084 3082; baseline -0.003 -8"><span class='ocrx_word' id='word_1_467' title='bbox 424 3041 610 3074; x_wconf 87' lang='lat' dir='ltr'>credentes</span> <span class='ocrx_word' id='word_1_468' title='bbox 627 3041 665 3073; x_wconf 88' lang='lat' dir='ltr'>in</span> <span class='ocrx_word' id='word_1_469' title='bbox 683 3040 806 3082; x_wconf 79' lang='lat' dir='ltr'>Ipsum</span> <span class='ocrx_word' id='word_1_470' title='bbox 819 3040 837 3054; x_wconf 88' lang='lat'>&#39;¹</span> <span class='ocrx_word' id='word_1_471' title='bbox 854 3040 926 3082; x_wconf 87' lang='lat' dir='ltr'>(vii.</span> <span class='ocrx_word' id='word_1_472' title='bbox 945 3040 1084 3082; x_wconf 83' lang='lat'>37-39&gt;:</span> 
     </span>
    </p>
   </div>
  </div>
 </body>
</html>
