2098 3476
454 356 559 408 1982
857 364 1186 399 APOCALYPSIS
1217 366 1513 400 EXPLICATA.

445 475 669 530 significat
712 476 971 518 ecclesiam:
1018 477 1281 518 instauratio
1316 477 1531 519 ecclesiae
1576 484 1622 520 et
1666 478 1921 525 reformatio

445 551 598 579 eorum
624 539 696 591 qui
722 539 778 579 ab
804 538 1006 587 ecclesia,
1034 539 1299 592 intelligitur
1324 553 1402 593 per
1429 541 1653 590 “Parturi‚
1682 541 1808 589 educ,
1831 541 1923 586 filia

446 601 596 641 Zionis
613 601 645 641 :'’
680 601 802 654 “jam
824 601 968 641 exibis
994 615 1052 641 ex
1079 602 1202 650 urbe,
1225 608 1271 643 et
1296 602 1519 643 habitabis
1543 603 1587 643 in
1613 603 1760 656 agro‚”
1782 604 1920 656 signi-

445 661 550 703 ficat
576 663 695 716 quod
724 663 935 703 recedent
962 677 987 703 a
1013 662 1216 704 doctrina
1245 664 1289 704 in
1315 678 1402 718 qua
1432 678 1522 705 non
1553 665 1742 718 amplius
1767 678 1922 707 verum

445 730 490 764 et
516 725 697 773 bonum,
722 731 766 765 et
790 725 907 778 quod
931 726 1142 766 moraturi
1168 726 1241 766 ubi
1267 726 1343 766 illa
1369 727 1412 766 in
1435 727 1562 779 copia
1583 733 1713 778 sunt;
1748 725 1920 768 “urbs'’

445 792 513 826 est
540 785 742 826 doctrina
768 801 790 826 e
817 801 903 839 qua
928 787 1155 835 recedent,
1187 787 1361 840 “ager”
1386 794 1456 829 est
1487 788 1560 828 ubi
1589 802 1694 830 vera
1723 794 1776 830 et,
1800 788 1928 832 bona.

443 848 486 888 in
528 850 655 900 copia
693 855 810 897 sunt,
853 855 898 889 et
938 850 1102 890 “exire
1117 849 1135 864 ”
1175 856 1244 890 est
1284 850 1505 898 recedere,
1549 863 1709 903 nempe
1748 850 1806 892 ab
1843 850 1927 892 ina.

445 909 662 958 doctrina,
705 917 751 951 et
794 911 855 952 sic
896 911 1070 952 liberari
1109 924 1134 951 a
1174 912 1438 965 captivitate
1478 912 1704 964 spirituali.
1782 911 1920 966 Apud

442 973 674 1022 Davidem,

514 1060 674 1102 Jehovah
696 1062 826 1101 “erigit
850 1071 868 1092 e
895 1061 1038 1101 pulvere
1063 1061 1230 1099 attritum,
1251 1071 1269 1093 e
1296 1062 1516 1102 sterquilinio
1539 1062 1670 1094 exaltat
1693 1071 1856 1102 egenum,
1875 1062 1920 1094 ad

617 1105 860 1135 collocandum
890 1114 968 1135 cum
998 1105 1223 1144 principibus,
1253 1114 1331 1135 cum
1362 1106 1578 1145 principibus
1606 1106 1726 1145 populi
1753 1106 1827 1142 sui:
1861 1105 1921 1146 qui

614 1148 772 1179 habitare
790 1148 871 1179 facit
888 1148 1043 1179 sterilem
1061 1148 1216 1185 domum,
1237 1154 1386 1179 matrem
1403 1148 1553 1179 filiorum
1570 1149 1698 1180 laetam
1709 1147 1727 1160 '¹
1744 1148 1815 1188 (Ps.
1829 1148 1920 1182 cxiii.

618 1191 713 1231 7-9)=

444 1278 562 1332 quod
588 1278 650 1318 illi
675 1279 747 1331 qui
779 1279 819 1318 in
853 1277 973 1318 falsis
1003 1292 1062 1319 ex
1095 1278 1362 1331 ignorantia,
1391 1285 1437 1319 et
1467 1278 1570 1319 inde
1601 1292 1691 1319 non
1722 1279 1765 1319 in
1790 1275 1947 1319 bonis'

444 1347 562 1389 sunt,
595 1341 841 1381 instruendi
878 1341 966 1381 sint
1002 1354 1028 1381 a
1064 1341 1259 1381 Domino
1294 1341 1337 1381 in
1370 1342 1497 1390 veris,
1531 1340 1806 1394 significatur
1839 1354 1918 1394 per

443 1403 561 1456 quod
586 1403 786 1455 Jehovah
816 1403 981 1455 “erigit
1013 1417 1036 1443 e
1068 1402 1249 1455 pulvere
1275 1403 1493 1451 attritum,
1521 1409 1567 1443 et
1593 1417 1616 1443 e
1642 1402 1919 1455 sterquilinio

443 1464 619 1505 exaltat
651 1465 892 1517 egenum;'’
933 1465 1142 1520 “attriti''
1175 1471 1220 1505 et
1254 1464 1454 1517 “egeni'’
1485 1471 1589 1505 sunt
1620 1465 1693 1518 qui
1723 1465 1766 1505 in
1798 1463 1918 1504 falsis

442 1540 500 1566 ex
523 1527 776 1578 ignorantia
799 1533 843 1567 et
866 1527 968 1567 inde
990 1540 1080 1567 non
1102 1527 1146 1567 in
1167 1526 1294 1566 bonis
1313 1541 1322 1576 ;
1355 1527 1561 1579 primaria
1577 1540 1682 1567 vera
1703 1526 1918 1568 ecclesiae

441 1588 484 1628 in
526 1589 682 1641 quibus
726 1588 971 1629 instruendi
1016 1595 1133 1636 sunt,
1174 1588 1479 1641 significantur
1523 1602 1601 1641 per
1642 1588 1917 1641 “principes,

442 1651 661 1703 principes
699 1650 887 1703 populi,’'
924 1664 1023 1691 cum
1062 1651 1219 1704 quibus
1256 1650 1530 1691 collocandi:
1574 1651 1692 1704 quod
1730 1651 1823 1691 vita
1857 1663 1918 1690 ex

443 1712 649 1765 conjugio
676 1714 766 1753 veri
798 1720 843 1754 et
875 1713 980 1754 boni
1011 1713 1155 1754 futura
1185 1713 1302 1766 apud
1329 1727 1439 1766 quos
1470 1726 1559 1754 non
1591 1714 1722 1766 prius,
1751 1711 1917 1765 signifi-

444 1781 570 1815 catur
595 1789 672 1827 per
701 1775 939 1815 “habitare
971 1775 1114 1816 facere
1139 1775 1337 1815 sterilem
1363 1776 1559 1824 domum,
1588 1781 1778 1816 matrem
1805 1774 1918 1816 filio-

441 1850 537 1877 rum
555 1836 720 1877 laetam
739 1837 771 1887 ;’'
800 1841 824 1857 ‘⁴
838 1837 1038 1877 habitare
1051 1837 1070 1852 ''
1087 1836 1307 1890 significat
1325 1838 1487 1885 vivere,
1510 1831 1710 1877 “sterilis
1727 1837 1886 1877 domus
1898 1835 1918 1852 ”

442 1899 514 1938 ubi
541 1912 629 1938 non
653 1898 906 1951 conjugium
929 1900 1019 1939 veri
1045 1905 1090 1939 et
1117 1899 1235 1947 boni,
1263 1902 1444 1939 “mater
1466 1898 1653 1939 filiorum
1675 1898 1824 1939 laeta”
1845 1905 1917 1940 est

441 1960 729 2001 ecclesia-ubi
755 1975 858 2001 vera
884 1975 942 2001 ex
970 1961 1089 2001 bono
1115 1961 1358 2001 nascentia.
1418 1960 1556 2013 Apud
1579 1960 1839 2010 Hosclzeam,

507 2049 659 2090 “Quoad
679 2049 919 2089 Ephraimum,
938 2049 1027 2080 sicut
1044 2049 1119 2080 avis
1136 2049 1292 2080 avolabit
1310 2049 1422 2089 gloria
1439 2049 1525 2090 ejus,
1543 2059 1564 2080 a
1582 2054 1683 2090 partu
1702 2054 1736 2081 et
1755 2059 1777 2080 a
1794 2055 1917 2081 ventre

612 2098 647 2123 et
663 2102 684 2123 a
699 2092 928 2132 conceptione
940 2091 957 2103 ”
975 2092 1032 2131 (ix.
1052 2092 1124 2132 11):

441 2177 559 2230 quod
586 2190 663 2229 per
684 2177 794 2217 haec
817 2176 1089 2229 significetur
1110 2177 1228 2230 quod
1255 2177 1473 2229 periturus
1495 2177 1638 2217 omnis
1659 2175 1916 2218 intelleftus

439 2237 533 2277 veri
558 2237 614 2277 ab
639 2237 808 2277 ultimis
833 2237 889 2277 ad
916 2238 1072 2290 prima,
1095 2237 1304 2277 videatur
1325 2250 1459 2290 supra
1481 2247 1526 2286 (n.
1547 2246 1715 2289 710[a]),
1737 2237 1812 2278 ubi
1835 2236 1915 2278 illa

441 2297 669 2350 explicata
694 2305 811 2338 sunt.
871 2297 1008 2350 Apud
1033 2297 1209 2347 Lucam,

505 2391 607 2424 “Vae
632 2392 667 2423 in
688 2398 811 2422 ventre
833 2392 1054 2432 gestantibus
1078 2397 1113 2423 et
1136 2390 1348 2423 latftantibus
1372 2392 1406 2422 in
1432 2392 1555 2423 diebus
1579 2391 1658 2430 illis,
1678 2391 1744 2424 erit
1762 2400 1914 2433 namque

611 2436 776 2475 angustia
793 2445 936 2475 magna.
952 2459 958 2466 .
973 2459 996 2472 .,
1014 2442 1048 2466 et
1065 2435 1116 2466 ira
1132 2435 1167 2466 in
1185 2435 1316 2475 populo
1333 2435 1399 2466 hoc
1412 2434 1429 2446 ”
1446 2435 1528 2475 (xxi.
1546 2435 1621 2475 23);

439 2516 486 2551 et
511 2510 628 2562 apud
655 2510 859 2558 eundem,

504 2587 523 2600 ‘⁸
534 2585 622 2617 Ecce
640 2585 782 2616 venient
799 2586 882 2622 dies,
898 2585 932 2616 in
950 2585 1075 2625 quibus
1092 2585 1219 2622 dicent,
1235 2584 1365 2616 Beatae
1385 2585 1533 2622 steriles,
1546 2590 1581 2617 et
1597 2589 1739 2616 ventres
1756 2584 1814 2625 qui
1837 2593 1911 2616 non

610 2635 817 2668 genuerunt,
830 2635 863 2659 et
877 2629 984 2659 ubera
997 2638 1084 2668 quae
1098 2638 1169 2659 non
1187 2626 1361 2659 lactarunt
1372 2627 1389 2639 ”
1402 2627 1510 2667 (xxiii.
1523 2635 1564 2668 29
1579 2637 1586 2659 :
1610 2627 1772 2659 similiter
1783 2627 1911 2660 Matth.

610 2672 702 2703 xxiv.
724 2680 783 2709 10;
807 2672 917 2702 stlat-c.
934 2671 1005 2702 xiii.
1025 2672 1096 2710 17):

440 2759 559 2812 quod
585 2758 693 2799 haec
721 2759 775 2798 de
802 2758 886 2798 illis
909 2759 980 2811 qui
1006 2759 1047 2798 in
1077 2757 1161 2798 fine
1187 2757 1416 2806 ecclesiae,
1444 2758 1622 2811 quando
1647 2771 1738 2798 non
1763 2757 1911 2811 aliqua

438 2821 633 2874 genuina
662 2834 767 2860 vera
797 2820 899 2872 quin
937 2819 1222 2860 falsificentur
1252 2820 1385 2872 recipi
1421 2826 1621 2876 possunt,
1655 2817 1775 2860 dicta
1803 2820 1907 2869 sint,

438 2882 645 2922 videatur
669 2882 807 2921 etiam
833 2894 967 2933 supra
993 2891 1037 2929 (n.
1053 2890 1218 2932 710[a]).
1274 2880 1414 2933 Apud
1438 2880 1703 2929 Jeremz‘am,

503 2974 522 2988 “
535 2973 661 3006 Perdix
681 2973 813 3013 colligit
832 2972 893 3004 sed
914 2982 985 3003 non
1007 2972 1106 3013 parit,
1124 2972 1257 3004 faciens
1276 2972 1416 3004 divitias
1436 2972 1498 3004 sed
1519 2982 1591 3003 non
1612 2981 1690 3003 cum
1711 2971 1853 3013 judicio,
1873 2971 1910 3004 in
