2098 3476
601 357 1352 413 CAP.X1L,VERS.3e—Nz714pfl.
1619 369 1724 414 1957

289 481 423 515 “Dabo
441 481 734 522 Hierosolymam
755 482 791 513 in
811 491 970 520 acervos,
990 481 1232 513 habitaculum
1250 481 1466 512 draconum:
1493 487 1527 512 et
1544 482 1651 512 urbes
1670 480 1728 522 Je-

397 526 513 558 hudae
531 526 688 569 redigam
708 526 743 557 in
762 526 979 565 vastitatem,
994 531 1032 557 ut
1050 535 1123 557 non
1142 526 1187 557 sit
1204 524 1413 556 habitator’'
1431 524 1490 562 (ix.
1506 522 1587 556 [¹110
1606 522 1664 566 [B
1682 525 1726 556 A.

402 567 497 612 ῙῘ]);

222 651 271 689 et
301 646 421 701 apud
448 646 660 696 eundem,

288 722 308 741 ‘¹
316 723 398 756 Vox
421 724 601 764 strepitus,
622 733 705 755 ecce
730 723 828 755 venit
853 723 1027 754 tumultus
1052 732 1205 762 magnus
1230 732 1248 753 e
1274 727 1369 754 terra
1393 720 1662 762 septentrionis,
1683 721 1728 751 ad

396 767 633 808 redigendum
647 768 754 799 urbes
774 767 960 809 Jehudae'
953 777 988 798 in
1007 767 1224 804 vastitatem,
1238 765 1481 797 habitaculum
1499 763 1727 796 draconum''

397 810 443 851 (x.
462 811 539 852 22):

219 908 304 953 'per
337 897 785 951 “Hierosolymam”
816 897 1090 951 intelligitur
1128 896 1324 938 ecclesia
1366 895 1515 950 quoad
1559 893 1726 936 doetri-

83 997 118 1019 ·‚-,.›
140 963 160 1022 f
222 974 356 1012 nam;
389 967 437 1003 et
464 975 544 1016 per
571 962 744 1002 “urbes
768 960 1006 1014 Jehudae”
1033 958 1316 1009 doctrinalia,
1345 973 1460 1013 quae
1487 965 1593 999 sunt
1620 972 1727 999 vera

77 1030 142 1084 ,ζ
181 1052 184 1053 ⁷
220 1036 283 1069 ex
309 1023 494 1077 Verb0;
531 1024 790 1066 falsificatio
817 1025 910 1065 veri
942 1031 989 1065 et
1021 1023 1300 1065 adulteratio
1327 1023 1448 1071 boni,
1481 1037 1541 1063 ex
1568 1022 1727 1075 quibus

219 1099 344 1130 mere
365 1087 478 1129 salsa
505 1094 552 1129 et
579 1087 713 1137 mala,
739 1087 1053 1141 significantur
1075 1101 1154 1141 per
1178 1087 1326 1127 “dare
1354 1085 1725 1138 Hierosolymam

218 1150 264 1192 in
305 1151 535 1201 acervos‚”
569 1165 622 1192 ac
662 1165 740 1206 per
769 1152 1013 1204 “redigere
1046 1151 1179 1191 urbes
1214 1149 1420 1203 Jehudae
1457 1150 1501 1190 in
1533 1149 1726 1189 vastita-

219 1219 330 1264 tem,
354 1214 668 1256 habitaculum
692 1215 941 1256 draconum
960 1214 992 1265 ;”
1025 1227 1132 1254 nam
1158 1213 1446 1254 falsificatum
1471 1225 1627 1253 verum
1655 1218 1725 1252 est

220 1290 344 1320 mere
384 1278 561 1327 falsum,
601 1292 653 1319 ac
697 1278 1008 1319 adulteratum
1045 1278 1216 1318 bonum
1255 1283 1326 1318 est
1369 1290 1491 1317 mere
1530 1275 1724 1316 malum:

222 1344 355 1384 “vox
381 1342 631 1397 strepitus’'
658 1349 704 1383 et
734 1342 998 1383 “tumultus
1026 1355 1220 1395 magnus
1247 1355 1271 1382 e
1299 1347 1420 1382 terra
1446 1340 1723 1393 septentrio-

219 1405 320 1448 nis”
345 1406 572 1460 significat
598 1406 710 1447 falsa
733 1406 987 1460 pugnantia
1013 1411 1175 1446 contra
1201 1419 1322 1453 vera,
1348 1410 1394 1445 et
1422 1404 1542 1444 mala
1565 1409 1726 1443 contra

217 1469 367 1519 bona;
403 1472 562 1510 “terra
594 1470 920 1523 septentrionis
933 1469 952 1484 ”
979 1475 1050 1510 est
1083 1468 1156 1509 ubi
1188 1468 1252 1508 illi
1284 1468 1357 1522 qui
1389 1469 1432 1508 in
1465 1467 1587 1508 falsis
1620 1466 1726 1507 mali

219 1538 338 1575 sunt.
401 1532 541 1587 Apud
568 1533 779 1581 eundem,

285 1630 304 1645 “
316 1629 394 1662 Fiet
405 1630 545 1662 Chazor
555 1630 591 1661 in
605 1630 847 1661 habitaculum
859 1629 1066 1667 draconum,
1079 1629 1341 1660 desolationem
1355 1638 1467 1669 usque
1482 1628 1516 1659 in
1532 1628 1725 1665 saeculum,

393 1684 467 1706 non
487 1673 663 1706 habitabit
687 1674 734 1705 ibi
759 1674 822 1711 vir,
843 1683 909 1705 nec
929 1673 1210 1704 commorabitur
1234 1673 1280 1704 ibi
1310 1673 1401 1704 filius
1422 1671 1607 1703 hominis''
1628 1672 1725 1712 (xlix.

393 1718 450 1759 33)
462 1729 469 1751 =

209 1798 299 1867 ‘per
321 1805 646 1854 “Chazorem”
669 1810 983 1865 significantur
1007 1810 1207 1851 thesauri
1232 1810 1502 1864 spirituales,
1523 1811 1596 1864 qui
1619 1817 1724 1851 sunt

217 1875 507 1929 cognitiones
530 1876 624 1916 veri
650 1881 696 1916 et
724 1875 831 1915 boni
854 1888 878 1915 e
902 1874 1057 1915 Verbo
1079 1887 1087 1924 ;
1122 1874 1383 1914 devastatio
1408 1887 1562 1914 earum
1585 1887 1725 1926 usque

217 1944 267 1981 ut
292 1951 384 1980 non
410 1938 516 1984 sint
545 1938 624 1978 sed
653 1937 757 1978 loco
784 1951 938 1978 earum
965 1937 1078 1977 falsa
1104 1943 1151 1978 et
1179 1937 1314 1985 mala,
1340 1936 1620 1990 significatur
1647 1950 1726 1990 per

216 2003 338 2076 quod
359 2006 385 2024 ‘⁴
399 2001 579 2044 Chazor
596 2003 681 2043 erit
704 2003 748 2042 in
772 2001 1085 2042 habitaculum
1104 2002 1369 2049 draconum,
1390 2001 1725 2042 desolationem

217 2067 357 2121 usque
397 2066 442 2107 in
478 2065 763 2116 saeculum;”
801 2065 922 2119 quod
961 2078 1052 2106 non
1087 2065 1270 2119 aliquod
1307 2078 1464 2105 verum
1503 2064 1725 2105 ecclesiae

216 2129 446 2172 residuum
472 2130 572 2178 erit,
596 2128 878 2182 significatur
900 2143 980 2182 per
1001 2129 1122 2182 quod
1149 2132 1280 2169 “non
1303 2128 1531 2169 habitabit
1558 2128 1617 2168 ibi
1644 2129 1722 2175 vir,

217 2205 302 2236 nec
333 2192 694 2235 commorabitur
725 2193 768 2233 in
801 2206 855 2233 ea
887 2192 1003 2233 filius
1030 2192 1226 2232 hominis
1248 2191 1282 2243 ;’'
1317 2191 1471 2232 “filius
1498 2191 1693 2232 hominis
1706 2191 1725 2205 ‘'

217 2262 290 2299 est
315 2269 471 2298 verum
498 2255 736 2298 ecclesiae.
799 2255 940 2310 Apud
971 2254 1178 2305 Esaiam,

285 2353 524 2386 “Ascendent
546 2353 681 2395 palatia
697 2353 776 2394 ejus
793 2353 918 2394 spinis,
936 2353 1094 2385 carduus·
1112 2359 1148 2385 et
1171 2353 1284 2385 sentis
1302 2353 1338 2384 in
1357 2353 1618 2384 munitionibus
1636 2352 1724 2393 ejus,

391 2405 432 2430 ut
447 2398 494 2430 sit
509 2397 750 2430 habitaculum
769 2398 976 2436 draconum,
994 2398 1124 2429 atrium
1143 2397 1283 2429 filiabus
1298 2395 1455 2429 ‚norstuae
1467 2397 1484 2409 ''
1502 2397 1633 2437 (xxxiv.
1651 2398 1723 2437 13):

216 2491 331 2534 haec
354 2491 411 2533 de
443 2491 627 2533 Edomo
652 2505 704 2532 ac
738 2491 794 2532 de
821 2491 1051 2545 gentibus,
1079 2505 1159 2545 per
1183 2505 1294 2545 quas
1321 2490 1639 2544 intelliguntur
1661 2490 1724 2531 illi

217 2555 293 2610 qui
322 2555 367 2596 in
398 2553 522 2596 salsis
549 2561 595 2596 et
628 2555 759 2595 malis
787 2561 918 2605 sunt;
952 2554 1066 2595 falsa
1093 2561 1139 2596 et
1173 2554 1308 2603 mala,
1337 2555 1381 2595 in
1415 2555 1574 2608 quibus
1602 2561 1721 2601 sunt,

217 2617 530 2673 significantur
562 2632 642 2672 per
675 2618 906 2672 “spinas‚”
935 2619 1192 2659 “carduum
1206 2617 1224 2633 ’'
1258 2625 1304 2659 et
1334 2619 1524 2659 “sentin
1543 2617 1576 2668 ;'’
1608 2618 1723 2670 dog-

218 2688 344 2723 mata
370 2695 449 2723 eos
475 2682 675 2723 tutantia
703 2680 1016 2734 significantur
1041 2695 1120 2736 per
1145 2681 1385 2735 “palatia''
1409 2688 1455 2722 et
1483 2695 1561 2735 per
1587 2685 1722 2721 “mu-

218 2745 417 2787 nitiones
437 2744 472 2795 ;”
510 2745 772 2786 devastatio
804 2745 952 2785 omnis
983 2745 1090 2786 boni
1122 2751 1169 2786 et
1206 2745 1299 2785 veri
1331 2743 1613 2798 significatur
1645 2757 1723 2797 per

219 2807 538 2850 “domicilium
561 2807 852 2856 draconum,''
870 2814 916 2849 et
940 2822 1019 2862 per
1040 2809 1243 2849 “atrium
1268 2807 1458 2848 filiarum
1478 2805 1672 2848 noctuae
1690 2806 1723 2856 ;”

221 2869 485 2913 “noctuae'’
502 2878 609 2913 sunt
631 2872 705 2925 qui
728 2885 810 2926 pro
832 2873 950 2913 veris
967 2872 1127 2914 vident
1150 2871 1275 2919 falsa,
1297 2878 1343 2912 et
1365 2871 1519 2912 “filiae
1533 2871 1551 2886 ''
1570 2884 1722 2912 earum

218 2940 325 2976 sunt
351 2935 751 2988 concupiscentiae
778 2934 1046 2976 falsificandi
1073 2949 1193 2976 vera.
1257 2934 1396 2988 Apud
1424 2934 1635 2983 eundem,

286 3031 598 3073 “Respondebunt
620 3032 694 3073 ijim
713 3032 748 3064 in
767 3032 907 3074 palatiis
925 3031 1013 3074 ejus,
1032 3038 1066 3064 et
1083 3033 1256 3064 dracones
1274 3032 1309 3064 in
1328 3031 1470 3073 templis
1483 3031 1500 3043 ’'
1518 3030 1601 3072 (xiii.
1621 3029 1695 3072 22);
