2054 3464
630 390 757 441 *CAR
780 391 884 432 XII„
907 391 1047 424 VERS.
1075 391 1245 424 11.—N.
1267 391 1363 436 749.
1633 383 1750 433 ‘2107

138 495 301 563 {⁴¹31}
335 517 470 546 sensu
506 502 684 546 litterae
720 503 1003 558 intelligatur
1034 505 1182 558 passio
1213 504 1356 546 crucis
1391 503 1588 552 Domini,
1622 509 1669 544 at
1706 503 1748 543 in

127 561 197 606 2132
255 578 390 608 sensu
415 566 632 621 spirituali
657 566 871 608 Divinum
898 566 1069 607 Verum
1096 567 1346 620 procedens
1371 580 1431 608 ex
1458 565 1623 607 Divino
1652 565 1748 606 Hu-

80 645 83 648 ·
147 630 205 678 ξ
253 642 392 679 mano
429 629 640 681 Domini;
681 643 841 684 quare
865 630 901 670 si
946 643 1027 683 pro
1066 631 1164 684 ipso
1202 644 1310 671 vero
1349 630 1591 671 assumitur
1630 629 1750 683 quod

135 686 179 755 ἐξ
254 691 454 737 Michael
487 693 734 734 draconem
769 693 926 734 vicerit
962 707 1041 746 per
1076 693 1331 746 passionem
1372 693 1514 734 crucis
1551 692 1747 741 Domini,

145 768 197 802 ²1·ss
253 755 362 798 inde
376 756 576 811 sequitur
591 755 713 810 quod
736 755 957 797 Dominus
979 769 1058 808 per
1075 756 1198 796 illam
1221 755 1450 797 sustulerit
1473 756 1623 796 omnia
1645 768 1749 809 pec-

238 825 362 862 cata
382 818 552 868 mundi,
579 825 627 860 et
657 832 836 872 quoque
868 832 946 871 per
971 819 1094 859 illam
1128 819 1308 860 Patrem
1335 818 1547 859 suumad
1579 819 1749 859 miseri-

134 881 457 939 emdxam
481 895 564 936 pro
587 881 787 924 humano
812 895 979 935 genere
1002 883 1328 933 commoverit3
1360 895 1461 923 cum
1484 887 1638 923 tamen
1663 882 1749 923 hoc

336 944 448 987 illud
478 958 574 999 *non
611 946 860 987 concordat
892 958 994 986 cum
1026 945 1192 986 Divino
1223 944 1348 986 Vero
1379 945 1499 998 quod
1530 948 1600 986 est
1632 945 1750 998 apud

230 1005 443 1063 angelos
474 1008 518 1049 in
545 1008 687 1058 caelo,
718 1014 764 1049 et
793 1022 971 1062 quoque
998 1008 1228 1048 discordat
1255 1021 1357 1049 cum
1387 1008 1586 1061 genuino
1616 1007 1750 1048 intel-

126 1058 204 1122 ζ
222 1069 375 1127 νΑἰτσὲἳῑιι
397 1070 520 1112 Veri.
581 1070 694 1124 Quis
716 1084 903 1125 usquam
927 1070 1182 1124 intelligere
1206 1077 1359 1124 potest
1382 1070 1504 1124 quod
1531 1070 1751 1110 Dominus

176 1147 191 1156 *
237 1146 333 1189 (per
353 1135 610 1188 passionem
637 1135 780 1176 crucis
806 1134 1039 1175 sustulerit
1065 1135 1216 1174 omnia
1242 1139 1432 1187 peccata
1458 1133 1625 1182 mundi,
1650 1146 1752 1174 cum

250 1202 411 1243 tamen
436 1198 739 1252 unusquisque
764 1197 902 1239 homo
933 1203 1037 1251 post
1069 1203 1264 1238 mortem
1297 1195 1345 1237 fit
1372 1196 1516 1250 qualis
1542 1196 1633 1249 ejus
1659 1197 1753 1237 vita

270 1260 336 1305 uit
359 1261 404 1303 in
427 1261 612 1310 mundo,
637 1267 684 1302 et
706 1261 779 1315 qui
806 1260 927 1302 mala
951 1260 1119 1301 faciunt
1142 1261 1185 1301 in
1212 1260 1431 1301 infernum
1450 1257 1686 1309 [¹¹veniunt,
1705 1267 1752 1301 et

252 1324 329 1380 qui
352 1323 473 1366 bona
497 1324 665 1366 faciunt
691 1325 734 1365 in
762 1323 972 1365 caelum?
1033 1321 1145 1377 Quis
1171 1323 1426 1376 intelligere
1452 1329 1606 1376 potest
1633 1324 1752 1377 quod

136 1384 380 1449 wDeus
409 1387 543 1429 Pater
572 1387 631 1428 ad
667 1387 1019 1428 misericordiam
1056 1401 1115 1428 ex
1148 1387 1367 1439 sanguine
1405 1386 1506 1427 Filii
1541 1387 1585 1427 in
1622 1399 1751 1428 cruce

253 1517 326 1563 est
349 1513 448 1568 ipsa
473 1513 795 1563 Misericordia,
823 1514 917 1567 ipse
944 1513 1105 1562 Amor,
1134 1520 1179 1554 et
1208 1514 1353 1566 ipsum
1381 1513 1556 1554 Bonum
1589 1514 1632 1554 in
1665 1512 1753 1554 Se?

252 1574 331 1619 Ex
351 1576 421 1619 his
442 1582 572 1631 patet
594 1577 715 1631 quod
738 1576 943 1618 Verbum
964 1576 1052 1626 hic,
1077 1582 1123 1618 et
1149 1576 1193 1616 in
1216 1575 1339 1617 mille
1361 1576 1458 1617 aliis
1484 1575 1609 1625 locis,
1633 1575 1752 1617 salsi-

284 1645 426 1688 cetur,
454 1641 490 1682 si
515 1641 654 1682 modo
680 1641 895 1690 exterius,
921 1646 966 1682 et
993 1653 1083 1681 non
1110 1639 1242 1681 simul
1268 1640 1468 1689 interius,
1496 1637 1751 1692 spectatur:

251 1704 455 1747 exterius
485 1703 595 1745 illud
627 1702 832 1758 specstare
865 1710 935 1745 est
967 1717 1026 1744 ex
1058 1703 1224 1752 littera,
1253 1709 1301 1744 at
1332 1703 1517 1744 interius
1549 1700 1753 1755 specstare

252 1773 325 1811 est
345 1780 406 1809 ex
428 1765 635 1810 doctrina
655 1768 838 1821 genuini
855 1766 977 1808 Veri.
1029 1766 1075 1808 Si
1096 1781 1156 1808 ex
1177 1765 1382 1807 doetrina
1404 1766 1615 1807 credatur
1632 1765 1752 1819 quod

178 1880 186 1890 ·
252 1829 476 1877 Dominus
493 1830 798 1884 subjugaverit
815 1830 1000 1880 inferna,
1020 1836 1067 1871 et
1089 1829 1219 1871 simul
1237 1828 1555 1883 glorificaverit
1575 1828 1751 1869 Huma-

150 1915 163 1922 ·
190 1930 200 1937 ,
253 1900 361 1937 num
392 1907 526 1936 'suum
563 1907 642 1948 per
678 1894 972 1942 tentationes,
1012 1900 1058 1934 et
1095 1893 1217 1947 quod
1254 1893 1402 1946 passio
1439 1892 1581 1933 crucis
1621 1891 1751 1932 fuerit

246 1956 414 2013 ultima
451 1956 651 2000 tentatio
692 1963 739 1998 et
779 1956 916 2010 plena
955 1954 1157 2004 victoria,
1200 1969 1279 2008 per
1320 1969 1454 2009 quam
1496 1954 1753 2008 subjugavit

268 2020 440 2070 nfema,
467 2026 514 2063 et
546 2019 816 2074 glorificavit
845 2019 1107 2060 Humanum
1135 2031 1277 2068 suum,
1302 2025 1410 2060 tunc
1442 2018 1564 2059 cadit
1596 2018 1640 2058 id
1672 2018 1754 2059 sub

195 2082 551 2134 „ffjatelleestum
565 2090 612 2126 et
626 2083 730 2126 i'nde
745 2084 789 2124 in
805 2082 962 2134 fidem3
986 2082 1125 2136 fitque
1139 2082 1240 2132 hoc,
1254 2081 1374 2136 quod
1389 2081 1585 2123 Michael
1597 2082 1753 2123 vicerit

248 2158 334 2206 per
346 2148 603 2202 passionem
621 2147 778 2196 crucis,
795 2160 949 2188 verum
968 2159 1217 2199 apparens;
1250 2151 1297 2187 at
1315 2145 1435 2199 quod
1453 2146 1609 2186 vicerit
1628 2145 1753 2186 illum

135 2209 163 2246 ἰ
203 2210 213 2214 ”
207 2222 334 2267 per
354 2210 568 2252 Divinum
585 2210 758 2252 Verum
788 2209 1041 2263 procedens
1068 2223 1094 2250 a
1120 2209 1286 2250 Divino
1313 2208 1528 2250 Humano
1555 2208 1752 2257 Domini,

211 2272 306 2317 fil:
333 2287 490 2316 verum
525 2273 672 2316 reale·
716 2280 764 2315 at
801 2273 837 2314 si
872 2286 1095 2326 apparens
1126 2285 1281 2314 verum
1315 2272 1504 2312 sumitur
1536 2285 1616 2324 pro
1647 2285 1754 2312 vero

188 2336 376 2394 mli,
408 2343 455 2379 et
486 2336 794 2386 confirmatur,
827 2342 936 2378 tunc
967 2334 1229 2377 falsificatur
1259 2334 1478 2384 Verbum,
1506 2334 1754 2375 secundum

200 2398 334 2467 ,sssi‘lla
357 2411 475 2454 quae
499 2411 637 2452 supra
662 2408 708 2447 (n.
725 2407 840 2451 719),
867 2397 1191 2438 illustrationis
1217 2409 1369 2444 causa,
1396 2395 1542 2436 allata
1567 2401 1688 2436 sunt.

333 2469 468 2519 749·
509 2461 590 2502 “ft
605 2474 685 2515 pet·
706 2461 866 2502 vet-bum
887 2459 1109 2501 testimonii
1123 2472 1276 2500 eorum.
1282 2458 1501 2512 ”—Quod
1527 2458 1753 2511 significet

167 2521 189 2581 ᾗ
245 2529 298 2569 et
310 2530 400 2578 per
421 2523 733 2576 confessionem
754 2529 796 2563 et
819 2521 1088 2576 agni‘ttonem
1109 2520 1272 2562 Divzni
1293 2534 1338 2561 zn
1358 2519 1566 2561 Humano
1587 2519 1752 2572 Ipszus,

117 2580 157 2627 «ἑ
250 2592 440 2631 constat
465 2599 525 2628 ex
552 2584 883 2639 significatione
913 2584 1078 2626 “verbi
1103 2583 1390 2632 testimonii‚”
1416 2583 1536 2636 quod
1563 2583 1619 2623 sit
1646 2596 1753 2623 con-

247 2647 393 2691 fessio
422 2647 611 2688 Domini
640 2652 688 2687 et
719 2647 896 2700 agnitio
928 2645 1082 2686 Divini
1116 2646 1160 2686 in
1193 2644 1412 2686 Humano
1438 2644 1587 2698 Ipsius
1618 2655 1673 2692 (de
1692 2663 1756 2692 qua

251 2726 363 2758 supra.
381 2727 414 2750 n.
436 2718 531 2760 392.
549 2706 646 2760 635.
666 2706 781 2759 649)
840 2705 978 2758 Quod
1007 2705 1095 2746 hoc
1121 2705 1180 2746 sit
1209 2704 1436 2745 “verbum
1462 2703 1754 2753 testimonii‚”

254 2775 386 2825 patet
410 2783 437 2811 a
461 2768 754 2824 sequentibus
779 2768 847 2810 his
873 2768 918 2808 in
943 2767 984 2808 A
986 2766 1234 2821 pocahtpsz,

321 2853 420 2892 Dixit
435 2858 584 2899 angelus
603 2857 648 2890 ad
664 2854 906 2900 Johannem,‘
910 2856 1152 2890 ‘.Conservus
1167 2861 1264 2888 .tuus
1281 2865 1371 2893 sum,
1383 2861 1418 2887 et
1434 2854 1583 2889 fratrum
1601 2859 1753 2890 tuorum.

427 2901 634 2934 habentium
648 2901 894 2933 testimonium
899 2900 1021 2942 ';Jesu
1048 2899 1163 2932 Deum
1178 2900 1299 2938 adora,
1314 2908 1396 2930 nam
1411 2898 1655 2930 testimonium
1669 2897 1755 2940 Jesu

428 2950 484 2978 est
499 2945 643 2987 spiritus
660 2943 897 2986 prophetiae”
914 2944 996 2983 (xix.
1017 2944 1089 2984 10):

255 3033 302 3072 et
326 3034 567 3084 postquam
593 3028 782 3083 angelus
806 3027 884 3069 illa
909 3027 1044 3078 dixit,
