2098 3476
97 680 99 687 ⁴

59 731 74 749 Ρ·
98 730 110 750 ἠ-

73 755 80 762 ,

60 797 66 799 -
79 786 110 804 ’ἂι

68 811 92 827 ἰ

59 860 106 883 .“;“ζ

60 903 86 923 q.
99 894 106 898 ⁴

56 930 77 946 ’ΜΖ

66 955 71 963 ,
84 958 85 962 ,
98 954 107 962 ,,

71 1113 106 1131 fij„

40 1210 72 1230 ’.ἀ
98 1202 111 1236 z.

43 1233 71 1260 'ts

31 1258 62 1275 yn
100 1269 102 1272 .

51 1285 66 1295 Α
83 1294 87 1300 ,
107 1296 109 1298 .

41 1323 58 1339 ῃ,
76 1325 86 1343 ,²

52 1386 102 1409 μ’μ’.

31 1407 44 1431 q·
71 1408 94 1422 -v

34 1457 40 1460 .
54 1452 73 1479 ς
92 1464 95 1474 ἱ

47 1584 60 1603 «τ
80 1594 84 1595 ⁷

56 1615 70 1623 ,ι

30 1680 35 1691 Ι

35 1746 45 1759 ³<

48 1763 51 1770 s

18 1915 23 1922 ·.
37 1905 74 1923 ⁴1¹⁴

35 1973 42 1980 .

27 2044 58 2057 v(

38 2077 62 2090 ω

18 2091 50 2102 μ

26 2104 62 2127 ,ιῖ

19 2128 59 2145 -θ-γ,

21 2154 59 2184 ‘'L-,t

24 2206 60 2217 ,·.

22 2242 54 2266 'vn—

14 2291 30 2310 a&

15 2473 35 2493 V!

18 2519 43 2542 f„

24 2567 38 2579 ι

35 2586 40 2593 .

37 2602 55 2610 ι,

31 2620 45 2628 2.

24 2699 28 2707 Ι
56 2707 60 2710 >

34 2722 55 2731 m

19 2766 64 2790 ‘.¹''r

28 2793 63 2822 ''.'

38 2824 68 2852 Ἄ»
83 2824 103 2831 ’”

25 2860 57 2908 l

29 2921 47 2926 .,

76 2988 80 2998 Ι

319 349 340 367 θ

576 364 683 397 CAP.
707 364 965 406 XI1.,VERs.
992 365 1138 409 3.-—N.
1161 355 1392 410 714[b<v;.)].
1629 366 1731 411 1955

235 478 340 534 quia
369 476 416 520 hi
447 477 685 520 elevantur
715 492 742 519 a
778 492 859 519 suo
891 478 1072 532 proprio
1103 478 1209 519 dum
1242 478 1402 531 legunt
1435 478 1653 527 Verbum,
1687 486 1733 520 et

234 541 323 584 hoc
360 555 500 596 usque
540 541 584 582 in
623 540 770 582 lucem
809 541 937 590 caeli,
976 555 1028 582 ac
1067 541 1377 591 illustrantur3
1424 542 1468 582 in
1509 541 1593 582 hac
1635 542 1734 583 luce

80 586 177 668 '‘2''ss
233 610 425 659 apparet
456 617 611 645 verum
644 618 704 645 ex
736 605 834 658 ipso
866 618 988 653 vero,
1023 605 1126 658 quia
1158 603 1238 645 lux
1270 604 1383 645 caeli
1417 610 1486 644 est
1521 604 1733 645 Divinum

233 666 420 709 Verum.
481 666 549 708 At
580 667 655 721 qui
687 668 731 708 in
763 680 917 707 amore
949 667 1015 707 sui
1048 673 1168 715 sunt,
1197 674 1243 708 et
1276 667 1381 707 inde
1413 668 1456 706 in
1485 666 1604 707 fastu
1630 681 1733 721 pro-

232 729 356 784 priae
385 729 736 783 intelligentiae,
770 743 860 770 non
893 729 1060 771 elevari
1093 744 1152 771 ex
1190 744 1270 770 suo
1302 731 1483 783 proprio
1515 737 1733 783 possunt;

232 790 442 847 spectant
475 794 594 834 enim
631 807 680 835 se
716 794 946 841 continue,
980 793 1045 834 ita
1081 794 1124 834 in
1164 793 1352 846 singulis
1390 807 1504 846 quae
1535 793 1731 834 faciunt:

231 854 337 897 inde
358 869 536 910 quoque
559 863 644 904 est,
670 857 790 910 quod
814 856 859 897 hi
882 857 926 896 in
950 856 1037 897 fide
1061 870 1242 897 suorum
1265 856 1536 909 dogmatum
1560 863 1733 910 ponant

230 931 367 960 omne
391 918 565 968 salutis,
589 921 653 961 ita
679 921 720 960 in
750 921 863 961 scire
891 926 936 960 et
962 921 1182 973 cogitare,
1207 926 1253 960 et
1281 933 1372 960 non
1395 919 1525 960 simul
1553 921 1596 960 in
1623 921 1732 968 vita,

229 981 296 1023 ita
322 994 412 1023 non
439 982 571 1023 simul
597 983 640 1023 in
667 982 786 1024 velle
813 989 858 1023 et
886 983 1059 1033 facere3
1100 997 1159 1023 ex
1192 982 1261 1023 his
1288 983 1442 1036 itaque
1474 989 1544 1024 est
1572 997 1734 1036 corpus

82 1059 86 1068 ·
107 1032 115 1039 Ἴ
131 1048 139 1085 ‘2
188 1100 190 1102 Ι
230 1043 454 1086 draconis.
506 1044 595 1087 Cor
617 1045 745 1098 hujus
763 1046 964 1099 corporis
983 1052 1053 1086 est
1078 1059 1206 1086 amor
1229 1047 1294 1086 sui
1313 1060 1322 1096 ;
1356 1053 1402 1086 et
1424 1047 1574 1086 anima
1593 1048 1733 1100 respi-

229 1108 433 1157 rationis,
453 1122 532 1150 seu
555 1109 737 1162 spiritus
761 1108 869 1162 ejus,
890 1115 959 1150 est
983 1109 1126 1150 fastus
1146 1110 1351 1163 propriae
1370 1109 1704 1163 intelligentiae
1723 1124 1731 1151 :

229 1185 290 1212 ex
321 1170 392 1212 his
423 1171 598 1213 duobus
631 1172 770 1213 draco
803 1170 949 1213 dictus
982 1179 1052 1213 est
1083 1177 1315 1226 “magnus
1347 1172 1505 1220 ruqu,''
1533 1187 1584 1213 ac
1620 1177 1732 1214 “ru-

228 1233 329 1275 fus’'
354 1235 398 1275 in
431 1241 568 1276 textu
599 1235 809 1288 originali
844 1235 1020 1277 Graeco
1048 1236 1212 1276 dicitur
1238 1250 1298 1276 ex
1324 1235 1550 1285 flammeo,
1578 1236 1642 1277 ita
1674 1251 1733 1277 ex

228 1309 384 1338 amore
409 1303 457 1339 et
482 1297 615 1339 fastu.

317 1358 416 1415 (iv.)
460 1359 596 1414 Quod
627 1361 692 1402 illi
724 1362 799 1416 qui
831 1362 1004 1416 absque
1036 1360 1243 1403 doctrina
1271 1362 1459 1403 student
1487 1362 1657 1412 Verbo,
1687 1370 1733 1404 et

229 1422 363 1465 simul
389 1424 434 1464 in
460 1437 614 1465 amore
647 1425 713 1465 sui
745 1431 866 1475 sunt,
894 1432 1089 1466 externa
1115 1426 1315 1479 corporis
1342 1426 1599 1466 draconiaci
1625 1426 1732 1467 faci-

228 1493 325 1528 ant.
386 1485 598 1528 Externa
638 1493 743 1528 sunt
785 1502 900 1541 quae
946 1488 1004 1529 ab
1043 1488 1332 1529 interioribus
1373 1489 1643 1542 procedunt,
1686 1497 1732 1531 et

228 1548 348 1592 haec·
388 1550 643 1599 involvunt,
686 1551 905 1592 claudunt
951 1558 998 1592 et
1040 1553 1294 1600 continent,
1338 1559 1386 1593 ut
1434 1559 1539 1593 sunt
1586 1559 1729 1602 cutes,

229 1614 461 1668 squamae,
490 1615 822 1667 prominentiae
849 1615 907 1655 ab
932 1615 1256 1669 undequaque:
1296 1617 1416 1669 quod
1449 1616 1512 1656 illi
1538 1623 1733 1658 externa

229 1677 431 1731 corporis
471 1678 682 1718 draconis
722 1678 906 1727 faciant,
951 1685 1021 1720 est
1069 1680 1172 1733 quia
1213 1679 1383 1733 absque
1424 1679 1733 1733 intelligentia

230 1740 531 1795 spiritualium
558 1740 700 1782 Verbi
727 1748 860 1792 sunt;
898 1743 1046 1783 sciunt
1074 1744 1193 1783 enim
1221 1742 1424 1783 Verbum
1452 1743 1601 1796 quoad
1628 1757 1731 1784 sen-

229 1816 328 1845 sum
355 1803 538 1846 litterae
564 1804 672 1858 ejus,
701 1806 774 1859 qui
807 1805 912 1846 talis
945 1812 1015 1847 est
1049 1812 1113 1854 ut,
1141 1807 1177 1846 si
1204 1820 1294 1847 non
1322 1805 1527 1847 doctrina
1554 1806 1731 1860 praelu-

229 1873 349 1915 ceat.
369 1868 507 1910 ducat
530 1869 575 1909 in
593 1883 767 1910 errores
790 1875 836 1910 et
860 1869 972 1910 falsa
991 1871 1137 1910 omnis
1155 1871 1334 1923 generis
1356 1885 1363 1920 ;
1398 1877 1733 1924 consequenter

228 1931 351 1986 quod
381 1931 446 1974 illi
477 1933 552 1987 qui
583 1932 754 1986 absque
786 1931 993 1974 doctrina
1025 1934 1214 1974 student
1242 1934 1412 1981 Verbo,
1441 1941 1731 1988 quotcunque

228 1995 391 2037 volunt
422 1995 648 2045 haereses,
682 2003 852 2050 queant
892 1997 1173 2046 confirmare,
1208 2004 1254 2038 et
1292 2012 1470 2052 quoque
1502 1996 1729 2051 amplecti,

228 2065 275 2100 et
315 2073 495 2114 quoque
535 2061 811 2114 patrocinari
852 2061 1080 2102 amoribus
1122 2062 1188 2102 sui
1234 2067 1280 2102 et
1327 2062 1496 2110 mundi,
1539 2069 1586 2102 et
1627 2062 1731 2102 inde

164 2123 173 2127 ’
226 2122 426 2165 oriundis
467 2123 624 2164 malis:
676 2137 780 2166 nam
823 2138 983 2165 sensus
1027 2124 1209 2165 litterae
1251 2125 1392 2166 Verbi
1433 2132 1504 2166 est
1546 2125 1731 2166 ultimus

226 2199 386 2227 sensus
409 2186 560 2228 Divini
583 2186 710 2236 Veri,
734 2188 799 2228 ita
826 2201 906 2241 pro
934 2188 1130 2228 naturali
1156 2195 1202 2229 et
1231 2189 1427 2229 sensuali
1451 2189 1649 2238 homine,
1673 2190 1731 2229 ad

206 2245 320 2302 'ejus
343 2256 542 2304 captum,
564 2256 610 2291 et
634 2264 770 2304 saepe
793 2251 837 2291 in
861 2250 954 2303 ejus
977 2251 1175 2292 favorem
1195 2266 1204 2302 ;
1238 2265 1374 2305 quare
1398 2253 1481 2292 nisi
1504 2251 1579 2292 ille
1603 2251 1730 2306 lega-

227 2318 301 2354 tur
330 2317 378 2354 et
410 2311 642 2367 spectetur
673 2328 733 2355 ex
765 2313 986 2363 doctrina,
1022 2321 1071 2356 ut
1109 2329 1168 2356 ex
1203 2315 1399 2364 lucerna,
1434 2315 1518 2356 fert
1552 2323 1730 2357 mentes

225 2375 272 2416 in
309 2376 524 2418 tenebras
564 2377 621 2418 de
659 2376 814 2418 multis
851 2392 966 2432 quae
1008 2377 1122 2419 caeli
1163 2385 1209 2419 et
1249 2378 1469 2419 ecclesiae
1507 2386 1638 2420 sunt:
1683 2386 1730 2421 et

226 2452 367 2493 usque
387 2438 452 2480 illi
474 2454 522 2481 se
545 2440 736 2481 credunt
761 2454 868 2494 prae
891 2442 1100 2482 omnibus
1119 2456 1292 2495 sapere,
1313 2455 1414 2483 cum
1439 2449 1594 2483 tamen
1619 2442 1730 2483 nihil

226 2503 422 2556 sapiunt.

314 2564 397 2620 (v.)
442 2564 576 2620 Quod
609 2580 768 2608 omnes
800 2566 864 2608 illi
895 2569 969 2622 qui
1002 2568 1248 2610 draconem
1281 2569 1583 2617 constituunt,
1617 2569 1728 2610 ado-

175 2655 187 2660 -v
225 2635 329 2671 rent
362 2629 510 2671 Deum
543 2630 739 2680 Patrem,
768 2637 814 2672 et
849 2631 1097 2673 Dominum
1128 2633 1315 2673 videant
1348 2634 1463 2673 sicut
1497 2633 1728 2674 hominem

226 2692 294 2734 sui
319 2692 528 2742 similem,
554 2700 601 2735 et
628 2706 719 2734 non
743 2701 792 2735 ut
820 2694 1083 2744 Deum,—si
1110 2702 1158 2737 ut
1187 2695 1349 2744 Deum,
1374 2696 1494 2749 quod
1518 2695 1728 2749 spectent

226 2753 441 2796 Divinum
458 2755 602 2810 Ipsius
621 2770 755 2810 supra
772 2757 1035 2798 Humanum
1055 2758 1214 2812 IpsiuS,
1232 2764 1279 2799 et
1298 2772 1389 2799 non
1408 2759 1527 2799 intra
1545 2758 1731 2808 illud,—

225 2817 271 2858 in
297 2819 606 2872 sequentibus,
635 2819 709 2861 ubi
740 2821 892 2874 agitur
917 2821 974 2862 de
1006 2835 1160 2875 pugna
1186 2822 1395 2862 draconis
1422 2835 1523 2862 cum
1552 2821 1727 2863 Micha-

226 2880 312 2931 ele,
339 2881 654 2925 illustrabitur.

314 2944 413 3000 (vi.)
457 2946 533 2988 Ex
565 2947 635 2988 his
667 2961 784 2990 nunc
809 2955 1026 2990 constare
1053 2955 1208 3003 potest
1235 2949 1357 3003 quod
1389 2963 1468 3003 per
1497 2950 1727 2991 “caudam

227 3008 437 3051 draconis
449 3009 469 3025 ”
495 3010 781 3065 intelligatur
812 3012 1067 3055 falsificatio
1099 3019 1146 3054 et
1178 3012 1455 3054 adulteratio
1482 3013 1637 3063 Verbi,
1666 3027 1727 3055 ex
