<?xml version="1.0" encoding="UTF-8"?>
<!DOCTYPE html PUBLIC "-//W3C//DTD XHTML 1.0 Transitional//EN"
    "http://www.w3.org/TR/xhtml1/DTD/xhtml1-transitional.dtd">
<html xmlns="http://www.w3.org/1999/xhtml" xml:lang="en" lang="en">
 <head>
  <title>
</title>
<meta http-equiv="Content-Type" content="text/html;charset=utf-8" />
  <meta name='ocr-system' content='tesseract 3.04.00' />
  <meta name='ocr-capabilities' content='ocr_page ocr_carea ocr_par ocr_line ocrx_word'/>
</head>
<body>
  <div class='ocr_page' id='page_1' title='image "apocalypsisexpli04sweduoft_0015.png"; bbox 0 0 2098 3476; ppageno 0'>
   <div class='ocr_carea' id='block_1_1' title="bbox 0 0 348 3476">
    <p class='ocr_par' dir='ltr' id='par_1_1' title="bbox 0 0 348 3476">
     <span class='ocr_line' id='line_1_1' title="bbox 0 0 348 3476; baseline 0 -3014"><span class='ocrx_word' id='word_1_1' title='bbox 0 0 348 3476; x_wconf 95' lang='lat' dir='ltr'><strong>    </strong></span> 
     </span>
    </p>
   </div>
   <div class='ocr_carea' id='block_1_2' title="bbox 648 367 1773 423">
    <p class='ocr_par' dir='ltr' id='par_1_2' title="bbox 648 367 1773 423">
     <span class='ocr_line' id='line_1_2' title="bbox 648 367 1773 423; baseline 0 -13"><span class='ocrx_word' id='word_1_2' title='bbox 648 377 754 410; x_wconf 86' lang='lat' dir='ltr'><strong>CAP.</strong></span> <span class='ocrx_word' id='word_1_3' title='bbox 779 377 881 419; x_wconf 87' lang='lat' dir='ltr'><strong>x11.,</strong></span> <span class='ocrx_word' id='word_1_4' title='bbox 905 377 1043 410; x_wconf 82' lang='lat' dir='ltr'><strong>vERs.</strong></span> <span class='ocrx_word' id='word_1_5' title='bbox 1073 376 1213 409; x_wconf 89' lang='lat' dir='ltr'>1.-—N.</span> <span class='ocrx_word' id='word_1_6' title='bbox 1237 367 1404 422; x_wconf 83' lang='lat' dir='ltr'><strong>7o6[b].</strong></span> <span class='ocrx_word' id='word_1_7' title='bbox 1669 379 1773 423; x_wconf 92' lang='lat'>1917</span> 
     </span>
    </p>
   </div>
   <div class='ocr_carea' id='block_1_3' title="bbox 225 490 1775 1242">
    <p class='ocr_par' dir='ltr' id='par_1_3' title="bbox 225 490 1775 1242">
     <span class='ocr_line' id='line_1_3' title="bbox 262 490 1774 546; baseline -0.001 -12"><span class='ocrx_word' id='word_1_8' title='bbox 262 503 424 542; x_wconf 60' lang='lat' dir='ltr'><strong>inane,</strong></span> <span class='ocrx_word' id='word_1_9' title='bbox 458 497 528 533; x_wconf 87' lang='lat' dir='ltr'><strong>est</strong></span> <span class='ocrx_word' id='word_1_10' title='bbox 560 491 663 546; x_wconf 89' lang='lat' dir='ltr'><strong>quia</strong></span> <span class='ocrx_word' id='word_1_11' title='bbox 694 504 773 544; x_wconf 90' lang='lat' dir='ltr'><strong>per</strong></span> <span class='ocrx_word' id='word_1_12' title='bbox 802 494 1074 545; x_wconf 89' lang='lat' dir='ltr'><strong>“vesperam</strong></span> <span class='ocrx_word' id='word_1_13' title='bbox 1107 497 1153 533; x_wconf 90' lang='lat' dir='ltr'><strong>et</strong></span> <span class='ocrx_word' id='word_1_14' title='bbox 1185 491 1351 532; x_wconf 90' lang='lat' dir='ltr'><strong>mane”</strong></span> <span class='ocrx_word' id='word_1_15' title='bbox 1383 490 1662 544; x_wconf 87' lang='lat' dir='ltr'><strong>significatur</strong></span> <span class='ocrx_word' id='word_1_16' title='bbox 1693 492 1774 532; x_wconf 92' lang='lat' dir='ltr'><strong>ad-</strong></span> 
     </span>
     <span class='ocr_line' id='line_1_4' title="bbox 274 554 1773 609; baseline -0.001 -13"><span class='ocrx_word' id='word_1_17' title='bbox 274 561 438 597; x_wconf 89' lang='lat' dir='ltr'><strong>ventus</strong></span> <span class='ocrx_word' id='word_1_18' title='bbox 464 554 673 606; x_wconf 77' lang='lat' dir='ltr'><strong>Domini3</strong></span> <span class='ocrx_word' id='word_1_19' title='bbox 710 555 782 596; x_wconf 89' lang='lat' dir='ltr'><strong>hic</strong></span> <span class='ocrx_word' id='word_1_20' title='bbox 814 555 997 609; x_wconf 88' lang='lat' dir='ltr'><strong>quando</strong></span> <span class='ocrx_word' id='word_1_21' title='bbox 1022 555 1215 596; x_wconf 87' lang='lat' dir='ltr'><strong>ecclesia</strong></span> <span class='ocrx_word' id='word_1_22' title='bbox 1240 555 1359 608; x_wconf 91' lang='lat' dir='ltr'><strong>apud</strong></span> <span class='ocrx_word' id='word_1_23' title='bbox 1389 554 1586 608; x_wconf 90' lang='lat' dir='ltr'><strong>Judaeos</strong></span> <span class='ocrx_word' id='word_1_24' title='bbox 1613 555 1773 595; x_wconf 87' lang='lat' dir='ltr'><strong>devas-</strong></span> 
     </span>
     <span class='ocr_line' id='line_1_5' title="bbox 262 618 1774 672; baseline -0.001 -12"><span class='ocrx_word' id='word_1_25' title='bbox 262 623 375 660; x_wconf 25' lang='lat' dir='ltr'><strong>*tata</strong></span> <span class='ocrx_word' id='word_1_26' title='bbox 413 624 525 668; x_wconf 87' lang='lat' dir='ltr'><strong>erat,</strong></span> <span class='ocrx_word' id='word_1_27' title='bbox 564 618 723 672; x_wconf 89' lang='lat' dir='ltr'><strong>quibus</strong></span> <span class='ocrx_word' id='word_1_28' title='bbox 762 625 870 659; x_wconf 91' lang='lat' dir='ltr'><strong>tunc</strong></span> <span class='ocrx_word' id='word_1_29' title='bbox 909 619 1144 667; x_wconf 84' lang='lat' dir='ltr'><strong>serenitas,</strong></span> <span class='ocrx_word' id='word_1_30' title='bbox 1186 619 1289 672; x_wconf 90' lang='lat' dir='ltr'><strong>quia</strong></span> <span class='ocrx_word' id='word_1_31' title='bbox 1330 632 1420 659; x_wconf 94' lang='lat' dir='ltr'><strong>non</strong></span> <span class='ocrx_word' id='word_1_32' title='bbox 1458 625 1774 672; x_wconf 89' lang='lat' dir='ltr'><strong>cognoverunt</strong></span> 
     </span>
     <span class='ocr_line' id='line_1_6' title="bbox 275 679 1775 735; baseline -0.001 -12"><span class='ocrx_word' id='word_1_33' title='bbox 275 679 444 735; x_wconf 88' lang='lat' dir='ltr'><strong>Ipsum,</strong></span> <span class='ocrx_word' id='word_1_34' title='bbox 467 695 518 723; x_wconf 90' lang='lat' dir='ltr'><strong>ac</strong></span> <span class='ocrx_word' id='word_1_35' title='bbox 545 695 700 723; x_wconf 89' lang='lat' dir='ltr'><strong>secure</strong></span> <span class='ocrx_word' id='word_1_36' title='bbox 723 682 935 723; x_wconf 85' lang='lat' dir='ltr'><strong>vixerunt</strong></span> <span class='ocrx_word' id='word_1_37' title='bbox 962 683 1005 722; x_wconf 92' lang='lat' dir='ltr'><strong>in</strong></span> <span class='ocrx_word' id='word_1_38' title='bbox 1027 682 1148 723; x_wconf 89' lang='lat' dir='ltr'><strong>salsis</strong></span> <span class='ocrx_word' id='word_1_39' title='bbox 1174 696 1233 723; x_wconf 87' lang='lat' dir='ltr'><strong>ex</strong></span> <span class='ocrx_word' id='word_1_40' title='bbox 1260 682 1395 731; x_wconf 91' lang='lat' dir='ltr'><strong>malo,</strong></span> <span class='ocrx_word' id='word_1_41' title='bbox 1429 682 1515 723; x_wconf 91' lang='lat' dir='ltr'><strong>hoc</strong></span> <span class='ocrx_word' id='word_1_42' title='bbox 1543 689 1612 723; x_wconf 88' lang='lat' dir='ltr'><strong>est</strong></span> <span class='ocrx_word' id='word_1_43' title='bbox 1638 686 1775 723; x_wconf 87' lang='lat' dir='ltr'><strong>“ves-</strong></span> 
     </span>
     <span class='ocr_line' id='line_1_7' title="bbox 225 744 1774 799; baseline -0.001 -12"><span class='ocrx_word' id='word_1_44' title='bbox 225 764 227 766; x_wconf 96' lang='lat'>·</span> <span class='ocrx_word' id='word_1_45' title='bbox 266 758 382 799; x_wconf 31' lang='lat' dir='ltr'><strong>*pera</strong></span> <span class='ocrx_word' id='word_1_46' title='bbox 398 744 432 796; x_wconf 87' lang='lat'><strong>;”</strong></span> <span class='ocrx_word' id='word_1_47' title='bbox 457 751 505 787; x_wconf 89' lang='lat' dir='ltr'><strong>at</strong></span> <span class='ocrx_word' id='word_1_48' title='bbox 528 759 635 786; x_wconf 87' lang='lat' dir='ltr'><strong>vero</strong></span> <span class='ocrx_word' id='word_1_49' title='bbox 658 745 840 799; x_wconf 90' lang='lat' dir='ltr'><strong>quando</strong></span> <span class='ocrx_word' id='word_1_50' title='bbox 859 751 1176 798; x_wconf 85' lang='lat' dir='ltr'><strong>cognoverunt</strong></span> <span class='ocrx_word' id='word_1_51' title='bbox 1201 745 1369 798; x_wconf 90' lang='lat' dir='ltr'><strong>Ipsum,</strong></span> <span class='ocrx_word' id='word_1_52' title='bbox 1390 752 1435 786; x_wconf 90' lang='lat' dir='ltr'><strong>et</strong></span> <span class='ocrx_word' id='word_1_53' title='bbox 1459 751 1645 799; x_wconf 86' lang='lat' dir='ltr'><strong>propter</strong></span> <span class='ocrx_word' id='word_1_54' title='bbox 1662 745 1774 786; x_wconf 88' lang='lat' dir='ltr'><strong>falsa</strong></span> 
     </span>
     <span class='ocr_line' id='line_1_8' title="bbox 273 807 1772 862; baseline 0 -14"><span class='ocrx_word' id='word_1_55' title='bbox 273 812 333 848; x_wconf 84' lang='lat' dir='ltr'><strong>ex</strong></span> <span class='ocrx_word' id='word_1_56' title='bbox 359 807 502 858; x_wconf 90' lang='lat' dir='ltr'><strong>malis,</strong></span> <span class='ocrx_word' id='word_1_57' title='bbox 530 807 575 849; x_wconf 92' lang='lat' dir='ltr'><strong>in</strong></span> <span class='ocrx_word' id='word_1_58' title='bbox 606 808 766 862; x_wconf 91' lang='lat' dir='ltr'><strong>quibus</strong></span> <span class='ocrx_word' id='word_1_59' title='bbox 792 808 983 857; x_wconf 89' lang='lat' dir='ltr'><strong>suerunt,</strong></span> <span class='ocrx_word' id='word_1_60' title='bbox 1013 814 1294 862; x_wconf 85' lang='lat' dir='ltr'><strong>negaverunt</strong></span> <span class='ocrx_word' id='word_1_61' title='bbox 1322 808 1489 862; x_wconf 89' lang='lat' dir='ltr'><strong>Ipsum,</strong></span> <span class='ocrx_word' id='word_1_62' title='bbox 1517 815 1563 849; x_wconf 89' lang='lat' dir='ltr'><strong>et</strong></span> <span class='ocrx_word' id='word_1_63' title='bbox 1595 809 1772 862; x_wconf 85' lang='lat' dir='ltr'><strong>impug-</strong></span> 
     </span>
     <span class='ocr_line' id='line_1_9' title="bbox 273 870 1771 926; baseline 0 -14"><span class='ocrx_word' id='word_1_64' title='bbox 273 877 454 920; x_wconf 88' lang='lat' dir='ltr'><strong>narunt,</strong></span> <span class='ocrx_word' id='word_1_65' title='bbox 481 870 706 925; x_wconf 89' lang='lat' dir='ltr'><strong>significat</strong></span> <span class='ocrx_word' id='word_1_66' title='bbox 735 871 941 912; x_wconf 87' lang='lat' dir='ltr'><strong>“mane&#39;&#39;</strong></span> <span class='ocrx_word' id='word_1_67' title='bbox 963 871 1146 926; x_wconf 88' lang='lat' dir='ltr'><strong>quando</strong></span> <span class='ocrx_word' id='word_1_68' title='bbox 1176 875 1468 924; x_wconf 84' lang='lat' dir='ltr'><strong>“tempestas</strong></span> <span class='ocrx_word' id='word_1_69' title='bbox 1487 871 1519 912; x_wconf 90' lang='lat'><strong>:&#39;‘</strong></span> <span class='ocrx_word' id='word_1_70' title='bbox 1551 871 1655 912; x_wconf 89' lang='lat' dir='ltr'><strong>inde</strong></span> <span class='ocrx_word' id='word_1_71' title='bbox 1686 879 1771 920; x_wconf 86' lang='lat' dir='ltr'><strong>est,</strong></span> 
     </span>
     <span class='ocr_line' id='line_1_10' title="bbox 272 934 1773 991; baseline 0 -16"><span class='ocrx_word' id='word_1_72' title='bbox 272 934 393 991; x_wconf 90' lang='lat' dir='ltr'><strong>quod</strong></span> <span class='ocrx_word' id='word_1_73' title='bbox 431 934 651 975; x_wconf 88' lang='lat' dir='ltr'>Dominus</span> <span class='ocrx_word' id='word_1_74' title='bbox 688 934 868 983; x_wconf 86' lang='lat' dir='ltr'>dixerit,</span> <span class='ocrx_word' id='word_1_75' title='bbox 910 934 1245 988; x_wconf 88' lang='lat' dir='ltr'><strong>“Hypocritae,</strong></span> <span class='ocrx_word' id='word_1_76' title='bbox 1285 935 1442 975; x_wconf 89' lang='lat' dir='ltr'><strong>faciem</strong></span> <span class='ocrx_word' id='word_1_77' title='bbox 1480 934 1592 975; x_wconf 87' lang='lat' dir='ltr'><strong>caeli</strong></span> <span class='ocrx_word' id='word_1_78' title='bbox 1630 935 1773 976; x_wconf 90' lang='lat' dir='ltr'><strong>nostis</strong></span> 
     </span>
     <span class='ocr_line' id='line_1_11' title="bbox 272 996 1772 1052; baseline 0.001 -14"><span class='ocrx_word' id='word_1_79' title='bbox 272 996 529 1051; x_wconf 84' lang='lat' dir='ltr'><strong>dijudicare,</strong></span> <span class='ocrx_word' id='word_1_80' title='bbox 563 999 692 1051; x_wconf 86' lang='lat' dir='ltr'><strong>signa</strong></span> <span class='ocrx_word' id='word_1_81' title='bbox 728 1004 880 1039; x_wconf 89' lang='lat' dir='ltr'><strong>autem</strong></span> <span class='ocrx_word' id='word_1_82' title='bbox 914 998 1210 1051; x_wconf 87' lang='lat' dir='ltr'><strong>temporum‚’&#39;</strong></span> <span class='ocrx_word' id='word_1_83' title='bbox 1242 1011 1404 1051; x_wconf 84' lang='lat' dir='ltr'><strong>nempe</strong></span> <span class='ocrx_word' id='word_1_84' title='bbox 1436 999 1660 1040; x_wconf 87' lang='lat' dir='ltr'><strong>adventus</strong></span> <span class='ocrx_word' id='word_1_85' title='bbox 1699 999 1772 1052; x_wconf 92' lang='lat' dir='ltr'><strong>Ip-</strong></span> 
     </span>
     <span class='ocr_line' id='line_1_12' title="bbox 271 1061 1771 1116; baseline 0.001 -14"><span class='ocrx_word' id='word_1_86' title='bbox 271 1061 376 1110; x_wconf 81' lang='lat' dir='ltr'><strong>siu&#39;s,</strong></span> <span class='ocrx_word' id='word_1_87' title='bbox 404 1063 534 1103; x_wconf 88' lang='lat' dir='ltr'><strong>“non</strong></span> <span class='ocrx_word' id='word_1_88' title='bbox 561 1062 753 1115; x_wconf 89' lang='lat' dir='ltr'><strong>potestis</strong></span> <span class='ocrx_word' id='word_1_89' title='bbox 770 1061 805 1112; x_wconf 89' lang='lat'><strong>;”</strong></span> <span class='ocrx_word' id='word_1_90' title='bbox 830 1062 946 1116; x_wconf 89' lang='lat' dir='ltr'><strong>quia,</strong></span> <span class='ocrx_word' id='word_1_91' title='bbox 970 1063 1133 1102; x_wconf 87' lang='lat' dir='ltr'><strong>“natio</strong></span> <span class='ocrx_word' id='word_1_92' title='bbox 1160 1075 1298 1114; x_wconf 87' lang='lat' dir='ltr'><strong>prava</strong></span> <span class='ocrx_word' id='word_1_93' title='bbox 1323 1069 1369 1102; x_wconf 87' lang='lat' dir='ltr'><strong>et</strong></span> <span class='ocrx_word' id='word_1_94' title='bbox 1396 1062 1603 1102; x_wconf 89' lang='lat' dir='ltr'><strong>adultera</strong></span> <span class='ocrx_word' id='word_1_95' title='bbox 1615 1062 1632 1077; x_wconf 74' lang='lat'><strong>’³</strong></span> <span class='ocrx_word' id='word_1_96' title='bbox 1659 1069 1771 1111; x_wconf 88' lang='lat' dir='ltr'><strong>erat,</strong></span> 
     </span>
     <span class='ocr_line' id='line_1_13' title="bbox 272 1123 1772 1183; baseline 0.001 -19"><span class='ocrx_word' id='word_1_97' title='bbox 272 1136 436 1178; x_wconf 84' lang='lat' dir='ltr'><strong>nempe</strong></span> <span class='ocrx_word' id='word_1_98' title='bbox 458 1123 720 1183; x_wconf 80' lang='lat' dir='ltr'><strong>adulterans</strong></span> <span class='ocrx_word' id='word_1_99' title='bbox 747 1123 966 1174; x_wconf 87' lang='lat' dir='ltr'><strong>Verbum,</strong></span> <span class='ocrx_word' id='word_1_100' title='bbox 991 1125 1094 1165; x_wconf 92' lang='lat' dir='ltr'><strong>ideo</strong></span> <span class='ocrx_word' id='word_1_101' title='bbox 1120 1125 1237 1165; x_wconf 88' lang='lat' dir='ltr'>dixit</span> <span class='ocrx_word' id='word_1_102' title='bbox 1264 1124 1384 1178; x_wconf 89' lang='lat' dir='ltr'><strong>quod</strong></span> <span class='ocrx_word' id='word_1_103' title='bbox 1415 1128 1542 1165; x_wconf 89' lang='lat' dir='ltr'><strong>“non</strong></span> <span class='ocrx_word' id='word_1_104' title='bbox 1570 1125 1655 1165; x_wconf 90' lang='lat' dir='ltr'><strong>illis</strong></span> <span class='ocrx_word' id='word_1_105' title='bbox 1681 1126 1772 1179; x_wconf 87' lang='lat' dir='ltr'><strong>sig-</strong></span> 
     </span>
     <span class='ocr_line' id='line_1_14' title="bbox 273 1181 1345 1242; baseline 0.001 -15"><span class='ocrx_word' id='word_1_106' title='bbox 273 1199 380 1228; x_wconf 88' lang='lat' dir='ltr'><strong>num</strong></span> <span class='ocrx_word' id='word_1_107' title='bbox 406 1187 626 1229; x_wconf 84' lang='lat' dir='ltr'><strong>daretur.’&#39;</strong></span> <span class='ocrx_word' id='word_1_108' title='bbox 670 1181 753 1230; x_wconf 77' lang='lat' dir='ltr'><strong>&#39;Ut</strong></span> <span class='ocrx_word' id='word_1_109' title='bbox 779 1202 958 1242; x_wconf 89' lang='lat' dir='ltr'><strong>quoque</strong></span> <span class='ocrx_word' id='word_1_110' title='bbox 985 1188 1103 1242; x_wconf 90' lang='lat' dir='ltr'><strong>apud</strong></span> <span class='ocrx_word' id='word_1_111' title='bbox 1125 1187 1345 1237; x_wconf 84' lang='lat' dir='ltr'><strong>Marcum,</strong></span> 
     </span>
    </p>
   </div>
   <div class='ocr_carea' id='block_1_4' title="bbox 338 1283 1773 1457">
    <p class='ocr_par' dir='ltr' id='par_1_4' title="bbox 338 1283 1773 1457">
     <span class='ocr_line' id='line_1_15' title="bbox 338 1283 1773 1326; baseline 0.001 -10"><span class='ocrx_word' id='word_1_112' title='bbox 338 1285 358 1298; x_wconf 78' lang='lat'><strong>‘⁴</strong></span> <span class='ocrx_word' id='word_1_113' title='bbox 371 1283 552 1317; x_wconf 83' lang='lat' dir='ltr'>Pharisaei</span> <span class='ocrx_word' id='word_1_114' title='bbox 568 1290 762 1326; x_wconf 86' lang='lat' dir='ltr'><strong>coeperunt</strong></span> <span class='ocrx_word' id='word_1_115' title='bbox 778 1285 960 1326; x_wconf 82' lang='lat' dir='ltr'><strong>disputare</strong></span> <span class='ocrx_word' id='word_1_116' title='bbox 978 1295 1058 1317; x_wconf 89' lang='lat' dir='ltr'><strong>cum</strong></span> <span class='ocrx_word' id='word_1_117' title='bbox 1070 1284 1088 1296; x_wconf 92' lang='lat'>”</span> <span class='ocrx_word' id='word_1_118' title='bbox 1100 1284 1196 1326; x_wconf 88' lang='lat' dir='ltr'><strong>Jesu,</strong></span> <span class='ocrx_word' id='word_1_119' title='bbox 1210 1286 1450 1326; x_wconf 87' lang='lat' dir='ltr'><strong>“quaerentes</strong></span> <span class='ocrx_word' id='word_1_120' title='bbox 1467 1286 1512 1317; x_wconf 90' lang='lat' dir='ltr'><strong>ab</strong></span> <span class='ocrx_word' id='word_1_121' title='bbox 1531 1285 1615 1326; x_wconf 91' lang='lat' dir='ltr'><strong>Ipso</strong></span> <span class='ocrx_word' id='word_1_122' title='bbox 1629 1287 1773 1326; x_wconf 89' lang='lat' dir='ltr'><strong>signum</strong></span> 
     </span>
     <span class='ocr_line' id='line_1_16' title="bbox 446 1329 1773 1370; baseline 0.001 -10"><span class='ocrx_word' id='word_1_123' title='bbox 446 1337 467 1360; x_wconf 89' lang='lat' dir='ltr'><strong>e</strong></span> <span class='ocrx_word' id='word_1_124' title='bbox 495 1329 610 1361; x_wconf 84' lang='lat' dir='ltr'><strong>caelo.</strong></span> <span class='ocrx_word' id='word_1_125' title='bbox 624 1353 632 1361; x_wconf 92' lang='lat'><strong>.</strong></span> <span class='ocrx_word' id='word_1_126' title='bbox 647 1354 654 1361; x_wconf 94' lang='lat'>.</span> <span class='ocrx_word' id='word_1_127' title='bbox 674 1338 682 1367; x_wconf 88' lang='lat'>;</span> <span class='ocrx_word' id='word_1_128' title='bbox 710 1329 770 1370; x_wconf 93' lang='lat' dir='ltr'><strong>qui</strong></span> <span class='ocrx_word' id='word_1_129' title='bbox 791 1329 978 1370; x_wconf 84' lang='lat' dir='ltr'><strong>suspirans</strong></span> <span class='ocrx_word' id='word_1_130' title='bbox 998 1329 1125 1369; x_wconf 88' lang='lat' dir='ltr'><strong>spiritu</strong></span> <span class='ocrx_word' id='word_1_131' title='bbox 1151 1339 1216 1360; x_wconf 92' lang='lat' dir='ltr'><strong>suo</strong></span> <span class='ocrx_word' id='word_1_132' title='bbox 1241 1329 1340 1367; x_wconf 88' lang='lat' dir='ltr'>dixit,</span> <span class='ocrx_word' id='word_1_133' title='bbox 1361 1329 1456 1370; x_wconf 75' lang='lat' dir='ltr'><strong>Quid</strong></span> <span class='ocrx_word' id='word_1_134' title='bbox 1479 1330 1666 1370; x_wconf 87' lang='lat' dir='ltr'><strong>generatio</strong></span> <span class='ocrx_word' id='word_1_135' title='bbox 1686 1330 1773 1361; x_wconf 87' lang='lat' dir='ltr'><strong>haec</strong></span> 
     </span>
     <span class='ocr_line' id='line_1_17' title="bbox 446 1371 1773 1414; baseline 0.001 -10"><span class='ocrx_word' id='word_1_136' title='bbox 446 1371 591 1413; x_wconf 84' lang='lat' dir='ltr'><strong>signum</strong></span> <span class='ocrx_word' id='word_1_137' title='bbox 611 1373 771 1414; x_wconf 86' lang='lat' dir='ltr'><strong>quaerit?</strong></span> <span class='ocrx_word' id='word_1_138' title='bbox 816 1372 934 1404; x_wconf 85' lang='lat' dir='ltr'><strong>Amen</strong></span> <span class='ocrx_word' id='word_1_139' title='bbox 954 1373 1034 1405; x_wconf 90' lang='lat' dir='ltr'><strong>dico</strong></span> <span class='ocrx_word' id='word_1_140' title='bbox 1057 1373 1169 1411; x_wconf 92' lang='lat' dir='ltr'><strong>vobis,</strong></span> <span class='ocrx_word' id='word_1_141' title='bbox 1191 1382 1264 1404; x_wconf 92' lang='lat' dir='ltr'><strong>non</strong></span> <span class='ocrx_word' id='word_1_142' title='bbox 1285 1373 1428 1404; x_wconf 91' lang='lat' dir='ltr'><strong>dabitur</strong></span> <span class='ocrx_word' id='word_1_143' title='bbox 1446 1374 1672 1413; x_wconf 84' lang='lat' dir='ltr'><strong>generationi</strong></span> <span class='ocrx_word' id='word_1_144' title='bbox 1692 1374 1773 1405; x_wconf 90' lang='lat' dir='ltr'><strong>huic</strong></span> 
     </span>
     <span class='ocr_line' id='line_1_18' title="bbox 446 1415 886 1457; baseline 0 -9"><span class='ocrx_word' id='word_1_145' title='bbox 446 1416 590 1457; x_wconf 86' lang='lat' dir='ltr'><strong>signum</strong></span> <span class='ocrx_word' id='word_1_146' title='bbox 603 1415 622 1428; x_wconf 87' lang='lat'><strong>’&#39;</strong></span> <span class='ocrx_word' id='word_1_147' title='bbox 638 1416 724 1457; x_wconf 86' lang='lat' dir='ltr'><strong>(viii.</strong></span> <span class='ocrx_word' id='word_1_148' title='bbox 745 1425 794 1455; x_wconf 91' lang='lat'><strong>11,</strong></span> <span class='ocrx_word' id='word_1_149' title='bbox 814 1416 886 1457; x_wconf 92' lang='lat'>12):</span> 
     </span>
    </p>
   </div>
   <div class='ocr_carea' id='block_1_5' title="bbox 250 1513 1774 2267">
    <p class='ocr_par' dir='ltr' id='par_1_5' title="bbox 250 1513 1774 2267">
     <span class='ocr_line' id='line_1_19' title="bbox 271 1513 1772 1571; baseline 0.003 -16"><span class='ocrx_word' id='word_1_150' title='bbox 271 1513 392 1569; x_wconf 85' lang='lat' dir='ltr'><strong>quod</strong></span> <span class='ocrx_word' id='word_1_151' title='bbox 417 1515 633 1569; x_wconf 85' lang='lat' dir='ltr'><strong>“signum</strong></span> <span class='ocrx_word' id='word_1_152' title='bbox 644 1515 664 1530; x_wconf 91' lang='lat'><strong>’&#39;</strong></span> <span class='ocrx_word' id='word_1_153' title='bbox 686 1515 756 1557; x_wconf 92' lang='lat' dir='ltr'><strong>hic</strong></span> <span class='ocrx_word' id='word_1_154' title='bbox 780 1515 1006 1570; x_wconf 86' lang='lat' dir='ltr'><strong>significet</strong></span> <span class='ocrx_word' id='word_1_155' title='bbox 1030 1515 1417 1566; x_wconf 86' lang='lat' dir='ltr'><strong>testificationem,</strong></span> <span class='ocrx_word' id='word_1_156' title='bbox 1437 1531 1496 1558; x_wconf 87' lang='lat' dir='ltr'><strong>ex</strong></span> <span class='ocrx_word' id='word_1_157' title='bbox 1520 1531 1606 1571; x_wconf 87' lang='lat' dir='ltr'><strong>qua</strong></span> <span class='ocrx_word' id='word_1_158' title='bbox 1629 1519 1772 1559; x_wconf 89' lang='lat' dir='ltr'><strong>mani-</strong></span> 
     </span>
     <span class='ocr_line' id='line_1_20' title="bbox 270 1577 1772 1634; baseline 0.002 -15"><span class='ocrx_word' id='word_1_159' title='bbox 270 1577 384 1620; x_wconf 84' lang='lat' dir='ltr'><strong>feste</strong></span> <span class='ocrx_word' id='word_1_160' title='bbox 406 1579 587 1628; x_wconf 89' lang='lat' dir='ltr'><strong>scirent,</strong></span> <span class='ocrx_word' id='word_1_161' title='bbox 606 1586 911 1633; x_wconf 82' lang='lat' dir='ltr'><strong>agnoscerent</strong></span> <span class='ocrx_word' id='word_1_162' title='bbox 934 1586 981 1621; x_wconf 92' lang='lat' dir='ltr'><strong>et</strong></span> <span class='ocrx_word' id='word_1_163' title='bbox 1004 1580 1241 1621; x_wconf 88' lang='lat' dir='ltr'><strong>crederent</strong></span> <span class='ocrx_word' id='word_1_164' title='bbox 1264 1581 1383 1634; x_wconf 92' lang='lat' dir='ltr'><strong>quod</strong></span> <span class='ocrx_word' id='word_1_165' title='bbox 1409 1580 1628 1621; x_wconf 89' lang='lat' dir='ltr'><strong>Dominus</strong></span> <span class='ocrx_word' id='word_1_166' title='bbox 1651 1589 1772 1622; x_wconf 87' lang='lat' dir='ltr'><strong>esset</strong></span> 
     </span>
     <span class='ocr_line' id='line_1_21' title="bbox 250 1640 1771 1698; baseline 0.003 -16"><span class='ocrx_word' id='word_1_167' title='bbox 250 1646 254 1650; x_wconf 85' lang='grc'><strong>”</strong></span> <span class='ocrx_word' id='word_1_168' title='bbox 271 1640 463 1683; x_wconf 88' lang='lat' dir='ltr'><strong>Messias</strong></span> <span class='ocrx_word' id='word_1_169' title='bbox 480 1648 527 1683; x_wconf 91' lang='lat' dir='ltr'><strong>et</strong></span> <span class='ocrx_word' id='word_1_170' title='bbox 551 1641 689 1683; x_wconf 89' lang='lat' dir='ltr'><strong>Filius</strong></span> <span class='ocrx_word' id='word_1_171' title='bbox 708 1642 807 1692; x_wconf 87' lang='lat' dir='ltr'><strong>Dei,</strong></span> <span class='ocrx_word' id='word_1_172' title='bbox 828 1655 962 1696; x_wconf 90' lang='lat' dir='ltr'><strong>quem</strong></span> <span class='ocrx_word' id='word_1_173' title='bbox 985 1657 1043 1683; x_wconf 85' lang='lat' dir='ltr'><strong>ex</strong></span> <span class='ocrx_word' id='word_1_174' title='bbox 1063 1641 1414 1696; x_wconf 65' lang='lat' dir='ltr'><strong>predictionibus</strong></span> <span class='ocrx_word' id='word_1_175' title='bbox 1432 1644 1551 1697; x_wconf 86' lang='lat' dir='ltr'><strong>apud</strong></span> <span class='ocrx_word' id='word_1_176' title='bbox 1569 1644 1771 1698; x_wconf 73' lang='lat' dir='ltr'><strong>Prophe·</strong></span> 
     </span>
     <span class='ocr_line' id='line_1_22' title="bbox 271 1702 1772 1762; baseline 0.003 -16"><span class='ocrx_word' id='word_1_177' title='bbox 271 1710 344 1746; x_wconf 87' lang='lat' dir='ltr'><strong>tas</strong></span> <span class='ocrx_word' id='word_1_178' title='bbox 361 1702 686 1758; x_wconf 62' lang='lat' dir='ltr'><strong>expectabant,</strong></span> <span class='ocrx_word' id='word_1_179' title='bbox 706 1713 917 1747; x_wconf 84' lang='lat' dir='ltr'><strong>constare</strong></span> <span class='ocrx_word' id='word_1_180' title='bbox 941 1712 1094 1759; x_wconf 89' lang='lat' dir='ltr'><strong>potest</strong></span> <span class='ocrx_word' id='word_1_181' title='bbox 1117 1720 1176 1747; x_wconf 85' lang='lat' dir='ltr'><strong>ex</strong></span> <span class='ocrx_word' id='word_1_182' title='bbox 1200 1721 1268 1755; x_wconf 90' lang='lat' dir='ltr'><strong>eo,</strong></span> <span class='ocrx_word' id='word_1_183' title='bbox 1293 1707 1413 1760; x_wconf 92' lang='lat' dir='ltr'><strong>quod</strong></span> <span class='ocrx_word' id='word_1_184' title='bbox 1440 1709 1706 1762; x_wconf 83' lang='lat' dir='ltr'><strong>“suspirans</strong></span> <span class='ocrx_word' id='word_1_185' title='bbox 1728 1711 1772 1750; x_wconf 92' lang='lat' dir='ltr'><strong>in</strong></span> 
     </span>
     <span class='ocr_line' id='line_1_23' title="bbox 271 1768 1771 1825; baseline 0.003 -16"><span class='ocrx_word' id='word_1_186' title='bbox 271 1768 446 1822; x_wconf 80' lang='lat' dir='ltr'><strong>spiritu&#39;</strong></span> <span class='ocrx_word' id='word_1_187' title='bbox 461 1781 544 1810; x_wconf 89' lang='lat' dir='ltr'><strong>suo</strong></span> <span class='ocrx_word' id='word_1_188' title='bbox 575 1769 757 1819; x_wconf 86' lang='lat' dir='ltr'><strong>dixerit,</strong></span> <span class='ocrx_word' id='word_1_189' title='bbox 787 1768 908 1822; x_wconf 81' lang='lat' dir='ltr'><strong>Quid</strong></span> <span class='ocrx_word' id='word_1_190' title='bbox 941 1770 1178 1822; x_wconf 88' lang='lat' dir='ltr'><strong>generatio</strong></span> <span class='ocrx_word' id='word_1_191' title='bbox 1210 1770 1321 1810; x_wconf 86' lang='lat' dir='ltr'><strong>haec</strong></span> <span class='ocrx_word' id='word_1_192' title='bbox 1355 1771 1534 1823; x_wconf 84' lang='lat' dir='ltr'><strong>signum</strong></span> <span class='ocrx_word' id='word_1_193' title='bbox 1566 1773 1771 1825; x_wconf 88' lang='lat' dir='ltr'><strong>quaerit?</strong></span> 
     </span>
     <span class='ocr_line' id='line_1_24' title="bbox 271 1829 1773 1887; baseline 0.003 -15"><span class='ocrx_word' id='word_1_194' title='bbox 271 1829 425 1872; x_wconf 89' lang='lat' dir='ltr'><strong>Amen</strong></span> <span class='ocrx_word' id='word_1_195' title='bbox 457 1831 560 1873; x_wconf 91' lang='lat' dir='ltr'><strong>dico</strong></span> <span class='ocrx_word' id='word_1_196' title='bbox 592 1832 734 1882; x_wconf 91' lang='lat' dir='ltr'><strong>vobis,</strong></span> <span class='ocrx_word' id='word_1_197' title='bbox 764 1846 854 1873; x_wconf 91' lang='lat' dir='ltr'><strong>non</strong></span> <span class='ocrx_word' id='word_1_198' title='bbox 887 1832 1067 1873; x_wconf 90' lang='lat' dir='ltr'><strong>dabitur</strong></span> <span class='ocrx_word' id='word_1_199' title='bbox 1098 1834 1382 1886; x_wconf 85' lang='lat' dir='ltr'><strong>generationi</strong></span> <span class='ocrx_word' id='word_1_200' title='bbox 1414 1834 1514 1874; x_wconf 91' lang='lat' dir='ltr'><strong>huic</strong></span> <span class='ocrx_word' id='word_1_201' title='bbox 1541 1835 1719 1887; x_wconf 85' lang='lat' dir='ltr'><strong>signum</strong></span> <span class='ocrx_word' id='word_1_202' title='bbox 1738 1835 1773 1876; x_wconf 85' lang='lat'><strong>:”</strong></span> 
     </span>
     <span class='ocr_line' id='line_1_25' title="bbox 270 1894 1772 1944; baseline 0.002 -8"><span class='ocrx_word' id='word_1_203' title='bbox 270 1907 407 1936; x_wconf 89' lang='lat' dir='ltr'><strong>causa</strong></span> <span class='ocrx_word' id='word_1_204' title='bbox 422 1894 517 1944; x_wconf 86' lang='lat' dir='ltr'><strong>fuit,</strong></span> <span class='ocrx_word' id='word_1_205' title='bbox 537 1895 573 1936; x_wconf 86' lang='lat' dir='ltr'><strong>si</strong></span> <span class='ocrx_word' id='word_1_206' title='bbox 594 1909 655 1936; x_wconf 88' lang='lat' dir='ltr'><strong>ex</strong></span> <span class='ocrx_word' id='word_1_207' title='bbox 678 1895 806 1937; x_wconf 88' lang='lat' dir='ltr'><strong>caelo</strong></span> <span class='ocrx_word' id='word_1_208' title='bbox 829 1896 914 1936; x_wconf 93' lang='lat' dir='ltr'><strong>hoc</strong></span> <span class='ocrx_word' id='word_1_209' title='bbox 938 1895 1024 1936; x_wconf 91' lang='lat' dir='ltr'><strong>illis</strong></span> <span class='ocrx_word' id='word_1_210' title='bbox 1048 1896 1285 1937; x_wconf 89' lang='lat' dir='ltr'><strong>manifeste</strong></span> <span class='ocrx_word' id='word_1_211' title='bbox 1304 1896 1555 1938; x_wconf 87' lang='lat' dir='ltr'><strong>revelatum</strong></span> <span class='ocrx_word' id='word_1_212' title='bbox 1578 1905 1655 1939; x_wconf 89' lang='lat' dir='ltr'><strong>aut</strong></span> <span class='ocrx_word' id='word_1_213' title='bbox 1679 1898 1772 1939; x_wconf 93' lang='lat' dir='ltr'><strong>dic-</strong></span> 
     </span>
     <span class='ocr_line' id='line_1_26' title="bbox 269 1957 1772 2015; baseline 0.001 -16"><span class='ocrx_word' id='word_1_214' title='bbox 269 1963 368 1999; x_wconf 89' lang='lat' dir='ltr'><strong>tum</strong></span> <span class='ocrx_word' id='word_1_215' title='bbox 386 1957 555 2007; x_wconf 88' lang='lat' dir='ltr'><strong>fuisset,</strong></span> <span class='ocrx_word' id='word_1_216' title='bbox 575 1965 622 2000; x_wconf 89' lang='lat' dir='ltr'><strong>et</strong></span> <span class='ocrx_word' id='word_1_217' title='bbox 641 1959 702 2000; x_wconf 89' lang='lat' dir='ltr'><strong>sic</strong></span> <span class='ocrx_word' id='word_1_218' title='bbox 721 1960 919 2012; x_wconf 84' lang='lat' dir='ltr'><strong>persuasi</strong></span> <span class='ocrx_word' id='word_1_219' title='bbox 938 1960 1234 2012; x_wconf 87' lang='lat' dir='ltr'><strong>agnovissent</strong></span> <span class='ocrx_word' id='word_1_220' title='bbox 1253 1966 1299 2000; x_wconf 87' lang='lat' dir='ltr'><strong>et</strong></span> <span class='ocrx_word' id='word_1_221' title='bbox 1319 1960 1631 2009; x_wconf 89' lang='lat' dir='ltr'><strong>credidissent,</strong></span> <span class='ocrx_word' id='word_1_222' title='bbox 1651 1961 1772 2015; x_wconf 92' lang='lat' dir='ltr'><strong>quod</strong></span> 
     </span>
     <span class='ocr_line' id='line_1_27' title="bbox 270 2021 1772 2077; baseline 0.001 -14"><span class='ocrx_word' id='word_1_223' title='bbox 270 2036 410 2077; x_wconf 90' lang='lat' dir='ltr'><strong>usque</strong></span> <span class='ocrx_word' id='word_1_224' title='bbox 428 2028 589 2076; x_wconf 89' lang='lat' dir='ltr'><strong>postea</strong></span> <span class='ocrx_word' id='word_1_225' title='bbox 605 2021 810 2076; x_wconf 70' lang='lat' dir='ltr'><strong>rejecturi</strong></span> <span class='ocrx_word' id='word_1_226' title='bbox 827 2030 981 2064; x_wconf 88' lang='lat' dir='ltr'><strong>essent</strong></span> <span class='ocrx_word' id='word_1_227' title='bbox 1000 2037 1008 2074; x_wconf 86' lang='lat'>;</span> <span class='ocrx_word' id='word_1_228' title='bbox 1043 2030 1088 2064; x_wconf 90' lang='lat' dir='ltr'><strong>et</strong></span> <span class='ocrx_word' id='word_1_229' title='bbox 1108 2023 1288 2076; x_wconf 91' lang='lat' dir='ltr'><strong>rejicere</strong></span> <span class='ocrx_word' id='word_1_230' title='bbox 1307 2023 1351 2063; x_wconf 92' lang='lat' dir='ltr'><strong>id</strong></span> <span class='ocrx_word' id='word_1_231' title='bbox 1370 2030 1472 2076; x_wconf 88' lang='lat' dir='ltr'><strong>post</strong></span> <span class='ocrx_word' id='word_1_232' title='bbox 1491 2025 1772 2077; x_wconf 83' lang='lat' dir='ltr'><strong>agnitionem</strong></span> 
     </span>
     <span class='ocr_line' id='line_1_28' title="bbox 269 2084 1770 2139; baseline 0.001 -11"><span class='ocrx_word' id='word_1_233' title='bbox 269 2091 317 2128; x_wconf 89' lang='lat' dir='ltr'><strong>et</strong></span> <span class='ocrx_word' id='word_1_234' title='bbox 349 2084 483 2127; x_wconf 89' lang='lat' dir='ltr'><strong>fidem</strong></span> <span class='ocrx_word' id='word_1_235' title='bbox 515 2092 585 2127; x_wconf 87' lang='lat' dir='ltr'><strong>est</strong></span> <span class='ocrx_word' id='word_1_236' title='bbox 617 2086 867 2139; x_wconf 87' lang='lat' dir='ltr'><strong>profanare,</strong></span> <span class='ocrx_word' id='word_1_237' title='bbox 896 2093 942 2128; x_wconf 91' lang='lat' dir='ltr'><strong>et</strong></span> <span class='ocrx_word' id='word_1_238' title='bbox 975 2086 1313 2139; x_wconf 84' lang='lat' dir='ltr'><strong>profanatorum</strong></span> <span class='ocrx_word' id='word_1_239' title='bbox 1340 2101 1436 2127; x_wconf 89' lang='lat' dir='ltr'><strong>sors</strong></span> <span class='ocrx_word' id='word_1_240' title='bbox 1468 2096 1537 2128; x_wconf 89' lang='lat' dir='ltr'><strong>est</strong></span> <span class='ocrx_word' id='word_1_241' title='bbox 1570 2089 1770 2129; x_wconf 91' lang='lat' dir='ltr'><strong>omnium</strong></span> 
     </span>
     <span class='ocr_line' id='line_1_29' title="bbox 270 2148 1774 2204; baseline 0.002 -14"><span class='ocrx_word' id='word_1_242' title='bbox 270 2149 466 2204; x_wconf 88' lang='lat' dir='ltr'><strong>pessima</strong></span> <span class='ocrx_word' id='word_1_243' title='bbox 486 2150 530 2190; x_wconf 90' lang='lat' dir='ltr'><strong>in</strong></span> <span class='ocrx_word' id='word_1_244' title='bbox 557 2149 743 2191; x_wconf 89' lang='lat' dir='ltr'><strong>inferno.</strong></span> <span class='ocrx_word' id='word_1_245' title='bbox 805 2148 940 2203; x_wconf 82' lang='lat' dir='ltr'><strong>Quod</strong></span> <span class='ocrx_word' id='word_1_246' title='bbox 967 2150 1069 2191; x_wconf 91' lang='lat' dir='ltr'><strong>ideo</strong></span> <span class='ocrx_word' id='word_1_247' title='bbox 1097 2164 1187 2191; x_wconf 90' lang='lat' dir='ltr'><strong>non</strong></span> <span class='ocrx_word' id='word_1_248' title='bbox 1210 2150 1296 2191; x_wconf 88' lang='lat' dir='ltr'><strong>illis</strong></span> <span class='ocrx_word' id='word_1_249' title='bbox 1321 2151 1429 2192; x_wconf 89' lang='lat' dir='ltr'><strong>data</strong></span> <span class='ocrx_word' id='word_1_250' title='bbox 1455 2152 1512 2192; x_wconf 89' lang='lat' dir='ltr'><strong>sit</strong></span> <span class='ocrx_word' id='word_1_251' title='bbox 1536 2151 1774 2193; x_wconf 88' lang='lat' dir='ltr'><strong>manifesta</strong></span> 
     </span>
     <span class='ocr_line' id='line_1_30' title="bbox 270 2211 1586 2267; baseline 0.001 -13"><span class='ocrx_word' id='word_1_252' title='bbox 270 2211 532 2254; x_wconf 84' lang='lat' dir='ltr'><strong>testificatio</strong></span> <span class='ocrx_word' id='word_1_253' title='bbox 557 2219 582 2254; x_wconf 80' lang='lat' dir='ltr'><strong>e</strong></span> <span class='ocrx_word' id='word_1_254' title='bbox 607 2213 750 2262; x_wconf 88' lang='lat' dir='ltr'><strong>caelo,</strong></span> <span class='ocrx_word' id='word_1_255' title='bbox 778 2220 962 2255; x_wconf 89' lang='lat' dir='ltr'><strong>constat</strong></span> <span class='ocrx_word' id='word_1_256' title='bbox 989 2228 1048 2254; x_wconf 85' lang='lat' dir='ltr'><strong>ex</strong></span> <span class='ocrx_word' id='word_1_257' title='bbox 1077 2214 1144 2254; x_wconf 91' lang='lat' dir='ltr'><strong>his</strong></span> <span class='ocrx_word' id='word_1_258' title='bbox 1170 2214 1289 2267; x_wconf 91' lang='lat' dir='ltr'><strong>apud</strong></span> <span class='ocrx_word' id='word_1_259' title='bbox 1316 2214 1586 2264; x_wconf 70' lang='lat' dir='ltr'><strong>Jolcannem,</strong></span> 
     </span>
    </p>
   </div>
   <div class='ocr_carea' id='block_1_6' title="bbox 335 2311 1774 2399">
    <p class='ocr_par' dir='ltr' id='par_1_6' title="bbox 335 2311 1774 2399">
     <span class='ocr_line' id='line_1_31' title="bbox 335 2311 1774 2352; baseline 0.002 -8"><span class='ocrx_word' id='word_1_260' title='bbox 335 2311 577 2347; x_wconf 80' lang='lat' dir='ltr'><strong>“occaecavit</strong></span> <span class='ocrx_word' id='word_1_261' title='bbox 593 2313 716 2344; x_wconf 91' lang='lat' dir='ltr'><strong>oculos</strong></span> <span class='ocrx_word' id='word_1_262' title='bbox 736 2313 890 2351; x_wconf 85' lang='lat' dir='ltr'><strong>illorum,</strong></span> <span class='ocrx_word' id='word_1_263' title='bbox 908 2319 942 2345; x_wconf 90' lang='lat' dir='ltr'><strong>et</strong></span> <span class='ocrx_word' id='word_1_264' title='bbox 962 2313 1150 2345; x_wconf 86' lang='lat' dir='ltr'><strong>obduravit</strong></span> <span class='ocrx_word' id='word_1_265' title='bbox 1168 2314 1277 2345; x_wconf 89' lang='lat' dir='ltr'><strong>corda</strong></span> <span class='ocrx_word' id='word_1_266' title='bbox 1293 2314 1446 2352; x_wconf 86' lang='lat' dir='ltr'><strong>illorum,</strong></span> <span class='ocrx_word' id='word_1_267' title='bbox 1466 2325 1510 2345; x_wconf 91' lang='lat' dir='ltr'><strong>ne</strong></span> <span class='ocrx_word' id='word_1_268' title='bbox 1528 2315 1673 2347; x_wconf 83' lang='lat' dir='ltr'><strong>videant</strong></span> <span class='ocrx_word' id='word_1_269' title='bbox 1693 2325 1774 2348; x_wconf 88' lang='lat' dir='ltr'><strong>ocu-</strong></span> 
     </span>
     <span class='ocr_line' id='line_1_32' title="bbox 443 2356 1746 2399; baseline 0.002 -11"><span class='ocrx_word' id='word_1_270' title='bbox 443 2356 499 2396; x_wconf 89' lang='lat' dir='ltr'><strong>lis,</strong></span> <span class='ocrx_word' id='word_1_271' title='bbox 516 2362 552 2388; x_wconf 91' lang='lat' dir='ltr'><strong>et</strong></span> <span class='ocrx_word' id='word_1_272' title='bbox 566 2356 771 2398; x_wconf 87' lang='lat' dir='ltr'><strong>intelligant</strong></span> <span class='ocrx_word' id='word_1_273' title='bbox 786 2358 903 2396; x_wconf 90' lang='lat' dir='ltr'><strong>corde,</strong></span> <span class='ocrx_word' id='word_1_274' title='bbox 921 2364 956 2390; x_wconf 92' lang='lat' dir='ltr'><strong>et</strong></span> <span class='ocrx_word' id='word_1_275' title='bbox 973 2368 1011 2389; x_wconf 87' lang='lat' dir='ltr'><strong>se</strong></span> <span class='ocrx_word' id='word_1_276' title='bbox 1029 2364 1242 2390; x_wconf 90' lang='lat' dir='ltr'><strong>convertant</strong></span> <span class='ocrx_word' id='word_1_277' title='bbox 1259 2363 1294 2390; x_wconf 88' lang='lat' dir='ltr'><strong>et</strong></span> <span class='ocrx_word' id='word_1_278' title='bbox 1311 2368 1436 2390; x_wconf 90' lang='lat' dir='ltr'><strong>sanem</strong></span> <span class='ocrx_word' id='word_1_279' title='bbox 1455 2359 1536 2390; x_wconf 85' lang='lat' dir='ltr'><strong>illos</strong></span> <span class='ocrx_word' id='word_1_280' title='bbox 1550 2358 1567 2370; x_wconf 86' lang='lat'><strong>&#39;&#39;</strong></span> <span class='ocrx_word' id='word_1_281' title='bbox 1581 2359 1652 2399; x_wconf 90' lang='lat' dir='ltr'><strong>(xii.</strong></span> <span class='ocrx_word' id='word_1_282' title='bbox 1670 2361 1746 2399; x_wconf 86' lang='lat' dir='ltr'><strong>4o):</strong></span> 
     </span>
    </p>
   </div>
   <div class='ocr_carea' id='block_1_7' title="bbox 207 2458 1772 2830">
    <p class='ocr_par' dir='ltr' id='par_1_7' title="bbox 207 2458 1772 2830">
     <span class='ocr_line' id='line_1_33' title="bbox 271 2458 1771 2513; baseline 0.001 -14"><span class='ocrx_word' id='word_1_283' title='bbox 271 2461 357 2500; x_wconf 91' lang='lat' dir='ltr'><strong>“se</strong></span> <span class='ocrx_word' id='word_1_284' title='bbox 383 2463 649 2500; x_wconf 88' lang='lat' dir='ltr'><strong>convertere</strong></span> <span class='ocrx_word' id='word_1_285' title='bbox 675 2464 722 2500; x_wconf 91' lang='lat' dir='ltr'><strong>et</strong></span> <span class='ocrx_word' id='word_1_286' title='bbox 753 2459 901 2499; x_wconf 89' lang='lat' dir='ltr'><strong>sanari</strong></span> <span class='ocrx_word' id='word_1_287' title='bbox 916 2458 934 2474; x_wconf 91' lang='lat'><strong>’&#39;</strong></span> <span class='ocrx_word' id='word_1_288' title='bbox 960 2458 1030 2500; x_wconf 92' lang='lat' dir='ltr'><strong>hic</strong></span> <span class='ocrx_word' id='word_1_289' title='bbox 1058 2466 1128 2500; x_wconf 89' lang='lat' dir='ltr'><strong>est</strong></span> <span class='ocrx_word' id='word_1_290' title='bbox 1156 2459 1405 2513; x_wconf 89' lang='lat' dir='ltr'><strong>profanare,</strong></span> <span class='ocrx_word' id='word_1_291' title='bbox 1435 2460 1556 2513; x_wconf 89' lang='lat' dir='ltr'><strong>quod</strong></span> <span class='ocrx_word' id='word_1_292' title='bbox 1588 2459 1638 2501; x_wconf 88' lang='lat' dir='ltr'><strong>fit</strong></span> <span class='ocrx_word' id='word_1_293' title='bbox 1669 2473 1771 2501; x_wconf 91' lang='lat' dir='ltr'><strong>cum</strong></span> 
     </span>
     <span class='ocr_line' id='line_1_34' title="bbox 207 2522 1772 2577; baseline 0.001 -13"><span class='ocrx_word' id='word_1_294' title='bbox 207 2535 211 2538; x_wconf 67' lang='grc'><strong><em>’</em></strong></span> <span class='ocrx_word' id='word_1_295' title='bbox 267 2527 576 2576; x_wconf 85' lang='lat' dir='ltr'><strong>agnoscuntur</strong></span> <span class='ocrx_word' id='word_1_296' title='bbox 614 2535 723 2563; x_wconf 87' lang='lat' dir='ltr'><strong>vera</strong></span> <span class='ocrx_word' id='word_1_297' title='bbox 758 2529 804 2563; x_wconf 88' lang='lat' dir='ltr'><strong>et</strong></span> <span class='ocrx_word' id='word_1_298' title='bbox 850 2522 984 2572; x_wconf 89' lang='lat' dir='ltr'><strong>bona,</strong></span> <span class='ocrx_word' id='word_1_299' title='bbox 1024 2530 1070 2564; x_wconf 89' lang='lat' dir='ltr'><strong>et</strong></span> <span class='ocrx_word' id='word_1_300' title='bbox 1111 2524 1327 2576; x_wconf 88' lang='lat' dir='ltr'><strong>imprimis</strong></span> <span class='ocrx_word' id='word_1_301' title='bbox 1366 2537 1467 2564; x_wconf 92' lang='lat' dir='ltr'><strong>cum</strong></span> <span class='ocrx_word' id='word_1_302' title='bbox 1508 2525 1772 2577; x_wconf 86' lang='lat' dir='ltr'><strong>agnoscitur</strong></span> 
     </span>
     <span class='ocr_line' id='line_1_35' title="bbox 269 2585 1771 2641; baseline 0 -13"><span class='ocrx_word' id='word_1_303' title='bbox 269 2585 506 2635; x_wconf 89' lang='lat' dir='ltr'><strong>Dominus,</strong></span> <span class='ocrx_word' id='word_1_304' title='bbox 529 2592 575 2627; x_wconf 92' lang='lat' dir='ltr'><strong>et</strong></span> <span class='ocrx_word' id='word_1_305' title='bbox 602 2586 704 2627; x_wconf 91' lang='lat' dir='ltr'><strong>dein</strong></span> <span class='ocrx_word' id='word_1_306' title='bbox 730 2593 950 2639; x_wconf 85' lang='lat' dir='ltr'><strong>negatur;</strong></span> <span class='ocrx_word' id='word_1_307' title='bbox 983 2588 1047 2628; x_wconf 87' lang='lat' dir='ltr'><strong>ita</strong></span> <span class='ocrx_word' id='word_1_308' title='bbox 1067 2587 1223 2628; x_wconf 89' lang='lat' dir='ltr'><strong>suisset</strong></span> <span class='ocrx_word' id='word_1_309' title='bbox 1251 2588 1286 2627; x_wconf 93' lang='lat' dir='ltr'><strong>si</strong></span> <span class='ocrx_word' id='word_1_310' title='bbox 1310 2587 1469 2640; x_wconf 88' lang='lat' dir='ltr'><strong>Judaei</strong></span> <span class='ocrx_word' id='word_1_311' title='bbox 1492 2601 1570 2640; x_wconf 92' lang='lat' dir='ltr'><strong>per</strong></span> <span class='ocrx_word' id='word_1_312' title='bbox 1592 2588 1771 2641; x_wconf 85' lang='lat' dir='ltr'><strong>signum</strong></span> 
     </span>
     <span class='ocr_line' id='line_1_36' title="bbox 267 2650 1770 2693; baseline 0.001 -3"><span class='ocrx_word' id='word_1_313' title='bbox 267 2662 316 2690; x_wconf 89' lang='lat' dir='ltr'><strong>se</strong></span> <span class='ocrx_word' id='word_1_314' title='bbox 337 2650 647 2690; x_wconf 88' lang='lat' dir='ltr'><strong>converterint</strong></span> <span class='ocrx_word' id='word_1_315' title='bbox 673 2655 719 2691; x_wconf 91' lang='lat' dir='ltr'><strong>et</strong></span> <span class='ocrx_word' id='word_1_316' title='bbox 746 2651 894 2691; x_wconf 86' lang='lat' dir='ltr'><strong>sanati</strong></span> <span class='ocrx_word' id='word_1_317' title='bbox 919 2650 1081 2693; x_wconf 88' lang='lat' dir='ltr'><strong>fuerint</strong></span> <span class='ocrx_word' id='word_1_318' title='bbox 1102 2665 1110 2692; x_wconf 92' lang='lat'>:</span> <span class='ocrx_word' id='word_1_319' title='bbox 1148 2651 1338 2692; x_wconf 89' lang='lat' dir='ltr'><strong>“videre</strong></span> <span class='ocrx_word' id='word_1_320' title='bbox 1361 2651 1504 2692; x_wconf 91' lang='lat' dir='ltr'><strong>oculis</strong></span> <span class='ocrx_word' id='word_1_321' title='bbox 1527 2657 1573 2692; x_wconf 87' lang='lat' dir='ltr'><strong>et</strong></span> <span class='ocrx_word' id='word_1_322' title='bbox 1600 2650 1770 2692; x_wconf 89' lang='lat' dir='ltr'><strong>intelli—</strong></span> 
     </span>
     <span class='ocr_line' id='line_1_37' title="bbox 267 2711 1771 2767; baseline 0.001 -14"><span class='ocrx_word' id='word_1_323' title='bbox 267 2725 375 2766; x_wconf 87' lang='lat' dir='ltr'><strong>gere</strong></span> <span class='ocrx_word' id='word_1_324' title='bbox 401 2711 572 2754; x_wconf 88' lang='lat' dir='ltr'><strong>corde&#39;’</strong></span> <span class='ocrx_word' id='word_1_325' title='bbox 597 2711 822 2766; x_wconf 87' lang='lat' dir='ltr'><strong>significat</strong></span> <span class='ocrx_word' id='word_1_326' title='bbox 848 2715 1046 2767; x_wconf 89' lang='lat' dir='ltr'><strong>recipere</strong></span> <span class='ocrx_word' id='word_1_327' title='bbox 1074 2713 1309 2756; x_wconf 61' lang='lat' dir='ltr'><strong>intellecftu</strong></span> <span class='ocrx_word' id='word_1_328' title='bbox 1336 2721 1382 2756; x_wconf 86' lang='lat' dir='ltr'><strong>et</strong></span> <span class='ocrx_word' id='word_1_329' title='bbox 1411 2714 1664 2762; x_wconf 86' lang='lat' dir='ltr'><strong>voluntate,</strong></span> <span class='ocrx_word' id='word_1_330' title='bbox 1693 2728 1771 2755; x_wconf 89' lang='lat' dir='ltr'><strong>seu</strong></span> 
     </span>
     <span class='ocr_line' id='line_1_38' title="bbox 268 2774 1771 2830; baseline 0 -14"><span class='ocrx_word' id='word_1_331' title='bbox 268 2774 356 2816; x_wconf 86' lang='lat' dir='ltr'><strong>fide</strong></span> <span class='ocrx_word' id='word_1_332' title='bbox 383 2781 430 2817; x_wconf 89' lang='lat' dir='ltr'><strong>et</strong></span> <span class='ocrx_word' id='word_1_333' title='bbox 452 2788 606 2817; x_wconf 88' lang='lat' dir='ltr'><strong>amore</strong></span> <span class='ocrx_word' id='word_1_334' title='bbox 625 2789 634 2816; x_wconf 93' lang='lat'>:</span> <span class='ocrx_word' id='word_1_335' title='bbox 667 2790 727 2817; x_wconf 87' lang='lat' dir='ltr'><strong>ex</strong></span> <span class='ocrx_word' id='word_1_336' title='bbox 749 2775 820 2816; x_wconf 91' lang='lat' dir='ltr'><strong>his</strong></span> <span class='ocrx_word' id='word_1_337' title='bbox 834 2781 964 2829; x_wconf 87' lang='lat' dir='ltr'><strong>patet</strong></span> <span class='ocrx_word' id='word_1_338' title='bbox 978 2776 1099 2830; x_wconf 94' lang='lat' dir='ltr'><strong>quod</strong></span> <span class='ocrx_word' id='word_1_339' title='bbox 1117 2776 1366 2830; x_wconf 86' lang='lat' dir='ltr'><strong>“signum”</strong></span> <span class='ocrx_word' id='word_1_340' title='bbox 1381 2776 1606 2830; x_wconf 87' lang='lat' dir='ltr'><strong>significet</strong></span> <span class='ocrx_word' id='word_1_341' title='bbox 1628 2777 1771 2817; x_wconf 87' lang='lat' dir='ltr'><strong>mani—</strong></span> 
     </span>
    </p>
   </div>
   <div class='ocr_carea' id='block_1_8' title="bbox 267 2835 1773 2946">
    <p class='ocr_par' dir='ltr' id='par_1_8' title="bbox 267 2835 1773 2946">
     <span class='ocr_line' id='line_1_39' title="bbox 267 2835 1773 2887; baseline 0 -9"><span class='ocrx_word' id='word_1_342' title='bbox 267 2835 435 2878; x_wconf 73' lang='lat' dir='ltr'><strong>festam</strong></span> <span class='ocrx_word' id='word_1_343' title='bbox 470 2836 863 2879; x_wconf 72' lang='lat' dir='ltr'><strong>testificationem.</strong></span> <span class='ocrx_word' id='word_1_344' title='bbox 927 2849 994 2885; x_wconf 88' lang='lat' dir='ltr'><strong>(De</strong></span> <span class='ocrx_word' id='word_1_345' title='bbox 1016 2854 1101 2878; x_wconf 85' lang='lat' dir='ltr'><strong>sorte</strong></span> <span class='ocrx_word' id='word_1_346' title='bbox 1124 2850 1366 2887; x_wconf 84' lang='lat' dir='ltr'><strong>profanatorum</strong></span> <span class='ocrx_word' id='word_1_347' title='bbox 1390 2849 1536 2878; x_wconf 84' lang='lat' dir='ltr'><strong>videatur</strong></span> <span class='ocrx_word' id='word_1_348' title='bbox 1558 2849 1590 2878; x_wconf 90' lang='lat' dir='ltr'><strong>in</strong></span> <span class='ocrx_word' id='word_1_349' title='bbox 1615 2849 1773 2878; x_wconf 60' lang='lat' dir='ltr'><strong>Both-ina</strong></span> 
     </span>
     <span class='ocr_line' id='line_1_40' title="bbox 267 2891 1291 2946; baseline 0.003 -16"><span class='ocrx_word' id='word_1_350' title='bbox 267 2901 379 2931; x_wconf 83' lang='lat' dir='ltr'><strong>Novae</strong></span> <span class='ocrx_word' id='word_1_351' title='bbox 397 2901 690 2940; x_wconf 54' lang='lat' dir='ltr'><strong>Hierosolymam.</strong></span> <span class='ocrx_word' id='word_1_352' title='bbox 709 2902 793 2942; x_wconf 92' lang='lat'><em>172.)</em></span> <span class='ocrx_word' id='word_1_353' title='bbox 851 2891 993 2946; x_wconf 83' lang='lat' dir='ltr'><strong>Apud</strong></span> <span class='ocrx_word' id='word_1_354' title='bbox 1019 2891 1291 2941; x_wconf 68' lang='lat' dir='ltr'><strong>Jollannevi,</strong></span> 
     </span>
    </p>
   </div>
   <div class='ocr_carea' id='block_1_9' title="bbox 335 2975 1771 3075">
    <p class='ocr_par' dir='ltr' id='par_1_9' title="bbox 335 2975 1771 3075">
     <span class='ocr_line' id='line_1_41' title="bbox 335 2975 1770 3031; baseline 0.001 -12"><span class='ocrx_word' id='word_1_355' title='bbox 335 2983 547 3028; x_wconf 84' lang='lat' dir='ltr'><strong>1¹1Discipu1i</strong></span> <span class='ocrx_word' id='word_1_356' title='bbox 563 2975 730 3021; x_wconf 68' lang='lat' dir='ltr'><strong>dixerunt</strong></span> <span class='ocrx_word' id='word_1_357' title='bbox 746 2989 791 3021; x_wconf 89' lang='lat' dir='ltr'><strong>ad</strong></span> <span class='ocrx_word' id='word_1_358' title='bbox 807 2988 942 3031; x_wconf 83' lang='lat' dir='ltr'><strong>Jesum,</strong></span> <span class='ocrx_word' id='word_1_359' title='bbox 956 2990 974 3003; x_wconf 81' lang='lat'><strong>¹⁴</strong></span> <span class='ocrx_word' id='word_1_360' title='bbox 986 2989 1177 3030; x_wconf 78' lang='lat' dir='ltr'><strong>Quodnam</strong></span> <span class='ocrx_word' id='word_1_361' title='bbox 1195 2989 1282 3020; x_wconf 83' lang='lat' dir='ltr'><strong>facis</strong></span> <span class='ocrx_word' id='word_1_362' title='bbox 1297 2989 1349 3021; x_wconf 89' lang='lat' dir='ltr'><strong>Tu</strong></span> <span class='ocrx_word' id='word_1_363' title='bbox 1365 2989 1518 3030; x_wconf 86' lang='lat' dir='ltr'><strong>signum,</strong></span> <span class='ocrx_word' id='word_1_364' title='bbox 1533 2995 1571 3020; x_wconf 92' lang='lat' dir='ltr'><strong>ut</strong></span> <span class='ocrx_word' id='word_1_365' title='bbox 1585 2989 1770 3020; x_wconf 86' lang='lat' dir='ltr'><strong>videamus</strong></span> 
     </span>
     <span class='ocr_line' id='line_1_42' title="bbox 443 3032 1771 3075; baseline 0 -11"><span class='ocrx_word' id='word_1_366' title='bbox 443 3037 478 3064; x_wconf 89' lang='lat' dir='ltr'><strong>et</strong></span> <span class='ocrx_word' id='word_1_367' title='bbox 500 3032 687 3065; x_wconf 88' lang='lat' dir='ltr'><strong>credamus</strong></span> <span class='ocrx_word' id='word_1_368' title='bbox 707 3032 812 3066; x_wconf 83' lang='lat' dir='ltr'><strong>Tibi?</strong></span> <span class='ocrx_word' id='word_1_369' title='bbox 857 3033 950 3075; x_wconf 79' lang='lat' dir='ltr'><strong>Quid</strong></span> <span class='ocrx_word' id='word_1_370' title='bbox 976 3033 1162 3075; x_wconf 84' lang='lat' dir='ltr'><strong>operaris?</strong></span> <span class='ocrx_word' id='word_1_371' title='bbox 1210 3033 1334 3066; x_wconf 87' lang='lat' dir='ltr'><strong>Patres</strong></span> <span class='ocrx_word' id='word_1_372' title='bbox 1360 3034 1472 3065; x_wconf 83' lang='lat' dir='ltr'><strong>nostri</strong></span> <span class='ocrx_word' id='word_1_373' title='bbox 1498 3043 1633 3064; x_wconf 86' lang='lat' dir='ltr'><strong>manna</strong></span> <span class='ocrx_word' id='word_1_374' title='bbox 1652 3043 1771 3064; x_wconf 91' lang='lat' dir='ltr'><strong>come-</strong></span> 
     </span>
    </p>
   </div>
  </div>
 </body>
</html>
