2008 3458
392 355 503 408 2396
803 363 1134 396 APOCALYPSIS
1165 363 1462 397 EXPLICATA.

392 490 470 529 per
498 479 524 497 ‘¹
541 476 687 517 Deum
720 482 765 517 et
797 475 1014 528 Agnum”
1036 475 1079 516 in
1105 475 1380 528 Apocalypsi
1405 475 1684 529 intelligatur
1715 476 1873 518 Domi-

392 553 473 579 nus
495 539 642 592 quoad
667 539 817 591 Ipsum
841 539 1050 579 Divinum
1073 545 1118 580 et
1145 539 1273 579 simul
1296 539 1442 592 quoad
1466 539 1675 580 Divinum
1700 538 1872 580 Huma-

393 595 514 648 num,
537 601 745 640 videatur
769 613 903 652 supra
929 609 974 648 (n.
991 609 1086 651 297,
1108 610 1199 651 314.
1223 610 1315 651 343,
1334 599 1429 650 460,
1449 601 1563 650 482).

470 669 610 711 866.
633 678 738 716 [Vcrs.
759 679 802 717 5.]
838 668 916 708 “ft
932 667 971 707 1η
995 679 1066 708 oro
1085 668 1241 708 illorum
1265 680 1341 708 non
1365 672 1433 708 est
1457 668 1640 708 inventus
1662 667 1875 709 dolus.”-

391 730 524 783 Quod
543 729 766 782 significet
785 729 904 782 quod
914 736 1176 770 aversentur
1185 730 1380 782 cogitare
1392 736 1434 770 et
1443 729 1717 782 persuadere
1719 728 1868 781 falsa,

391 797 571 832 constat
598 805 657 831 ex
683 790 1008 843 significatione
1033 790 1197 838 “oris‚”
1223 790 1342 844 quod
1368 791 1425 831 sit
1452 791 1671 843 cogitatio
1695 796 1742 831 et
1767 789 1871 832 inde

390 851 586 905 loquela,
601 851 790 904 proinde
814 852 951 891 etiam
970 851 1201 904 persuasio
1217 861 1270 900 (de
1286 871 1350 898 qua
1364 871 1468 899 supra,
1482 871 1512 891 n.
1531 852 1622 903 580,
1637 851 1731 903 782,
1745 859 1870 903 794);

390 924 435 956 et
468 930 525 956 ex
559 915 884 968 significatione
913 914 1083 964 “doli,'’
1107 915 1225 968 quod
1263 916 1319 956 sit
1351 929 1409 955 ex
1441 915 1686 968 proposito,
1719 914 1783 955 ita
1812 927 1871 955 ex

390 979 642 1019 intentione
669 991 781 1031 quae
806 977 1054 1018 voluntatis
1079 976 1231 1018 fallere
1263 984 1308 1018 et
1336 978 1562 1026 seducere,
1589 977 1653 1018 ita
1682 990 1741 1018 ex
1773 976 1871 1018 ani-

391 1054 465 1081 mo
491 1041 691 1094 cogitare
723 1046 769 1080 et
795 1039 1062 1092 persuadere
1094 1039 1216 1086 falsa.
1246 1053 1357 1093 quae
1389 1040 1617 1080 hominem
1649 1039 1692 1080 in
1723 1045 1871 1080 aeter-

393 1116 497 1143 num
516 1102 708 1155 perdunt
725 1115 733 1142 :
762 1102 881 1156 quod
900 1101 1007 1143 talia
1023 1102 1140 1154 apud
1159 1102 1257 1142 illos
1278 1103 1349 1155 qui
1368 1116 1393 1142 a
1416 1102 1612 1143 Domino
1629 1101 1866 1150 ducuntur,

392 1180 469 1206 seu
502 1166 653 1218 Ipsum
685 1171 942 1218 sequuntur,
977 1178 1065 1205 non
1097 1165 1199 1213 sint,
1228 1164 1502 1217 significatur
1533 1177 1611 1217 per
1640 1163 1759 1218 quod
1788 1164 1871 1204 “in

394 1242 469 1269 ore
491 1227 666 1268 illorum
694 1241 782 1267 non
809 1227 1059 1267 inveniatur
1080 1227 1209 1267 dolus
1227 1227 1260 1277 ;'’
1287 1240 1390 1267 nam
1415 1227 1633 1267 Dominus
1655 1232 1724 1267 est
1746 1226 1870 1267 Divi·
1908 1224 1913 1230 ”

392 1303 496 1331 num
525 1290 695 1331 Verum
728 1291 899 1330 unitum
932 1290 1095 1330 Divino
1128 1290 1281 1340 Bono;
1315 1290 1357 1330 in
1389 1290 1473 1330 hoc
1505 1296 1550 1331 et
1581 1290 1626 1330 in
1657 1289 1735 1331 illo
1766 1296 1872 1331 sunt

392 1366 547 1394 omnes
574 1353 646 1406 qui
671 1354 714 1393 in
747 1352 942 1393 Domino
968 1358 1086 1400 sunt,
1120 1353 1192 1405 qui
1223 1359 1326 1393 sunt
1359 1353 1430 1405 qui
1461 1358 1716 1405 agnoscunt
1747 1351 1872 1393 Divi-

393 1429 497 1455 num
522 1415 779 1455 Humanum
807 1415 963 1467 Ipsius,
983 1421 1028 1455 et
1050 1414 1217 1455 faciunt
1241 1422 1480 1467 praecepta
1504 1415 1671 1468 Ipsius;
1703 1421 1749 1456 et
1771 1416 1873 1469 quia

393 1478 592 1530 cogitare
618 1477 729 1518 falsa
754 1484 822 1518 est
849 1484 1007 1518 contra
1034 1477 1243 1525 Divinum
1268 1477 1451 1525 Verum,
1476 1491 1526 1517 ac
1552 1477 1668 1518 velle
1691 1491 1871 1530 persua-

392 1539 496 1580 dere
522 1539 598 1579 illa
623 1545 692 1580 est
719 1546 878 1580 contra
909 1539 1120 1580 Divinum
1149 1539 1336 1586 Bonum,
1365 1540 1465 1580 ideo
1496 1547 1760 1581 aversantur
1782 1539 1871 1582 illa.

393 1600 510 1654 Quid
527 1608 760 1654 praeterea
774 1606 798 1622 “
811 1602 938 1643 dolus
951 1602 1022 1642 ”in
1035 1601 1188 1643 Verbo
1203 1602 1439 1655 significat,
1454 1609 1660 1643 constare
1678 1609 1829 1655 potest
1847 1617 1873 1644 a

392 1664 501 1705 locis
523 1664 595 1713 ibi,
615 1665 688 1705 ubi
712 1665 898 1716 dicitur;
932 1671 980 1706 ut
1003 1666 1046 1705 in
1069 1665 1358 1718 sequentibus
1375 1665 1583 1718 :—Apud
1605 1665 1870 1715 Johannem,

455 1759 559 1800 Jesus
579 1760 668 1791 dixit
687 1760 730 1791 de
752 1759 972 1791 Nathanaele
989 1761 1155 1791 veniente
1175 1760 1219 1791 ad
1239 1760 1293 1798 Se,
1314 1761 1332 1774 ‘⁴
1345 1759 1434 1791 Ecce
1451 1770 1534 1791 vere
1555 1759 1726 1798 Israelita,
1743 1761 1779 1792 in
1799 1770 1870 1802 quo

563 1803 666 1834 dolus
684 1813 756 1834 non
774 1803 855 1835 est”
869 1803 903 1843 (i.
920 1804 962 1842 48
981 1801 1040 1845 [B.
1054 1801 1204 1845 A.47]):

392 1910 469 1949 per
497 1897 817 1938 “Israelitam'‘
844 1897 1120 1950 significatur
1144 1898 1216 1950 qui
1243 1898 1286 1937 in
1312 1898 1432 1938 bono
1459 1898 1688 1939 charitatis
1714 1903 1797 1946 est,
1824 1903 1872 1940 et

392 1973 450 1999 ex
476 1959 555 2000 illo
579 1961 622 2000 in
650 1961 778 2008 veris,
807 1960 870 2000 ita
895 1961 968 2013 qui
999 1961 1043 2000 in
1069 1961 1183 2000 veris
1209 1974 1267 2001 ex
1301 1960 1448 2010 bono;
1486 1960 1530 2000 hi
1561 1973 1737 2013 quoque
1767 1964 1872 2000 sunt

392 2022 463 2074 qui
507 2022 821 2075 intelliguntur
865 2036 944 2074 per
986 2026 1205 2063 “centum
1251 2029 1297 2063 et
1343 2022 1640 2075 quadraginta
1682 2027 1873 2075 quatuor

392 2083 559 2124 millia”
576 2085 648 2137 qui
675 2091 920 2138 sequuntur
943 2085 1199 2133 Dominum,
1224 2086 1303 2125 “in
1326 2098 1512 2138 quorum
1535 2098 1609 2126 ore
1631 2097 1721 2125 non
1747 2084 1871 2124 inve-

393 2147 510 2186 nitur
540 2147 668 2186 dolus
691 2147 723 2197 ;”
760 2161 894 2200 quare
926 2148 984 2188 ibi
1016 2161 1094 2200 per
1122 2147 1312 2188 “dolum
1325 2147 1342 2162 ”
1365 2147 1523 2187 similia
1553 2145 1870 2200 significantur.

394 2208 532 2260 Apud
557 2209 845 2261 Zephanz‘am,

458 2297 476 2311 “
488 2296 672 2338 Reliquiae
691 2297 834 2328 Israelis
859 2307 931 2328 non
949 2297 1079 2329 facient
1096 2298 1375 2338 perversitatem,
1394 2307 1507 2338 neque
1524 2297 1711 2338 loquentur
1727 2296 1872 2328 menda-

564 2342 666 2379 cium¹
685 2351 798 2382 neque
815 2341 1015 2372 invenietur
1032 2341 1067 2372 in
1086 2351 1146 2372 ore
1163 2341 1303 2372 illorum
1322 2342 1442 2381 lingua
1458 2340 1559 2371 doli¹¹
1577 2340 1637 2380 (iii.
1658 2341 1729 2380 13):

393 2442 471 2481 per
505 2429 748 2483 “reliquias
781 2429 957 2469 Israelis
970 2428 988 2443 ’'
1019 2429 1331 2481 intelliguntur
1363 2429 1434 2481 qui
1465 2429 1508 2468 in
1540 2427 1625 2468 fide
1655 2426 1871 2480 spirituali

393 2497 510 2540 sunt,
535 2493 635 2544 quia
657 2493 700 2532 in
723 2493 843 2532 bono
865 2492 1109 2540 charitatis,
1135 2492 1335 2531 similiter
1357 2505 1406 2531 ac
1432 2504 1562 2543 supra
1583 2504 1661 2544 per
1679 2494 1870 2531 “verum

394 2554 643 2595 Israelitam
661 2555 694 2595 :’'
721 2568 797 2607 per
815 2554 973 2607 “loqui
992 2554 1271 2594 mendacium
1285 2554 1302 2568 ”
1316 2553 1590 2605 significatur
1612 2553 1773 2594 docere
1790 2553 1870 2594 fal-

393 2630 489 2657 sum
512 2631 570 2657 ex
589 2618 841 2670 ignorantia
858 2617 948 2657 veri
966 2631 974 2667 ;
1008 2622 1054 2657 at
1073 2630 1150 2669 per
1169 2620 1193 2636 “
1207 2616 1358 2656 dolum
1371 2616 1388 2631 ”
1407 2615 1680 2669 significatur
1696 2616 1868 2664 salsum,
1930 2639 1935 2641 -

393 2677 519 2719 [¹¹n0n
546 2693 604 2719 ex
631 2679 886 2732 ignorantia
911 2679 1016 2728 veri,
1041 2679 1118 2719 sed
1145 2693 1203 2719 ex
1229 2678 1450 2726 consulto,
1470 2679 1532 2719 ita
1557 2692 1614 2718 ex
1641 2679 1870 2731 proposito

392 2741 588 2791 fallendi,
623 2743 736 2783 sicut
770 2749 840 2783 est
876 2742 994 2795 apud
1034 2742 1204 2794 impios.
1266 2740 1477 2782 Similiter
1508 2741 1551 2781 in
1582 2740 1870 2795 sequentibus

393 2805 528 2845 locis:

457 2893 566 2925 “Non
583 2893 789 2924 violentiam
806 2893 897 2941 fecit,
916 2902 979 2925 nec
996 2892 1098 2925 dolus
1116 2893 1151 2924 in
1169 2902 1229 2924 ore
1248 2891 1363 2933 Ipsius
1376 2892 1393 2903 '¹
1411 2892 1521 2932 (Esai.
1539 2891 1599 2924 liii.
1616 2892 1672 2932 9);

392 2975 452 3016 ibi
478 2975 533 3015 de
561 2975 770 3015 Domino.
