2054 3464
580 366 688 400 CAP.
709 364 812 407 x11.,
836 365 976 398 VERS.
1003 366 1148 410 5.—N.
1172 356 1350 411 724[a'].
1611 367 1718 412 1997

86 488 99 526 ἶ
144 458 155 506 Ῐ
217 479 521 534 congregatio
560 478 655 532 ejus
695 491 850 520 coram
892 478 969 520 Me
1009 478 1301 527 constabit‚”>
1326 477 1555 532 significat
1595 478 1719 531 quod

109 558 128 583 κ
179 541 187 554 ”
209 538 326 585 'vera
349 542 574 585 ecclesiae
598 541 749 584 futura
774 542 1041 596 sicutapud
1068 543 1297 595 antiquos,
1325 547 1371 582 et
1397 541 1520 594 quod
1544 540 1719 581 formae

217 618 377 648 eorum
412 606 457 647 in
493 610 619 646 sarta
652 603 990 658 conjunctione,
1023 605 1139 646 sicut
1176 604 1296 658 apud
1334 604 1439 644 illos
1476 616 1719 644 mansurae

64 652 69 661 ⁴
215 669 310 711 sint
325 682 341 720 ς.
370 667 488 711 “filii
499 667 520 684 ”
541 668 602 709 ibi
624 673 731 708 sunt
753 681 878 716 vera,
897 674 944 708 et
965 672 991 688 “
1008 666 1347 721 congregatio‘’
1365 673 1436 707 est
1459 665 1720 719 conjunctio

123 766 126 773 .
151 727 153 729 ¹
215 730 374 781 eorum
404 737 453 773 et
483 731 724 785 dispositio
754 731 799 771 in
829 730 1016 779 formas,
1049 730 1195 784 qualis
1227 736 1298 770 est
1330 730 1451 783 apud
1482 729 1719 770 hominem

215 793 440 838 ecclesiae
468 793 513 835 in
544 792 801 841 intellectu,
825 793 946 834 unde
978 794 1017 834 ei
1049 793 1390 846 intelligentia;
1428 792 1719 833 “secundum

191 856 424 961 '‘ssorem„
453 863 502 898 et
536 856 738 911 “[sicut]
771 856 883 898 olim
899 856 919 872 ''
952 863 1023 898 est
1060 858 1176 898 sicut
1212 857 1332 910 apud
1369 857 1596 910 antiquos.
1666 855 1720 896 In

159 922 165 929 ²
257 918 430 970 strenis,
535 960 537 962 ,

284 1006 449 1050 ”Oculus
462 1017 564 1040 meus
577 1008 762 1040 descendit
774 1008 887 1049 aquis,
902 1008 986 1049 quia
998 1008 1121 1048 procul
1135 1014 1190 1039 est
1206 1018 1227 1038 a
1243 1017 1300 1038 me
1314 1007 1540 1038 consiliarius
1554 1016 1720 1038 recreans

333 1060 339 1067 ,
390 1052 718 1136 ¹aluitt-iar'rismltzszm;
747 1050 833 1084 iacti
853 1058 938 1084 sunt
961 1052 1022 1083 filii
1047 1052 1117 1083 mei
1141 1052 1327 1090 devastati,
1349 1061 1392 1082 eo
1412 1052 1506 1092 quod
1531 1051 1722 1083 invaluerit

417 1102 507 1129 osus
566 1106 586 1128 ι.
673 1107 680 1128 1

164 1226 165 1229 ,
215 1180 580 1237 Ιὶιᾶυςρτορῒει·
601 1182 723 1239 quod
749 1183 996 1224 devastata
1022 1183 1080 1223 sit
1106 1183 1318 1231 ecclesia,
1342 1181 1619 1235 intelligitur
1640 1195 1720 1235 per

126 1258 134 1268 ²
176 1245 339 1300 *quod
377 1245 574 1287 “ocul-us
619 1259 748 1286 meus
792 1245 1050 1286 descendat
1095 1246 1224 1299 aquis
1242 1245 1277 1295 ;”
1316 1245 1582 1286 devastatio
1625 1243 1720 1296 ejus

215 1308 369 1364 quoad
386 1322 496 1350 vera
517 1308 801 1362 significatur
822 1322 902 1363 per
919 1309 1041 1363 quod
1063 1308 1179 1349 “filii
1200 1307 1305 1350 sacti
1327 1309 1417 1349 sint
1436 1303 1707 1360 devastatit?

171 1412 174 1420 ,
215 1372 340 1426 quod
369 1371 414 1413 id
444 1385 526 1427 per
555 1372 670 1413 salsa
702 1371 826 1422 mali,
857 1371 1139 1425 significatur
1168 1385 1248 1425 per
1279 1372 1401 1425 quod
1436 1372 1719 1414 “invaluerit

214 1432 365 1475 hostis
383 1433 419 1486 ;'’
451 1434 640 1476 “hostis
653 1435 673 1450 ’'
695 1441 766 1476 est
790 1435 956 1476 falsum
979 1435 1101 1483 mali,
1126 1448 1177 1476 ac
1200 1435 1424 1475 infernum
1447 1435 1568 1476 unde
1591 1435 1718 1477 illud.

215 1562 222 1566 ·
263 1496 365 1552 [ὦ]
403 1497 550 1552 'Apud
574 1497 784 1547 Esaiam,

281 1585 485 1626 “Excitare‚
510 1587 676 1626 excitare,
697 1597 804 1628 surge
831 1587 1099 1628 Hierosolyma,
1120 1597 1210 1628 quae
1234 1587 1354 1620 bibisti
1379 1597 1398 1619 e
1423 1597 1533 1619 manu
1557 1587 1718 1629 Jehovae

389 1631 535 1662 calicem
562 1631 635 1662 irae
658 1631 748 1672 ejus,
772 1631 891 1663 faeces
916 1632 1035 1663 calicis
1054 1632 1318 1672 trepidationis.
1334 1631 1542 1670 .exsuxisti;
1561 1641 1632 1662 non
1659 1631 1718 1672 qui

387 1674 485 1707 ducit
515 1684 595 1707 eam
623 1675 668 1707 de
695 1676 864 1707 omnibus
894 1675 974 1707 filiis
1003 1685 1093 1716 quos
1122 1676 1270 1716 peperit,
1297 1685 1362 1706 nec
1391 1675 1450 1716 qui
1478 1675 1718 1716 apprehendit

389 1727 536 1750 manum
551 1718 630 1760 ejus
643 1719 688 1751 de
701 1720 869 1751 omnibus
883 1719 965 1751 filiis
977 1729 1067 1760 quos
1081 1720 1246 1751 educavit
1260 1729 1283 1755 ;.
1298 1744 1305 1751 .
1320 1743 1327 1751 .
1343 1719 1420 1751 ,filii
1434 1719 1485 1750 tui
1498 1719 1718 1756 defecerunt,

388 1761 577 1803 jacuerunt
593 1762 630 1794 in
649 1763 765 1804 capite
783 1764 945 1794 omnium
967 1763 1166 1804 platearum
1180 1762 1197 1774 ’'
1215 1763 1262 1803 (li.
1284 1771 1333 1801 17,
1354 1764 1403 1802 18,
1422 1761 1533 1803 [¹¹20):

212 1857 491 1899 restauratio
521 1857 745 1898 ecclesiae
775 1857 974 1910 quaein
1011 1870 1135 1897 mere
1171 1857 1287 1898 salsa
1324 1857 1432 1897 mali
1470 1857 1598 1910 lapsa
1629 1863 1715 1907 est,

212 1919 498 1974 significatur
527 1933 608 1974 per
635 1919 918 1970 “Excitare‚
945 1922 1169 1969 excitare,
1202 1934 1338 1974 surge
1371 1920 1715 1974 Hierosolyma,

211 1982 508 2037 quaes-bibisti
529 1996 554 2025 e
577 1996 716 2024 manu
729 1982 936 2037 Jehovae
952 1984 1144 2024 calicem
1162 1985 1255 2024 irae
1271 1984 1381 2038 ejus,
1395 1983 1545 2025 faeces
1561 1983 1716 2026 calicis

212 2045 537 2100 trepidationis
549 2048 781 2088 exsuxisti
801 2047 835 2098 ;'’
853 2052 878 2069 “
894 2047 1223 2101 Hierosolyma
1236 2047 1255 2062 ''
1268 2054 1338 2088 est
1355 2048 1553 2088 ecclesia
1565 2048 1716 2102 quoad

213 2107 499 2160 defitrinam3
534 2111 783 2151 “excitare
796 2110 816 2125 '’
841 2117 888 2152 et
917 2115 1142 2164 “surgere
1155 2110 1175 2125 ‘⁷
1200 2117 1270 2152 est
1302 2112 1579 2152 restauratio
1605 2110 1715 2164 ejus,

215 2170 412 2215 “bibere
449 2171 643 2214 calicem
684 2173 810 2214 irae”
840 2179 912 2215 est
951 2173 1132 2221 salsum,
1163 2173 1353 2215 “faeces
1393 2174 1546 2215 calicis
1560 2173 1580 2189 ”
1610 2181 1716 2215 sunt

213 2247 339 2277 mere
368 2234 483 2276 falsa
510 2248 571 2276 ex
597 2237 760 2290 quibus
791 2237 928 2286 mala,
955 2237 1035 2278 illa
1060 2237 1297 2278 attrahere
1322 2237 1607 2290 significatur
1637 2252 1718 2291 per

214 2296 447 2340 “bibere’'
468 2306 516 2341 et
541 2303 809 2354 “exsugere
828 2300 863 2342 :”
892 2305 1023 2342 “non
1046 2301 1121 2354 qui
1142 2301 1267 2342 ducit
1295 2314 1395 2342 eam
1422 2301 1478 2342 de
1505 2302 1717 2343 omnibus

99 2356 115 2391 -‘²
142 2399 163 2424 a.
212 2360 314 2405 filiis
339 2377 455 2417 quos
485 2364 681 2418 peperit,
709 2377 793 2405 nec
819 2364 896 2418 qui
926 2364 1236 2418 apprehendit
1267 2377 1452 2404 manum
1479 2364 1536 2405 de
1568 2366 1716 2405 omni-

212 2424 296 2466 bus
334 2425 436 2468 filiis
474 2441 589 2481 quos
628 2426 886 2474 educavit,”
923 2426 1153 2480 significat
1190 2427 1312 2481 quod
1350 2427 1477 2468 nulla
1513 2441 1623 2468 vera
1655 2442 1731 2469 ex

214 2486 374 2531 Verbo
394 2503 510 2544 quae
532 2491 693 2531 didicit
716 2496 763 2531 et
786 2489 937 2531 hausit
960 2504 986 2531 a
1006 2490 1133 2531 salsis
1155 2490 1281 2530 illam
1305 2490 1505 2532 abducat
1524 2505 1533 2541 ;
1569 2490 1716 2531 “filii''
1756 2515 1765 2525 ι

211 2549 275 2595 ibi
306 2558 415 2593 sunt
449 2567 583 2594 vera:
619 2552 738 2594 “filii
779 2554 845 2594 tui
882 2551 1165 2602 defecerunt,
1198 2553 1440 2606 jacuerunt
1479 2554 1524 2594 in
1563 2554 1716 2608 capite

212 2616 415 2657 omnium
453 2615 753 2670 platearum‚”
791 2616 1019 2670 significat
1052 2617 1174 2670 quod
1213 2631 1322 2657 vera
1356 2618 1580 2670 dissipata
1623 2618 1715 2658 sint

213 2692 294 2733 per
317 2680 467 2720 omnis
491 2680 677 2733 generis
699 2679 840 2731 falsa;
873 2681 978 2734 quia
1005 2680 1121 2721 “filii
1135 2679 1155 2695 ”
1177 2686 1283 2721 sunt
1312 2695 1431 2729 vera,
1459 2694 1540 2734 per
1565 2680 1716 2721 “defi-

212 2754 317 2783 cere
328 2741 350 2759 ''
366 2741 651 2796 significatur
667 2743 893 2797 dissipari,
910 2750 957 2785 et
975 2757 1056 2797 per
1073 2743 1260 2797 “jacere
1278 2744 1321 2784 in
1340 2745 1493 2797 capite
1511 2745 1715 2784 omnium

213 2804 472 2859 platearum
485 2805 504 2821 '⁸
521 2806 806 2860 significatur
826 2820 907 2860 per
928 2807 1043 2848 salsa
1065 2807 1214 2848 omnis
1236 2808 1432 2860 generis,
1455 2807 1679 2860 “plateae
1695 2807 1716 2823 ’'

213 2866 336 2909 enim
363 2868 557 2910 “urbis”
582 2868 845 2923 significant
876 2869 1150 2911 doctrinalia
1180 2884 1302 2920 vera,
1334 2870 1406 2911 hic
1439 2870 1715 2911 doctrinalia

212 2929 343 2971 salsa.
401 2920 543 2985 Apud
568 2932 782 2982 eundem,
1718 2985 1729 3020 ι

276 3023 361 3057 “Ne
385 3024 543 3065 timeto,”
564 3025 700 3068 Jacob„
714 3052 721 3060 .
736 3052 744 3060 .
757 3027 850 3060 .“ab
870 3027 1007 3060 oriente
1028 3028 1202 3062 adducam
1223 3037 1346 3061 semen
1368 3034 1477 3067 tuum,
1498 3034 1534 3061 et
1553 3029 1598 3061 ab
1622 3027 1715 3060 occi-
