2008 3458
389 357 500 400 2260
801 364 1132 398 APOCALYPSIS
1163 364 1461 397 EXPLICATA.

387 478 444 519 sit
480 478 662 527 homini,
697 483 766 518 est
799 477 901 530 quia
937 483 1006 518 est
1043 491 1102 518 ex
1136 476 1306 518 influxu
1338 476 1477 528 caeli;
1519 476 1563 517 in
1596 475 1723 518 caelo
1758 476 1874 519 eni'm

387 554 521 581 nemo
548 547 700 593 potest
728 542 929 592 cogitare
962 540 1017 580 de
1051 539 1150 580 Deo
1176 540 1257 580 nisi
1289 540 1333 580 in
1365 539 1507 580 forma
1534 539 1771 590 Humana;
1809 539 1876 580 sin

388 603 532 652 aliter,
567 604 681 655 perit
718 604 757 643 ei
789 602 1010 655 cogitatio
1047 602 1102 643 de
1144 603 1257 652 Deo,
1290 609 1335 644 et
1375 604 1469 655 ipse
1503 602 1624 643 cadit
1659 616 1683 643 e
1723 601 1877 652 caelo3

388 680 522 706 causa
557 672 640 714 est,
674 666 775 718 quia
805 665 946 706 forma
977 665 1088 706 caeli
1119 671 1190 706 est
1226 665 1367 706 forma
1406 666 1618 714 humana,
1651 671 1698 706 et
1734 664 1878 705 omnis

388 729 606 781 cogitatio
632 727 896 780 angelorum
922 728 1048 769 vadit
1076 728 1322 769 secundum
1349 728 1537 769 formam
1564 727 1701 769 caeli:
1735 733 1781 768 et
1807 733 1877 768 ta-

388 804 490 831 men
522 791 631 831 haec
664 791 764 831 idea
796 791 851 830 de
886 791 998 839 Deo,
1033 804 1144 844 quae
1179 797 1249 831 est
1281 791 1535 844 principalis
1567 790 1780 838 omnium,
1807 794 1879 831 est

388 853 504 905 apud
530 853 727 894 eruditos
753 853 905 893 mundi
931 853 1063 894 hodie
1095 854 1220 906 quasi
1250 854 1516 906 exstirpata,
1545 853 1659 893 adeo
1690 858 1740 894 ut
1771 851 1878 893 dum

389 916 526 956 modo
549 916 709 956 dicitur
727 916 845 969 quod
865 915 988 956 Deus
1010 916 1067 956 sit
1095 915 1261 965 Homo,
1286 929 1375 956 non
1399 917 1571 968 possint
1594 916 1637 956 id
1664 915 1878 968 cogitare.

390 979 500 1019 Inde
519 985 587 1019 est
610 979 729 1032 quod
748 992 886 1031 usque
909 992 935 1019 a
956 979 1098 1031 prima
1115 979 1438 1019 instauratione
1461 978 1678 1019 ecclesiae
1699 990 1879 1030 separa·

388 1042 533 1082 verint
558 1041 767 1081 Divinum
788 1041 969 1081 Domini
992 1041 1048 1081 ab
1077 1041 1290 1082 Humano
1313 1041 1482 1093 Ipsius;
1515 1055 1574 1081 ex
1601 1054 1689 1094 quo
1711 1037 1877 1081 fastum

389 1109 459 1144 est
481 1103 600 1157 quod
624 1105 765 1156 pauci,
791 1117 890 1144 cum
914 1103 968 1144 de
993 1103 1203 1152 Domino,
1225 1104 1279 1144 de
1303 1103 1467 1143 Divino
1490 1104 1633 1156 Ipsius
1657 1103 1875 1155 cogitent,

389 1165 468 1206 sed
487 1167 600 1206 sicut
624 1166 678 1206 de
702 1166 883 1206 homine
902 1166 983 1206 sibi
1005 1165 1135 1206 simili
1153 1179 1161 1206 :
1197 1179 1297 1206 curn
1316 1179 1403 1218 qua
1420 1172 1573 1219 tamen
1592 1165 1692 1205 idea
1713 1164 1878 1212 Divini,

391 1241 538 1275 nemo,
568 1229 817 1281 quicunque
850 1229 920 1275 sit,
949 1229 1115 1268 intrare
1143 1228 1315 1268 caelum
1343 1233 1511 1280 potest,
1539 1227 1619 1268 sed
1650 1226 1881 1279 repellitur

391 1297 439 1331 ut
471 1291 660 1344 primum
687 1290 822 1330 limen
851 1291 949 1331 viae
974 1290 1078 1331 illuc
1106 1290 1311 1331 ducentis
1338 1290 1500 1342 tangit.
1563 1289 1690 1330 Haec
1726 1290 1878 1343 itaque

390 1360 460 1394 est
487 1354 607 1407 quod
639 1354 876 1407 praecipue
902 1353 1169 1406 intelligitur
1200 1366 1277 1406 per
1306 1352 1389 1394 “Si
1421 1353 1517 1406 quis
1548 1352 1686 1394 habet
1712 1365 1878 1402 aurem,

391 1415 580 1458 audiat.”

1030 1586 1166 1610 VERSUS
1192 1586 1242 1611 10.

473 1645 612 1697 8⁰9·
651 1659 706 1686 ¹¹81·
727 1660 792 1692 quis
816 1660 1016 1692 captivitatem
1038 1660 1163 1691 duxerit,
1184 1660 1214 1686 1'n
1235 1660 1436 1692 captlvltatem
1458 1660 1569 1692 ablblt5
1593 1660 1622 1687 ⁸}
1641 1660 1707 1694 quta
1727 1660 1882 1688 machaera

391 1699 538 1730 occiderit,
555 1701 669 1730 oportet
684 1707 746 1726 eum
762 1700 916 1726 machaera
932 1700 1023 1726 occidi
1033 1708 1042 1726 .·
1064 1700 1110 1726 hle
1128 1701 1175 1726 est
1189 1700 1335 1732 patientia
1350 1701 1381 1726 et
1390 1700 1468 1732 fides
1484 1699 1683 1727 sanctorum‚¹'

417 1778 467 1803 10.
501 1770 561 1804 “Si
576 1771 653 1815 quis
677 1772 908 1815 captivitatem
925 1771 1069 1810 duxerit,
1086 1771 1120 1806 Ῐη
1144 1771 1376 1815 captivitatem
1392 1771 1698 1814 abibi1,”significat
1720 1774 1811 1816 quod
1830 1773 1886 1806 illi

567 1817 629 1858 qui
642 1818 724 1848 alios
746 1828 766 1848 cz
782 1828 872 1848 verzs
886 1818 1110 1854 secluserunt,
1104 1828 1135 1848 a
1151 1817 1297 1849 Dz'vznis
1311 1818 1401 1848 veris
1423 1818 1460 1848 in
1486 1817 1584 1848 Verbo
1598 1817 1715 1849 seclusi
1734 1818 1806 1849 sint
1828 1817 1881 1869 [¹¹⁴-

569 1860 644 1898 810,
661 1860 764 1903 811];
795 1860 850 1894 “si
869 1859 944 1904 quis
967 1861 1149 1894 machaera
1165 1860 1337 1898 occiderit,
1355 1863 1489 1903 oportet
1503 1870 1580 1894 eum
1597 1861 1779 1895 machaera
1795 1859 1882 1894 occsi-

569 1903 629 1942 σ’1“,”
645 1904 805 1945 significat
820 1906 909 1947 quod
921 1906 976 1936 zlli
995 1916 1053 1946 quz
1051 1905 1163 1947 'salsis
1179 1905 1372 1936 zmbuerunl
1386 1906 1477 1942 altos,
1485 1906 1590 1947 falsis
1604 1916 1646 1937 ex
1669 1905 1805 1948 inferno
1819 1906 1882 1937 im·

568 1949 720 1980 buantur
745 1949 795 1991 [n.
821 1948 925 1991 812]·
917 1973 926 1988 ‚
957 1949 1030 1982 “Mc
1053 1951 1110 1982 est
1127 1948 1292 1991 patientia
1317 1951 1354 1982 et
1374 1950 1399 1981 Γ
1397 1949 1458 1982 des
1480 1949 1706 1989 sanctorum?
1722 1948 1883 1990 signifieat

569 1994 658 2034 quod
670 1994 750 2024 haec
763 1994 904 2034 sintper
918 2004 1002 2035 quae
1016 1994 1153 2024 tentatio
1176 1998 1207 2024 et
1220 1994 1297 2024 dein
1314 1993 1524 2035 implantatio
1538 1994 1615 2025 veri
1628 1994 1723 2036 apud
1735 1993 1808 2025 illos
1823 1993 1886 2036 qui

567 2037 756 2078 spirituales
758 2037 861 2080 fiunt
874 2048 895 2068 a
912 2037 1061 2069 Domino
1079 2037 1130 2080 [n.
1149 2036 1248 2079 813].

415 2142 420 2147 ·
474 2124 605 2166 810.
639 2135 744 2172 [Vm.
763 2136 824 2173 ια]
857 2125 1036 2178 “Siquis
1056 2125 1329 2177 captivitatem
1352 2125 1526 2172 duxerit,
1550 2124 1590 2164 in
1611 2124 1883 2178 captivitatem

396 2183 749 2236 abibit.''—Quod
780 2184 1005 2237 significet
1035 2184 1155 2237 quod
1183 2184 1258 2225 z'llz'
1285 2185 1364 2237 quz'
1391 2184 1506 2225 alios
1536 2198 1564 2225 a
1591 2185 1714 2225 veris
1743 2183 1880 2225 seclu-

394 2252 559 2294 serunt,
593 2260 620 2285 a
655 2245 836 2286 Divinis
867 2245 985 2286 veris
1021 2245 1066 2286 in
1115 2245 1251 2286 Verbo
1281 2245 1442 2286 seclusi
1467 2245 1570 2294 sint,
1604 2251 1785 2286 constat
1821 2259 1881 2286 ex

394 2306 722 2360 significatione
749 2307 1100 2360 “captivitatis,‘’
1123 2307 1242 2360 quod
1268 2308 1324 2348 sit
1352 2308 1581 2348 secludere
1608 2321 1634 2348 a
1658 2308 1786 2356 veris,
1810 2307 1881 2348 hic

395 2382 474 2422 per
500 2370 732 2410 ratiocinia
764 2384 787 2409 e
820 2370 1010 2410 naturali
1036 2370 1230 2418 homine,
1258 2370 1369 2410 haec
1397 2370 1514 2410 enim
1541 2376 1611 2410 est
1642 2370 1882 2423 captivitas

395 2431 649 2484 spiritualis,
673 2446 786 2486 quae
809 2446 886 2485 per
906 2432 1286 2485 “captivitatem''
1303 2433 1346 2472 in
1369 2445 1500 2472 sensu
1523 2432 1699 2472 interno
1715 2431 1881 2473 intelli-

395 2493 519 2544 gitur
535 2507 545 2543 3
578 2503 680 2542 (quod
702 2504 733 2532 id
757 2513 813 2541 per
833 2501 1103 2541 '‘captivitatem'’
1124 2504 1156 2532 in
1179 2504 1287 2533 Verbo
1306 2504 1507 2541 intelligatur,
1527 2504 1559 2532 in
1578 2508 1731 2541 sequente
1749 2504 1883 2533 articulo

395 2563 585 2602 videbitur3)
616 2567 675 2593 ex
698 2567 751 2593 eo
770 2559 898 2606 patet
916 2553 1036 2606 quod
1059 2566 1138 2606 per
1154 2556 1179 2572 ‘⁴
1193 2553 1512 2605 captivitatem
1529 2553 1693 2593 ducere
1705 2552 1725 2567 '’
1740 2552 1881 2605 signi-

396 2613 552 2654 ficetur
569 2614 678 2654 alios
700 2628 725 2654 a
743 2615 856 2654 veris
871 2614 1116 2663 secludere,
1136 2619 1182 2654 et
1205 2627 1282 2666 per
1302 2614 1460 2654 “abire
1478 2614 1522 2654 in
1540 2612 1882 2667 captivitatem”

396 2676 672 2729 significetur
697 2691 722 2716 a
748 2678 862 2717 veris
888 2691 1063 2730 quoque
1090 2676 1271 2717 secludi.
1333 2675 1466 2728 Quod
1498 2676 1567 2717 hic
1599 2689 1678 2729 per
1701 2675 1881 2729 “capti-

396 2740 585 2780 vitate'm
627 2739 787 2780 ducere
801 2739 819 2754 ”
856 2739 1130 2793 significetur
1167 2738 1397 2796 secludere
1434 2738 1545 2779 alios
1584 2752 1611 2779 a
1649 2738 1764 2779 veris
1804 2751 1883 2791 per

397 2802 628 2842 ratiocinia
654 2816 712 2842 ex
746 2803 936 2843 naturali
962 2803 1156 2849 homine,
1185 2807 1254 2841 est
1287 2801 1388 2853 quia
1418 2804 1497 2853 'per
1525 2801 1754 2841 “bestiam
1779 2800 1880 2840 dra-

398 2864 561 2913 conis,''
592 2864 648 2905 de
685 2878 772 2917 qua
808 2865 877 2906 hic
915 2865 1076 2918 agitur,
1114 2863 1427 2915 intelliguntur
1462 2863 1524 2904 illi
1561 2864 1633 2918 qui
1669 2869 1882 2916 separant

399 2927 532 2968 fidem
570 2942 595 2968 a
631 2929 736 2976 vita,
770 2942 820 2968 ac
863 2929 1193 2981 'separationem
1225 2939 1303 2979 per
1333 2927 1566 2968 ratiocinia
1595 2941 1655 2967 ex
1691 2925 1880 2966 naturali

399 2988 583 3029 homine
622 2988 893 3030 confirmant
934 3000 1092 3039 (videatur
1123 3008 1229 3037 supra,
1259 3007 1290 3028 n.
1325 2997 1438 3040 773).
1509 2987 1776 3041 Antequam
1819 2999 1878 3026 ex
