2008 3458
402 400 514 442 2344
810 398 1140 433 APOCALYPSIS
1172 401 1469 434 EXPLICATA.

401 512 513 553 tium
541 511 804 553 columbas'’
830 511 1139 566 significantur
1163 514 1235 568 qui
1267 529 1325 556 ex
1358 513 1523 556 sannis
1549 515 1703 556 bonis:
1741 506 1877 569 quaie'

401 582 561 627 postea
583 575 745 616 dicitur
762 576 881 628 quod
903 576 1126 618 “fecerint
1149 577 1368 630 templum
1391 579 1434 618 in
1458 577 1717 631 speluncam
1735 577 1875 620 latro*

401 650 505 676 num
526 637 559 687 ;”
603 636 874 678 “latrones‘’
911 645 1015 679 sunt
1051 640 1124 692 qui
1161 640 1494 693 depraedantur
1529 654 1635 682 vera
1675 647 1722 682 et
1757 641 1878 683 bona

400 699 633 748 ecclesiae,
662 707 707 741 et
733 701 837 741 inde
863 701 944 741 sibi
971 708 1207 755 quaestum
1233 702 1413 743 faciunt.
1475 702 1613 756 Apud
1635 703 1812 754 Lucam,

466 788 590 819 “Sicut
614 787 746 819 saetam
770 795 824 820 est
852 789 886 820 in
912 789 1034 821 diebus
1060 789 1195 828 Lothi,’‘
1219 790 1269 822 sic
1293 791 1359 822 erit
1387 791 1422 822 in
1451 792 1574 822 diebus
1600 791 1677 823 Filii
1701 792 1878 829 hominis:

573 833 592 914 ἕ
602 832 763 914 edeba8n)t,
777 833 954 870 bibebant,
968 834 1144 871 emebant,
1159 834 1372 871 vendebant,
1387 834 1604 874 plantabant,
1617 834 1850 868 aedificabant
1859 834 1879 860 ¹!

587 885 668 906 xvn.
687 883 704 906 2
752 887 758 907 :

401 977 479 1016 per
503 963 675 1004 “edere
698 969 743 1004 et
767 963 950 1004 bibere“
969 963 1247 1017 significatur
1268 965 1326 1005 ibi
1349 966 1498 1006 vivere
1520 965 1601 1006 sibi
1625 971 1672 1007 et
1695 965 1877 1014 mundo.

400 1039 452 1067 ac
476 1027 762 1079 appropriare
785 1027 866 1067 sibi
889 1026 1008 1067 mala
1034 1033 1079 1068 et
1103 1027 1241 1078 salsa;
1275 1041 1352 1080 per
1377 1031 1562 1069 “emere
1585 1034 1631 1069 et
1652 1028 1847 1070 vendere
1859 1027 1879 1044 ’²

401 1087 680 1140 significatur
705 1102 965 1142 comparare
992 1089 1073 1129 sibi
1099 1089 1189 1138 illa,
1219 1096 1264 1130 et
1291 1091 1624 1131 communicare
1650 1090 1727 1131 illa
1753 1089 1878 1141 aliis;

401 1164 480 1203 per
507 1150 752 1203 “plantare
784 1158 829 1192 et
862 1150 1096 1192 aedificare
1111 1151 1130 1166 ”
1157 1151 1433 1204 significatur
1459 1152 1724 1193 confirmare
1756 1166 1804 1194 se
1834 1153 1880 1194 in

400 1212 502 1262 illis,
526 1220 571 1254 et
596 1214 745 1254 vivere
771 1214 815 1254 in
842 1213 941 1254 illis.
1003 1213 1140 1267 Apud
1168 1215 1375 1263 eundem,

472 1301 577 1343 Jesus
601 1302 688 1333 dixit
713 1302 844 1334 “Nunc
869 1303 926 1343 qui
953 1303 1060 1334 habet
1083 1313 1286 1335 crumenam
1310 1304 1421 1342 tollat,
1445 1304 1792 1344 similiter=.peram;
1822 1303 1881 1346 qui

574 1356 660 1376 vero
685 1356 756 1377 non
781 1346 897 1383 habet,
919 1347 1049 1378 vendat
1073 1347 1286 1378 vestimenta
1310 1357 1383 1385 sua,
1404 1353 1439 1379 et
1461 1353 1557 1379 emat
1579 1347 1736 1388 gladium
1746 1347 1766 1360 ''
1784 1346 1881 1388 (xxii.

575 1389 649 1428 36):

402 1471 506 1524 quid
530 1485 607 1524 per
629 1470 740 1511 haec
764 1470 1048 1524 intelligitur,
1069 1478 1252 1513 constat
1276 1486 1335 1513 ex
1358 1472 1648 1525 sequentibus
1670 1472 1742 1521 ibi,
1762 1471 1882 1526 quod

402 1547 563 1585 nempe
593 1537 861 1586 “oporteret
889 1535 1191 1575 consummari
1221 1535 1265 1575 in
1298 1535 1495 1575 Domino
1521 1534 1640 1588 quod
1666 1535 1882 1588 scriptum

402 1596 503 1637 est’'
533 1595 664 1649 (vers.
694 1595 781 1649 37),
810 1597 874 1637 ita
906 1597 1025 1649 quod
1058 1610 1267 1649 passurus
1294 1610 1502 1648 crucem;
1539 1597 1625 1638 hoc
1657 1598 1758 1651 quia
1789 1610 1881 1639 non

402 1659 548 1711 potuit
581 1658 713 1699 aliter
744 1672 877 1712 quam
909 1660 1083 1699 animos
1115 1659 1292 1699 illorum
1325 1661 1397 1713 qui
1436 1666 1541 1700 tunc
1574 1660 1800 1708 vixerunt,
1832 1666 1879 1702 et

402 1735 576 1774 quoque
600 1723 774 1762 animos
792 1722 1126 1775 discipulorum,
1147 1722 1412 1771 distrahere,
1431 1736 1482 1763 ac
1505 1723 1550 1763 in
1574 1723 1882 1764 dubitationes

402 1785 458 1824 de
490 1784 596 1836 Ipso
628 1785 767 1825 et-de
800 1785 943 1838 Ipsius
975 1798 1117 1837 regno
1148 1785 1375 1834 inducere,
1409 1792 1455 1826 et
1488 1786 1548 1826 sic
1586 1786 1630 1826 in
1662 1786 1882 1827 tentatio-

402 1860 496 1892 nes,
525 1853 570 1887 et
602 1847 705 1887 illae
732 1861 822 1887 non
855 1848 937 1887 nisi
964 1860 1097 1900 quam
1129 1861 1207 1900 per
1231 1861 1338 1888 vera
1364 1848 1526 1888 discuti
1551 1854 1755 1902 possunt,
1780 1847 1882 1888 ideo

402 1910 510 1949 dicit
538 1909 772 1958 Dominus,
804 1909 932 1962 “Qui
964 1910 1103 1950 habet
1134 1922 1392 1950 crumenam
1420 1916 1466 1950 et
1498 1923 1664 1963 peram,
1693 1909 1827 1951 tollat
1847 1909 1882 1960 ;”

403 1985 578 2024 nempe,
603 1972 676 2024 qui
702 1973 904 2024 possidet
928 1986 1033 2012 vera
1055 1986 1114 2012 ex
1137 1972 1304 2020 Verbo,
1329 1973 1372 2012 in
1399 1986 1487 2026 quo
1509 1970 1784 2026 praedictum
1810 1978 1885 2022 est,

402 2034 520 2086 quod
544 2033 749 2074 Christus
772 2034 880 2074 talia
903 2048 1110 2087 passurus
1133 2041 1268 2082 esset,
1293 2041 1453 2075 caveat
1480 2047 1536 2075 ne
1561 2034 1638 2074 illa
1663 2035 1877 2085 amittat;

405 2096 685 2136 “crumena”
711 2097 829 2136 enim
861 2103 907 2137 et
937 2101 1081 2149 “pera
1096 2096 1115 2110 ‘’
1140 2096 1285 2137 simile
1317 2097 1436 2149 quod
1468 2097 1636 2137 nummi
1668 2103 1715 2137 et
1745 2110 1882 2150 pecu·

403 2159 502 2198 niae
527 2159 569 2198 in
597 2158 682 2198 illis
708 2158 978 2211 significant,
1004 2172 1165 2211 nempe
1192 2160 1477 2211 cognitiones
1499 2159 1591 2199 veri
1617 2165 1663 2200 et
1690 2158 1796 2200 boni
1819 2172 1880 2200 ex

403 2220 581 2260 Verbo:
624 2221 733 2273 “qui
762 2235 868 2261 vero
900 2234 989 2261 non
1022 2221 1176 2269 habet,
1204 2221 1375 2262 vendat
1407 2222 1683 2262 vestimenta
1713 2235 1807 2270 sua,
1834 2227 1882 2263 et

403 2291 525 2324 emat
551 2283 792 2335 gladium,'’
818 2283 1042 2336 significat
1074 2284 1193 2336 quod
1224 2283 1302 2332 illi,
1331 2284 1488 2337 quibus
1521 2297 1611 2323 non
1637 2297 1755 2332 vera,
1781 2282 1882 2336 reji-
1934 2319 1945 2334 ,

404 2348 524 2387 ciant
551 2347 742 2398 propria,
767 2352 812 2386 et
840 2353 1105 2399 comparent
1131 2346 1212 2386 sibi
1238 2359 1344 2386 vera
1369 2359 1471 2386 cum
1493 2345 1651 2399 quibus
1677 2352 1880 2399 pugnent
1926 2383 1930 2385 ,

404 2415 563 2449 contra
589 2408 725 2458 falsa;
762 2408 1005 2460 “gladius’'
1027 2407 1250 2460 significat
1277 2421 1474 2461 pugnam
1496 2409 1587 2448 veri
1614 2414 1772 2448 contra
1797 2407 1880 2449 sal-

404 2485 515 2519 sum,
536 2477 581 2511 et
604 2471 730 2523 hujus
749 2469 1115 2511 destructionem.
1177 2469 1401 2523 Quoniam
1422 2470 1606 2522 “Tyrus
1619 2469 1638 2484 ’¹
1655 2469 1882 2523 significat

403 2533 641 2574 ecclesiam
668 2534 816 2586 quoad
843 2534 1128 2585 cognitiones
1153 2533 1246 2573 veri
1272 2539 1318 2573 et
1350 2533 1469 2580 boni,
1497 2539 1544 2573 et
1576 2532 1679 2574 inde
1705 2547 1881 2587 quoque

404 2597 688 2648 cognitiones
714 2596 806 2636 veri
832 2602 877 2635 et
909 2595 1014 2635 boni
1040 2608 1153 2648 quae
1179 2600 1283 2634 sunt
1311 2594 1528 2635 ecclesiae
1555 2607 1606 2635 ac
1633 2595 1880 2637 inserviunt

404 2657 634 2698 doctrinae
666 2657 771 2710 ejus,
800 2658 901 2697 ideo
933 2658 1006 2697 ubi
1038 2658 1186 2709 agitur
1216 2658 1260 2697 in
1293 2657 1448 2697 Verbo
1480 2657 1535 2698 de
1567 2657 1703 2709 Tyro,
1731 2657 1881 2710 agitur

404 2722 542 2762 etiam
561 2721 616 2760 de
635 2720 1021 2772 negotiationibus
1038 2734 1047 2769 ;
1080 2733 1157 2773 per
1178 2733 1286 2772 quas
1306 2719 1580 2772 significatur
1602 2720 1883 2772 comparatio

402 2783 592 2830 illarum,
617 2788 662 2823 et
690 2796 864 2835 quoque
891 2782 1240 2822 communicatio
1263 2794 1364 2822 curn
1390 2781 1514 2832 aliis;
1549 2787 1596 2822 ut
1622 2781 1741 2834 apud
1765 2780 1881 2821 Eze-

403 2844 594 2893 clzielem,

469 2936 633 2968 “Omnes
647 2946 756 2967 naves
770 2936 892 2967 maris.
908 2960 915 2967 .
929 2935 1100 2967 ‚fuerunt.
1115 2935 1174 2966 .ad
1192 2934 1444 2975 negotiandum
1462 2934 1742 2974 negotiationem
1759 2939 1856 2965 tuam
1871 2943 1880 2971 ;

582 3004 589 3011 .
604 3004 611 3011 .
626 3004 632 3010 .
648 2979 897 3010 .Tharschisch
922 2978 1135 3018 negotiatrix
1159 2984 1233 3009 tua.
1248 2978 1342 3010 ...in
1367 2983 1524 3017 argent0,
1550 2977 1653 3014 ferro,
1678 2983 1817 3014 stann0,
1843 2983 1879 3008 et

577 3023 732 3063 plumbo,
753 3023 924 3054 dederunt
945 3028 1157 3053 mercaturas
1178 3027 1265 3053 tuas.
1310 3020 1435 3062 Javan,
1456 3020 1594 3052 Thubal
1619 3027 1653 3051 et
1678 3019 1879 3058 Meschech,
