2054 3464
404 386 515 418 2010
816 386 1148 421 APOCALYPSIS
1179 388 1477 421 EXPLICATA.

401 513 576 553 quoque
614 500 804 541 mundos
840 501 1092 554 spirituales
1133 515 1265 555 supra
1304 502 1403 544 illos
1445 503 1677 553 creaverit,
1715 509 1762 546 et
1801 503 1888 547 hos

401 569 619 615 perpetuo
645 563 830 616 impleat
857 565 1029 617 angelis
1056 571 1102 606 et
1134 566 1373 618 spiritibus,
1402 567 1457 606 ad
1492 580 1723 608 numerum
1749 569 1886 622 myri-

401 625 533 664 adum
557 632 602 665 et
626 627 900 678 myriadum:
935 633 980 668 et
1004 628 1122 680 quod
1145 628 1226 668 sub
1251 628 1336 668 illis
1360 629 1582 670 abdiderit
1609 630 1792 680 inferna,
1815 637 1887 672 tot

400 701 576 740 quoque
604 701 789 728 numero
815 695 924 742 quot
957 689 1069 730 caeli
1101 697 1230 732 sunt:
1272 697 1317 731 et
1344 692 1461 744 quod
1489 692 1693 732 omnibus
1719 699 1766 734 et
1797 693 1887 734 sin-

399 750 515 802 gulis
542 751 613 803 qui
640 753 683 791 in
710 753 886 792 mundis
913 752 1126 802 Naturae,
1154 760 1200 794 et
1231 755 1275 794 in
1302 755 1477 794 mundis
1504 768 1636 807 supra
1667 754 1887 796 Naturam

401 819 518 860 sunt,
541 813 660 853 solus
683 814 761 854 det
785 815 923 855 vitam
944 829 953 865 ;
986 822 1031 855 et
1054 816 1156 868 quia
1180 816 1301 856 solus
1328 817 1405 856 dat
1428 817 1580 865 vitam,
1601 817 1719 870 quod
1742 816 1888 858 nullus

399 875 601 927 angelus,
630 877 808 929 spiritus
835 883 880 917 et
907 878 1044 918 homo
1066 891 1246 919 movere
1272 880 1414 931 possit
1441 892 1623 919 manum
1650 885 1696 920 et
1723 879 1887 932 pedem

401 938 482 977 nisi
504 938 561 978 ab
585 939 700 991 Ipso.
771 938 926 991 Qualis
948 939 1120 981 infinita
1143 941 1338 981 Domino
1357 942 1561 993 potentia
1579 942 1650 991 sit,
1670 942 1886 995 imprimis

399 1006 526 1052 patet
550 1015 607 1040 ex
631 1015 698 1048 eo,
723 1002 843 1054 quod
866 1015 1021 1043 omnes
1044 1004 1116 1056 qui
1142 1017 1200 1043 ex
1228 1009 1298 1044 tot
1325 1004 1452 1043 terris
1479 1004 1523 1043 in
1547 1004 1736 1045 mundos
1759 1005 1884 1057 spiri-

400 1063 544 1103 tuales
575 1065 773 1113 veniunt,
802 1066 874 1118 qui
906 1072 1008 1106 sunt
1040 1066 1211 1119 aliquot
1243 1067 1465 1118 myriades
1502 1081 1560 1107 ex
1598 1066 1695 1107 sola
1731 1069 1887 1108 nostra

399 1126 559 1167 tellure
583 1128 737 1180 quavis
763 1128 1028 1179 septimana,
1053 1134 1099 1169 et
1126 1135 1457 1181 consequenter
1482 1135 1552 1170 tot
1578 1129 1801 1182 myriades
1826 1142 1886 1170 ex

399 1195 470 1229 tot
508 1189 698 1230 millenis
737 1189 968 1230 telluribus
1005 1191 1048 1230 in
1086 1191 1306 1238 universo,
1341 1190 1461 1231 solus
1492 1191 1692 1244 recipiat,
1726 1197 1772 1232 et
1809 1205 1887 1245 per

401 1251 538 1292 millia
561 1253 748 1292 Divinae
773 1252 1027 1305 Sapientiae
1050 1266 1212 1293 arcana
1234 1253 1383 1302 ducat,
1410 1266 1632 1307 quemque
1654 1254 1710 1294 ad
1737 1253 1885 1295 locum

399 1329 504 1356 suae
527 1316 672 1366 vitae;
706 1315 859 1356 fideles
882 1316 938 1356 ad
965 1329 1042 1356 sua
1069 1316 1168 1356 loca
1190 1317 1233 1356 in
1257 1315 1406 1364 caelis,
1432 1330 1481 1356 ac
1505 1316 1707 1357 infideles
1729 1317 1786 1357 ad
1807 1331 1886 1358 sua

398 1377 499 1418 loca
529 1379 572 1418 in
604 1379 807 1419 infernis:
842 1385 887 1419 et
914 1379 1129 1419 utrobivis
1161 1380 1358 1419 omnium
1391 1380 1705 1431 cogitationes,
1733 1380 1881 1420 inten-

398 1441 560 1489 tiones,
586 1448 631 1482 et
657 1442 916 1482 voluntates
943 1441 1227 1494 singulariter
1253 1442 1365 1481 sicut
1393 1442 1702 1482 universaliter
1726 1449 1884 1495 regat;

399 1517 450 1543 ac
473 1503 605 1544 faciat
630 1510 676 1545 ut
699 1517 856 1545 omnes
883 1511 928 1545 et
955 1503 1118 1556 singuli
1144 1504 1187 1543 in
1214 1503 1347 1544 caelis
1375 1517 1452 1543 sua
1477 1503 1691 1544 felicitate
1713 1504 1883 1556 gaude-

398 1573 476 1606 ant
496 1580 504 1616 ;
538 1580 587 1606 ac
611 1573 659 1607 ut
683 1580 839 1607 omnes
862 1573 907 1607 et
930 1566 1092 1619 singuli
1118 1566 1162 1606 in
1188 1566 1368 1606 infernis
1394 1566 1437 1605 in
1462 1567 1550 1606 suis
1572 1566 1758 1607 vinculis
1780 1567 1884 1616 sint,

398 1643 534 1682 usque
558 1630 671 1669 adeo
694 1636 742 1670 ut
766 1643 820 1669 ne
839 1629 1017 1682 quidem
1036 1642 1146 1668 unus
1168 1642 1226 1668 ex
1251 1628 1338 1668 illis
1355 1628 1499 1668 hiscat
1518 1628 1667 1668 levare
1686 1642 1883 1678 manum,

399 1693 542 1733 minus
561 1706 818 1744 exsurgere,
839 1698 884 1732 et
908 1691 1037 1731 alicui
1060 1690 1223 1743 angelo
1242 1691 1455 1730 damnum
1477 1690 1662 1731 inferre:
1695 1697 1740 1732 et
1763 1692 1882 1746 quod

391 1761 556 1794 'omnes
592 1755 654 1794 ita
690 1755 733 1794 in
771 1754 938 1799 ordine.
973 1760 1018 1794 et
1057 1754 1099 1793 in
1136 1753 1335 1801 vinculis,
1370 1759 1624 1801 teneantur,
1658 1760 1884 1808 utcunque

398 1818 753 1870 multiplicantur
771 1817 881 1857 caeli
905 1824 950 1857 et
973 1817 1141 1857 inferna
1162 1817 1205 1856 in
1230 1822 1474 1856 aeternum.
1523 1816 1650 1857 Haec
1673 1822 1718 1857 et
1741 1816 1881 1869 plura,

398 1894 510 1933 quae
534 1886 716 1932 propter
740 1879 914 1931 copiam
937 1879 1183 1919 enumerari
1206 1891 1294 1918 non
1318 1885 1523 1930 possunt,
1549 1891 1639 1918 non
1662 1878 1756 1918 dari
1777 1891 1882 1932 pos-

383 1949 502 1983 'sunt
539 1943 619 1982 nisi
655 1942 826 1982 infinita
868 1942 1063 1981 Domino
1099 1941 1304 1994 potentia
1341 1941 1409 1980 sit.
1486 1939 1619 1993 Quod
1661 1940 1881 1982 Dominus

397 2006 517 2046 solus
540 2011 667 2058 regat
691 2005 852 2052 omnia,
878 2004 1012 2044 docet
1037 2004 1139 2055 Ipse
1166 2003 1282 2056 apud
1308 2003 1599 2052 Mamaeum,
1797 2004 1805 2011 “

507 2100 629 2131 “Data
646 2105 699 2131 est
717 2099 805 2130 Mihi
823 2099 939 2130 omnis
958 2104 1115 2139 potestas
1132 2099 1168 2129 in
1186 2099 1284 2129 caelo
1302 2104 1336 2129 et
1353 2098 1389 2129 in
1407 2097 1530 2129 terra'’
1546 2097 1681 2138 (xxviii.
1701 2099 1773 2139 18):

397 2171 443 2206 et
561 2230 664 2271 Quod
682 2229 763 2269 Ipse
781 2229 825 2259 sit
843 2229 915 2259 vita
931 2227 1030 2270 (Joh.
1050 2238 1080 2259 v.
1099 2228 1140 2259 26
1156 2237 1162 2266 ;
1188 2237 1261 2268 cap.
1279 2227 1324 2258 xi.
1344 2234 1394 2266 25,
1414 2227 1475 2266 26;
1500 2237 1574 2267 cap.
1591 2227 1661 2259 xiv.
1678 2227 1721 2268 6).

483 2329 563 2383 (ii.)
611 2327 735 2378 Quod
749 2327 925 2381 infinita
937 2326 1134 2379 potentia
1151 2326 1215 2367 sit
1229 2326 1415 2366 Domino
1427 2340 1482 2366 ex
1500 2325 1556 2366 Se
1565 2333 1651 2378 per
1667 2325 1881 2368 Divinum

396 2406 522 2432 suum
556 2390 727 2438 Verum,
752 2396 821 2430 est
844 2390 944 2442 quia
968 2389 1179 2429 Divinum
1202 2389 1371 2430 Verum
1394 2395 1462 2430 est
1490 2389 1699 2429 Divinum
1722 2402 1882 2442 proce·

396 2455 532 2504 dens;
566 2459 610 2493 et
634 2467 692 2493 ex
717 2453 880 2492 Divino
903 2452 1021 2505 quod
1048 2452 1252 2505 procedit
1275 2465 1332 2492 ex
1361 2451 1570 2500 Domino,
1595 2451 1745 2492 omnia
1766 2465 1880 2505 quae

396 2529 528 2567 supra
552 2516 606 2555 de
639 2514 811 2554 infinita
842 2516 1047 2566 potentia
1074 2515 1253 2555 Domini
1281 2512 1399 2554 dieta
1425 2520 1542 2562 sunt,
1570 2514 1694 2554 fiunt.
1754 2513 1880 2554 Divi-

396 2592 502 2618 num
525 2578 695 2618 Verum
721 2577 762 2616 in
790 2591 836 2617 se
863 2575 1115 2629 spectatum
1142 2583 1211 2618 est
1239 2577 1399 2616 Divina
1426 2576 1669 2629 Sapientia,
1694 2589 1807 2629 quae
1834 2589 1881 2616 se

395 2652 748 2694 quaquaversum
771 2640 995 2688 extendit,
1016 2641 1127 2680 sicut
1151 2639 1229 2679 lux
1252 2646 1297 2679 et
1322 2638 1444 2679 calor
1465 2639 1509 2679 in
1533 2635 1689 2679 noStro
1710 2639 1880 2680 mundo

394 2717 421 2743 a
443 2703 561 2752 sole;
595 2708 780 2754 apparet
799 2702 914 2742 enim
940 2702 1158 2742 Dominus
1180 2703 1223 2741 in
1247 2702 1414 2741 mundo
1432 2700 1661 2753 spirituali,
1681 2701 1754 2741 ubi
1777 2702 1881 2742 sunt

395 2766 544 2819 angeli
576 2772 621 2806 et
654 2766 846 2817 spiritus,
881 2771 927 2804 ut
961 2764 1051 2813 Sol,
1086 2779 1143 2804 ex
1177 2764 1340 2804 Divino
1373 2763 1570 2814 Amore;
1605 2776 1738 2803 omne
1761 2764 1880 2817 quod

395 2829 598 2881 procedit
618 2842 676 2868 ex
691 2827 767 2867 illo
784 2826 887 2867 Sole
900 2825 1124 2867 [¹]vocatur
1140 2826 1350 2866 Divinum
1362 2825 1532 2866 Verum
1551 2840 1559 2876 ;
1583 2832 1628 2866 et
1643 2825 1762 2878 quod
1778 2839 1880 2878 pro-

395 2892 514 2932 cedit
550 2891 634 2931 hoc
673 2890 903 2942 producit;
949 2890 1067 2942 quod
1099 2889 1303 2941 procedit
1334 2888 1418 2928 hoc
1452 2901 1627 2940 quoque
1659 2894 1728 2929 est
1761 2888 1877 2941 Ipse,

395 2955 496 3006 quia
518 2968 576 2993 ex
601 2953 705 3005 Ipso
723 2967 732 3002 ;
765 2966 899 3005 quare
924 2952 1143 2992 Dominus
1162 2952 1205 2991 in
1225 2950 1359 2991 caelis
1377 2956 1446 2990 est
1466 2950 1675 2990 Divinum
1694 2950 1878 2990 Verum.

395 3016 462 3058 Ut
494 3023 646 3058 tamen
678 3016 843 3056 sciatur
874 3015 992 3068 quod
1031 3014 1226 3055 Domino
1258 3014 1314 3054 sit
1347 3012 1517 3053 infinita
1558 3013 1763 3066 potentia
1800 3025 1879 3065 per
