<?xml version="1.0" encoding="UTF-8"?>
<!DOCTYPE html PUBLIC "-//W3C//DTD XHTML 1.0 Transitional//EN"
    "http://www.w3.org/TR/xhtml1/DTD/xhtml1-transitional.dtd">
<html xmlns="http://www.w3.org/1999/xhtml" xml:lang="en" lang="en">
 <head>
  <title>
</title>
<meta http-equiv="Content-Type" content="text/html;charset=utf-8" />
  <meta name='ocr-system' content='tesseract 3.04.00' />
  <meta name='ocr-capabilities' content='ocr_page ocr_carea ocr_par ocr_line ocrx_word'/>
</head>
<body>
  <div class='ocr_page' id='page_1' title='image "apocalypsisexpli04sweduoft_0534.png"; bbox 0 0 2008 3458; ppageno 0'>
   <div class='ocr_carea' id='block_1_1' title="bbox 1780 0 2008 150">
    <p class='ocr_par' dir='ltr' id='par_1_1' title="bbox 1780 0 2008 150">
     <span class='ocr_line' id='line_1_1' title="bbox 1780 0 2008 150; baseline 0 3308"><span class='ocrx_word' id='word_1_1' title='bbox 1780 0 2008 150; x_wconf 95' lang='lat' dir='ltr'> </span> 
     </span>
    </p>
   </div>
   <div class='ocr_carea' id='block_1_2' title="bbox 401 373 1469 425">
    <p class='ocr_par' dir='ltr' id='par_1_2' title="bbox 401 373 1469 425">
     <span class='ocr_line' id='line_1_2' title="bbox 401 373 1469 425; baseline 0.004 -12"><span class='ocrx_word' id='word_1_2' title='bbox 401 373 511 425; x_wconf 83' lang='lat'><strong>2436</strong></span> <span class='ocrx_word' id='word_1_3' title='bbox 810 382 1140 416; x_wconf 80' lang='lat' dir='ltr'>APOCALYPSIS</span> <span class='ocrx_word' id='word_1_4' title='bbox 1172 383 1469 417; x_wconf 82' lang='lat' dir='ltr'>EXPLICATA.</span> 
     </span>
    </p>
   </div>
   <div class='ocr_carea' id='block_1_3' title="bbox 398 494 1882 610">
    <p class='ocr_par' dir='ltr' id='par_1_3' title="bbox 398 494 1882 610">
     <span class='ocr_line' id='line_1_3' title="bbox 398 494 1882 551; baseline 0.003 -18"><span class='ocrx_word' id='word_1_5' title='bbox 398 507 556 534; x_wconf 88' lang='lat' dir='ltr'>vocem</span> <span class='ocrx_word' id='word_1_6' title='bbox 582 494 679 534; x_wconf 88' lang='lat' dir='ltr'>Filii</span> <span class='ocrx_word' id='word_1_7' title='bbox 703 494 826 542; x_wconf 83' lang='lat' dir='ltr'>Dei‚’&#39;</span> <span class='ocrx_word' id='word_1_8' title='bbox 843 496 906 535; x_wconf 89' lang='lat' dir='ltr'>ita</span> <span class='ocrx_word' id='word_1_9' title='bbox 924 496 996 548; x_wconf 88' lang='lat' dir='ltr'>qui</span> <span class='ocrx_word' id='word_1_10' title='bbox 1021 495 1176 536; x_wconf 90' lang='lat' dir='ltr'>vivunt</span> <span class='ocrx_word' id='word_1_11' title='bbox 1196 496 1440 537; x_wconf 87' lang='lat' dir='ltr'>secundum</span> <span class='ocrx_word' id='word_1_12' title='bbox 1459 502 1701 551; x_wconf 89' lang='lat' dir='ltr'>praecepta</span> <span class='ocrx_word' id='word_1_13' title='bbox 1718 496 1882 551; x_wconf 54' lang='lat' dir='ltr'>Ipsius„</span> 
     </span>
     <span class='ocr_line' id='line_1_4' title="bbox 399 555 963 610; baseline 0.002 -14"><span class='ocrx_word' id='word_1_14' title='bbox 399 555 612 597; x_wconf 85' lang='lat' dir='ltr'>Similiter</span> <span class='ocrx_word' id='word_1_15' title='bbox 644 557 760 610; x_wconf 86' lang='lat' dir='ltr'>apud</span> <span class='ocrx_word' id='word_1_16' title='bbox 787 557 963 605; x_wconf 77' lang='lat' dir='ltr'>Lucam,</span> 
     </span>
    </p>
   </div>
   <div class='ocr_carea' id='block_1_4' title="bbox 557 650 1724 694">
    <p class='ocr_par' dir='ltr' id='par_1_4' title="bbox 557 650 1724 694">
     <span class='ocr_line' id='line_1_5' title="bbox 557 650 1724 694; baseline 0.004 -13"><span class='ocrx_word' id='word_1_17' title='bbox 557 651 659 692; x_wconf 74' lang='lat' dir='ltr'>Quod</span> <span class='ocrx_word' id='word_1_18' title='bbox 678 652 887 682; x_wconf 86' lang='lat' dir='ltr'>retribuetur</span> <span class='ocrx_word' id='word_1_19' title='bbox 904 652 939 682; x_wconf 91' lang='lat' dir='ltr'>in</span> <span class='ocrx_word' id='word_1_20' title='bbox 958 650 1216 684; x_wconf 55' lang='lat' dir='ltr'>resurreetione</span> <span class='ocrx_word' id='word_1_21' title='bbox 1235 650 1490 684; x_wconf 80' lang='lat' dir='ltr'>[¹]m0rtuorum</span> <span class='ocrx_word' id='word_1_22' title='bbox 1510 651 1629 692; x_wconf 82' lang='lat' dir='ltr'>([²]xiv.</span> <span class='ocrx_word' id='word_1_23' title='bbox 1649 654 1724 694; x_wconf 86' lang='lat'>14):</span> 
     </span>
    </p>
   </div>
   <div class='ocr_carea' id='block_1_5' title="bbox 398 736 1880 1061">
    <p class='ocr_par' dir='ltr' id='par_1_5' title="bbox 398 736 1880 979">
     <span class='ocr_line' id='line_1_6' title="bbox 399 736 1880 797; baseline 0.004 -20"><span class='ocrx_word' id='word_1_24' title='bbox 399 751 476 791; x_wconf 87' lang='lat' dir='ltr'>per</span> <span class='ocrx_word' id='word_1_25' title='bbox 515 741 539 757; x_wconf 90' lang='lat'><strong>“</strong></span> <span class='ocrx_word' id='word_1_26' title='bbox 555 736 924 779; x_wconf 62' lang='lat' dir='ltr'>resurreetionem</span> <span class='ocrx_word' id='word_1_27' title='bbox 962 746 1239 780; x_wconf 87' lang='lat' dir='ltr'>mortuorum</span> <span class='ocrx_word' id='word_1_28' title='bbox 1254 740 1273 755; x_wconf 74' lang='lat'>&#39;¹</span> <span class='ocrx_word' id='word_1_29' title='bbox 1311 754 1399 780; x_wconf 92' lang='lat' dir='ltr'>non</span> <span class='ocrx_word' id='word_1_30' title='bbox 1438 741 1574 781; x_wconf 91' lang='lat' dir='ltr'>modo</span> <span class='ocrx_word' id='word_1_31' title='bbox 1611 741 1880 797; x_wconf 73' lang='lat' dir='ltr'>intelligitur</span> 
     </span>
     <span class='ocr_line' id='line_1_7' title="bbox 398 798 1878 854; baseline 0.003 -14"><span class='ocrx_word' id='word_1_32' title='bbox 398 798 662 840; x_wconf 58' lang='lat' dir='ltr'>resurreetio</span> <span class='ocrx_word' id='word_1_33' title='bbox 681 800 855 840; x_wconf 90' lang='lat' dir='ltr'>illorum</span> <span class='ocrx_word' id='word_1_34' title='bbox 875 802 946 854; x_wconf 91' lang='lat' dir='ltr'>qui</span> <span class='ocrx_word' id='word_1_35' title='bbox 966 801 1230 842; x_wconf 81' lang='lat' dir='ltr'>naturaliter</span> <span class='ocrx_word' id='word_1_36' title='bbox 1248 803 1509 851; x_wconf 89' lang='lat' dir='ltr'>moriuntur,</span> <span class='ocrx_word' id='word_1_37' title='bbox 1530 817 1634 844; x_wconf 89' lang='lat' dir='ltr'>nam</span> <span class='ocrx_word' id='word_1_38' title='bbox 1653 803 1696 844; x_wconf 89' lang='lat' dir='ltr'>hi</span> <span class='ocrx_word' id='word_1_39' title='bbox 1720 804 1878 845; x_wconf 87' lang='lat' dir='ltr'>statim</span> 
     </span>
     <span class='ocr_line' id='line_1_8' title="bbox 398 865 1877 919; baseline 0.004 -17"><span class='ocrx_word' id='word_1_40' title='bbox 398 869 502 916; x_wconf 86' lang='lat' dir='ltr'>post</span> <span class='ocrx_word' id='word_1_41' title='bbox 544 870 736 903; x_wconf 87' lang='lat' dir='ltr'>mortem</span> <span class='ocrx_word' id='word_1_42' title='bbox 778 870 1031 916; x_wconf 83' lang='lat' dir='ltr'>resurgunt,</span> <span class='ocrx_word' id='word_1_43' title='bbox 1075 865 1153 904; x_wconf 90' lang='lat' dir='ltr'>sed</span> <span class='ocrx_word' id='word_1_44' title='bbox 1195 866 1331 905; x_wconf 85' lang='lat' dir='ltr'>etiam</span> <span class='ocrx_word' id='word_1_45' title='bbox 1372 866 1445 919; x_wconf 86' lang='lat' dir='ltr'>qui</span> <span class='ocrx_word' id='word_1_46' title='bbox 1484 866 1788 919; x_wconf 84' lang='lat' dir='ltr'>spiritualiter,</span> <span class='ocrx_word' id='word_1_47' title='bbox 1825 879 1877 908; x_wconf 89' lang='lat' dir='ltr'>ac</span> 
     </span>
     <span class='ocr_line' id='line_1_9' title="bbox 398 923 1512 979; baseline 0.004 -15"><span class='ocrx_word' id='word_1_48' title='bbox 398 923 607 965; x_wconf 86' lang='lat' dir='ltr'>vivificati</span> <span class='ocrx_word' id='word_1_49' title='bbox 634 931 737 965; x_wconf 88' lang='lat' dir='ltr'>sunt</span> <span class='ocrx_word' id='word_1_50' title='bbox 761 939 786 964; x_wconf 88' lang='lat' dir='ltr'>a</span> <span class='ocrx_word' id='word_1_51' title='bbox 810 925 1020 965; x_wconf 91' lang='lat' dir='ltr'>Domino.</span> <span class='ocrx_word' id='word_1_52' title='bbox 1081 926 1218 979; x_wconf 89' lang='lat' dir='ltr'>Apud</span> <span class='ocrx_word' id='word_1_53' title='bbox 1246 927 1512 976; x_wconf 68' lang='lat' dir='ltr'>Johannem,</span> 
     </span>
    </p>

    <p class='ocr_par' dir='ltr' id='par_1_6' title="bbox 462 1019 1880 1061">
     <span class='ocr_line' id='line_1_10' title="bbox 462 1019 1880 1061; baseline 0.004 -11"><span class='ocrx_word' id='word_1_54' title='bbox 462 1019 565 1060; x_wconf 89' lang='lat' dir='ltr'>Jesus</span> <span class='ocrx_word' id='word_1_55' title='bbox 585 1020 681 1057; x_wconf 86' lang='lat' dir='ltr'>dixit,</span> <span class='ocrx_word' id='word_1_56' title='bbox 700 1020 860 1051; x_wconf 84' lang='lat' dir='ltr'>“Veniet</span> <span class='ocrx_word' id='word_1_57' title='bbox 880 1021 975 1058; x_wconf 88' lang='lat' dir='ltr'>hora,</span> <span class='ocrx_word' id='word_1_58' title='bbox 994 1022 1029 1051; x_wconf 88' lang='lat' dir='ltr'>in</span> <span class='ocrx_word' id='word_1_59' title='bbox 1049 1031 1117 1061; x_wconf 89' lang='lat' dir='ltr'>qua</span> <span class='ocrx_word' id='word_1_60' title='bbox 1137 1031 1262 1053; x_wconf 89' lang='lat' dir='ltr'>omnes</span> <span class='ocrx_word' id='word_1_61' title='bbox 1279 1023 1337 1061; x_wconf 89' lang='lat' dir='ltr'>qui</span> <span class='ocrx_word' id='word_1_62' title='bbox 1357 1023 1392 1053; x_wconf 86' lang='lat' dir='ltr'>in</span> <span class='ocrx_word' id='word_1_63' title='bbox 1413 1024 1654 1055; x_wconf 87' lang='lat' dir='ltr'>monumentis</span> <span class='ocrx_word' id='word_1_64' title='bbox 1671 1030 1764 1060; x_wconf 83' lang='lat' dir='ltr'>sunt,</span> <span class='ocrx_word' id='word_1_65' title='bbox 1780 1024 1880 1056; x_wconf 79' lang='lat' dir='ltr'>audi-</span> 
     </span>
    </p>
   </div>
   <div class='ocr_carea' id='block_1_6' title="bbox 571 1063 1879 1150">
    <p class='ocr_par' dir='ltr' id='par_1_7' title="bbox 571 1063 1879 1150">
     <span class='ocr_line' id='line_1_11' title="bbox 571 1063 1879 1106; baseline 0.005 -13"><span class='ocrx_word' id='word_1_66' title='bbox 571 1070 631 1094; x_wconf 87' lang='lat' dir='ltr'>ent</span> <span class='ocrx_word' id='word_1_67' title='bbox 648 1073 771 1094; x_wconf 86' lang='lat' dir='ltr'>vocem</span> <span class='ocrx_word' id='word_1_68' title='bbox 784 1063 800 1074; x_wconf 87' lang='lat'>&#39;’</span> <span class='ocrx_word' id='word_1_69' title='bbox 814 1064 891 1095; x_wconf 89' lang='lat' dir='ltr'>Filii</span> <span class='ocrx_word' id='word_1_70' title='bbox 906 1064 981 1101; x_wconf 84' lang='lat' dir='ltr'>Dei,</span> <span class='ocrx_word' id='word_1_71' title='bbox 998 1066 1061 1095; x_wconf 90' lang='lat' dir='ltr'>“et</span> <span class='ocrx_word' id='word_1_72' title='bbox 1078 1065 1233 1103; x_wconf 86' lang='lat' dir='ltr'>exibunt,</span> <span class='ocrx_word' id='word_1_73' title='bbox 1247 1066 1305 1106; x_wconf 91' lang='lat' dir='ltr'>qui</span> <span class='ocrx_word' id='word_1_74' title='bbox 1322 1067 1417 1097; x_wconf 90' lang='lat' dir='ltr'>bona</span> <span class='ocrx_word' id='word_1_75' title='bbox 1429 1066 1587 1097; x_wconf 83' lang='lat' dir='ltr'>fecerunt</span> <span class='ocrx_word' id='word_1_76' title='bbox 1604 1067 1639 1097; x_wconf 91' lang='lat' dir='ltr'>in</span> <span class='ocrx_word' id='word_1_77' title='bbox 1654 1065 1879 1099; x_wconf 47' lang='lat' dir='ltr'>resurreetio-</span> 
     </span>
     <span class='ocr_line' id='line_1_12' title="bbox 571 1107 1878 1150; baseline 0.005 -14"><span class='ocrx_word' id='word_1_78' title='bbox 571 1116 652 1137; x_wconf 90' lang='lat' dir='ltr'>nem</span> <span class='ocrx_word' id='word_1_79' title='bbox 679 1107 780 1144; x_wconf 86' lang='lat' dir='ltr'>vitae,</span> <span class='ocrx_word' id='word_1_80' title='bbox 806 1107 880 1147; x_wconf 88' lang='lat' dir='ltr'>qui.</span> <span class='ocrx_word' id='word_1_81' title='bbox 895 1107 1004 1139; x_wconf 80' lang='lat' dir='ltr'>‚mala</span> <span class='ocrx_word' id='word_1_82' title='bbox 1028 1107 1186 1139; x_wconf 86' lang='lat' dir='ltr'>fecerunt</span> <span class='ocrx_word' id='word_1_83' title='bbox 1210 1108 1245 1139; x_wconf 91' lang='lat' dir='ltr'>in</span> <span class='ocrx_word' id='word_1_84' title='bbox 1270 1107 1563 1141; x_wconf 61' lang='lat' dir='ltr'>resurreetionem</span> <span class='ocrx_word' id='word_1_85' title='bbox 1587 1109 1738 1150; x_wconf 83' lang='lat' dir='ltr'>judieii”</span> <span class='ocrx_word' id='word_1_86' title='bbox 1760 1111 1805 1150; x_wconf 89' lang='lat' dir='ltr'>(v.</span> <span class='ocrx_word' id='word_1_87' title='bbox 1826 1111 1878 1150; x_wconf 84' lang='lat'>28,</span> 
     </span>
    </p>
   </div>
   <div class='ocr_carea' id='block_1_7' title="bbox 572 1150 646 1189">
    <p class='ocr_par' dir='ltr' id='par_1_8' title="bbox 572 1150 646 1189">
     <span class='ocr_line' id='line_1_13' title="bbox 572 1150 646 1189; baseline -0.027 -9"><span class='ocrx_word' id='word_1_88' title='bbox 572 1150 626 1189; x_wconf 81' lang='lat'>29)</span> <span class='ocrx_word' id='word_1_89' title='bbox 640 1157 646 1178; x_wconf 89' lang='lat'>:</span> 
     </span>
    </p>
   </div>
   <div class='ocr_carea' id='block_1_8' title="bbox 392 1237 1877 2292">
    <p class='ocr_par' dir='ltr' id='par_1_9' title="bbox 392 1237 1877 2292">
     <span class='ocr_line' id='line_1_14' title="bbox 397 1237 1876 1293; baseline 0.004 -17"><span class='ocrx_word' id='word_1_90' title='bbox 397 1250 476 1290; x_wconf 84' lang='lat' dir='ltr'>per</span> <span class='ocrx_word' id='word_1_91' title='bbox 507 1237 618 1277; x_wconf 88' lang='lat' dir='ltr'>haec</span> <span class='ocrx_word' id='word_1_92' title='bbox 652 1251 741 1278; x_wconf 89' lang='lat' dir='ltr'>non</span> <span class='ocrx_word' id='word_1_93' title='bbox 774 1237 1042 1291; x_wconf 85' lang='lat' dir='ltr'>intelligitur</span> <span class='ocrx_word' id='word_1_94' title='bbox 1068 1239 1186 1292; x_wconf 89' lang='lat' dir='ltr'>quod</span> <span class='ocrx_word' id='word_1_95' title='bbox 1219 1246 1514 1280; x_wconf 90' lang='lat' dir='ltr'>monumenta</span> <span class='ocrx_word' id='word_1_96' title='bbox 1545 1241 1800 1293; x_wconf 88' lang='lat' dir='ltr'>aperientur</span> <span class='ocrx_word' id='word_1_97' title='bbox 1829 1247 1876 1283; x_wconf 90' lang='lat' dir='ltr'>et</span> 
     </span>
     <span class='ocr_line' id='line_1_15' title="bbox 397 1299 1877 1355; baseline 0.003 -16"><span class='ocrx_word' id='word_1_98' title='bbox 397 1299 587 1340; x_wconf 86' lang='lat' dir='ltr'>exibunt</span> <span class='ocrx_word' id='word_1_99' title='bbox 615 1313 772 1340; x_wconf 88' lang='lat' dir='ltr'>omnes</span> <span class='ocrx_word' id='word_1_100' title='bbox 804 1300 874 1340; x_wconf 91' lang='lat' dir='ltr'>die</span> <span class='ocrx_word' id='word_1_101' title='bbox 908 1300 1052 1341; x_wconf 88' lang='lat' dir='ltr'>ultimi</span> <span class='ocrx_word' id='word_1_102' title='bbox 1079 1301 1257 1353; x_wconf 88' lang='lat' dir='ltr'>judicii;</span> <span class='ocrx_word' id='word_1_103' title='bbox 1291 1302 1370 1342; x_wconf 89' lang='lat' dir='ltr'>sed</span> <span class='ocrx_word' id='word_1_104' title='bbox 1403 1315 1481 1355; x_wconf 90' lang='lat' dir='ltr'>per</span> <span class='ocrx_word' id='word_1_105' title='bbox 1513 1303 1877 1344; x_wconf 86' lang='lat' dir='ltr'>“monumenta’&#39;</span> 
     </span>
     <span class='ocr_line' id='line_1_16' title="bbox 398 1363 1876 1417; baseline 0.003 -15"><span class='ocrx_word' id='word_1_106' title='bbox 398 1377 511 1416; x_wconf 87' lang='lat' dir='ltr'>quae</span> <span class='ocrx_word' id='word_1_107' title='bbox 543 1364 814 1416; x_wconf 89' lang='lat' dir='ltr'>aperientur,</span> <span class='ocrx_word' id='word_1_108' title='bbox 850 1363 1167 1417; x_wconf 88' lang='lat' dir='ltr'>intelliguntur</span> <span class='ocrx_word' id='word_1_109' title='bbox 1199 1364 1300 1405; x_wconf 88' lang='lat' dir='ltr'>loca</span> <span class='ocrx_word' id='word_1_110' title='bbox 1330 1366 1374 1405; x_wconf 92' lang='lat' dir='ltr'>in</span> <span class='ocrx_word' id='word_1_111' title='bbox 1406 1365 1609 1406; x_wconf 88' lang='lat' dir='ltr'>inferiore</span> <span class='ocrx_word' id='word_1_112' title='bbox 1641 1372 1774 1414; x_wconf 87' lang='lat' dir='ltr'>terra,</span> <span class='ocrx_word' id='word_1_113' title='bbox 1803 1367 1876 1408; x_wconf 92' lang='lat' dir='ltr'>ubi</span> 
     </span>
     <span class='ocr_line' id='line_1_17' title="bbox 396 1426 1874 1480; baseline 0.003 -15"><span class='ocrx_word' id='word_1_114' title='bbox 396 1426 610 1466; x_wconf 86' lang='lat' dir='ltr'>reservati</span> <span class='ocrx_word' id='word_1_115' title='bbox 633 1432 678 1465; x_wconf 92' lang='lat' dir='ltr'>et</span> <span class='ocrx_word' id='word_1_116' title='bbox 702 1427 914 1466; x_wconf 87' lang='lat' dir='ltr'>custoditi</span> <span class='ocrx_word' id='word_1_117' title='bbox 939 1433 1041 1467; x_wconf 89' lang='lat' dir='ltr'>sunt</span> <span class='ocrx_word' id='word_1_118' title='bbox 1065 1440 1089 1466; x_wconf 90' lang='lat' dir='ltr'>a</span> <span class='ocrx_word' id='word_1_119' title='bbox 1114 1427 1310 1467; x_wconf 91' lang='lat' dir='ltr'>Domino</span> <span class='ocrx_word' id='word_1_120' title='bbox 1332 1427 1394 1467; x_wconf 92' lang='lat' dir='ltr'>illi</span> <span class='ocrx_word' id='word_1_121' title='bbox 1417 1428 1489 1480; x_wconf 91' lang='lat' dir='ltr'>qui</span> <span class='ocrx_word' id='word_1_122' title='bbox 1511 1427 1705 1469; x_wconf 90' lang='lat' dir='ltr'>antehac</span> <span class='ocrx_word' id='word_1_123' title='bbox 1728 1428 1874 1470; x_wconf 84' lang='lat' dir='ltr'>chari—</span> 
     </span>
     <span class='ocr_line' id='line_1_18' title="bbox 397 1489 1872 1543; baseline 0.003 -16"><span class='ocrx_word' id='word_1_124' title='bbox 397 1489 506 1528; x_wconf 87' lang='lat' dir='ltr'>tatis</span> <span class='ocrx_word' id='word_1_125' title='bbox 537 1489 677 1527; x_wconf 86' lang='lat' dir='ltr'>vitam</span> <span class='ocrx_word' id='word_1_126' title='bbox 709 1489 933 1534; x_wconf 79' lang='lat' dir='ltr'>vixerunt,</span> <span class='ocrx_word' id='word_1_127' title='bbox 963 1502 1013 1529; x_wconf 83' lang='lat' dir='ltr'>ac</span> <span class='ocrx_word' id='word_1_128' title='bbox 1048 1489 1257 1529; x_wconf 90' lang='lat' dir='ltr'>Divinum</span> <span class='ocrx_word' id='word_1_129' title='bbox 1289 1489 1469 1530; x_wconf 87' lang='lat' dir='ltr'>Domini</span> <span class='ocrx_word' id='word_1_130' title='bbox 1500 1497 1798 1543; x_wconf 87' lang='lat' dir='ltr'>agnoverunt,</span> <span class='ocrx_word' id='word_1_131' title='bbox 1825 1498 1872 1532; x_wconf 90' lang='lat' dir='ltr'>et</span> 
     </span>
     <span class='ocr_line' id='line_1_19' title="bbox 396 1550 1873 1607; baseline 0.003 -17"><span class='ocrx_word' id='word_1_132' title='bbox 396 1550 467 1590; x_wconf 89' lang='lat' dir='ltr'>die</span> <span class='ocrx_word' id='word_1_133' title='bbox 495 1550 636 1590; x_wconf 88' lang='lat' dir='ltr'>ultimi</span> <span class='ocrx_word' id='word_1_134' title='bbox 658 1550 821 1602; x_wconf 89' lang='lat' dir='ltr'>judicii,</span> <span class='ocrx_word' id='word_1_135' title='bbox 851 1557 896 1591; x_wconf 92' lang='lat' dir='ltr'>et</span> <span class='ocrx_word' id='word_1_136' title='bbox 923 1558 1025 1604; x_wconf 89' lang='lat' dir='ltr'>post</span> <span class='ocrx_word' id='word_1_137' title='bbox 1053 1551 1191 1599; x_wconf 91' lang='lat' dir='ltr'>illum,</span> <span class='ocrx_word' id='word_1_138' title='bbox 1220 1551 1386 1592; x_wconf 85' lang='lat' dir='ltr'>elevati</span> <span class='ocrx_word' id='word_1_139' title='bbox 1411 1553 1455 1592; x_wconf 91' lang='lat' dir='ltr'>in</span> <span class='ocrx_word' id='word_1_140' title='bbox 1482 1552 1671 1601; x_wconf 82' lang='lat' dir='ltr'>caelum,</span> <span class='ocrx_word' id='word_1_141' title='bbox 1695 1553 1751 1593; x_wconf 89' lang='lat' dir='ltr'>de</span> <span class='ocrx_word' id='word_1_142' title='bbox 1777 1554 1873 1607; x_wconf 90' lang='lat' dir='ltr'>qui-</span> 
     </span>
     <span class='ocr_line' id='line_1_20' title="bbox 396 1612 1873 1669; baseline 0.003 -17"><span class='ocrx_word' id='word_1_143' title='bbox 396 1612 477 1652; x_wconf 91' lang='lat' dir='ltr'>bus</span> <span class='ocrx_word' id='word_1_144' title='bbox 505 1626 635 1665; x_wconf 88' lang='lat' dir='ltr'>supra</span> <span class='ocrx_word' id='word_1_145' title='bbox 666 1613 709 1652; x_wconf 92' lang='lat' dir='ltr'>in</span> <span class='ocrx_word' id='word_1_146' title='bbox 737 1612 822 1653; x_wconf 88' lang='lat' dir='ltr'>hoc</span> <span class='ocrx_word' id='word_1_147' title='bbox 850 1613 1040 1654; x_wconf 89' lang='lat' dir='ltr'>articulo</span> <span class='ocrx_word' id='word_1_148' title='bbox 1067 1612 1234 1654; x_wconf 59' lang='lat' dir='ltr'>dietum</span> <span class='ocrx_word' id='word_1_149' title='bbox 1261 1621 1356 1664; x_wconf 90' lang='lat' dir='ltr'>est;</span> <span class='ocrx_word' id='word_1_150' title='bbox 1396 1614 1507 1655; x_wconf 88' lang='lat' dir='ltr'>haec</span> <span class='ocrx_word' id='word_1_151' title='bbox 1541 1614 1641 1655; x_wconf 90' lang='lat' dir='ltr'>loca</span> <span class='ocrx_word' id='word_1_152' title='bbox 1671 1616 1715 1656; x_wconf 91' lang='lat' dir='ltr'>in</span> <span class='ocrx_word' id='word_1_153' title='bbox 1747 1617 1873 1669; x_wconf 88' lang='lat' dir='ltr'>spiri-</span> 
     </span>
     <span class='ocr_line' id='line_1_21' title="bbox 395 1675 1874 1731; baseline 0.003 -17"><span class='ocrx_word' id='word_1_154' title='bbox 395 1675 504 1714; x_wconf 89' lang='lat' dir='ltr'>tuali</span> <span class='ocrx_word' id='word_1_155' title='bbox 545 1689 678 1715; x_wconf 90' lang='lat' dir='ltr'>sensu</span> <span class='ocrx_word' id='word_1_156' title='bbox 719 1689 796 1728; x_wconf 88' lang='lat' dir='ltr'>per</span> <span class='ocrx_word' id='word_1_157' title='bbox 839 1676 1201 1716; x_wconf 86' lang='lat' dir='ltr'>“monumenta&#39;’</span> <span class='ocrx_word' id='word_1_158' title='bbox 1241 1676 1574 1729; x_wconf 85' lang='lat' dir='ltr'>significantur:</span> <span class='ocrx_word' id='word_1_159' title='bbox 1620 1678 1739 1731; x_wconf 89' lang='lat' dir='ltr'>quod</span> <span class='ocrx_word' id='word_1_160' title='bbox 1783 1692 1874 1720; x_wconf 89' lang='lat' dir='ltr'>non</span> 
     </span>
     <span class='ocr_line' id='line_1_22' title="bbox 396 1736 1872 1793; baseline 0.003 -16"><span class='ocrx_word' id='word_1_161' title='bbox 396 1736 710 1790; x_wconf 73' lang='lat' dir='ltr'>[³¹intelligatu1·</span> <span class='ocrx_word' id='word_1_162' title='bbox 737 1739 856 1791; x_wconf 89' lang='lat' dir='ltr'>quod</span> <span class='ocrx_word' id='word_1_163' title='bbox 883 1745 1177 1779; x_wconf 86' lang='lat' dir='ltr'>monumenta</span> <span class='ocrx_word' id='word_1_164' title='bbox 1208 1739 1251 1779; x_wconf 90' lang='lat' dir='ltr'>in</span> <span class='ocrx_word' id='word_1_165' title='bbox 1284 1746 1403 1780; x_wconf 88' lang='lat' dir='ltr'>terra</span> <span class='ocrx_word' id='word_1_166' title='bbox 1429 1740 1669 1793; x_wconf 87' lang='lat' dir='ltr'>aperienda</span> <span class='ocrx_word' id='word_1_167' title='bbox 1694 1741 1801 1788; x_wconf 86' lang='lat' dir='ltr'>sint,</span> <span class='ocrx_word' id='word_1_168' title='bbox 1825 1747 1872 1782; x_wconf 88' lang='lat' dir='ltr'>et</span> 
     </span>
     <span class='ocr_line' id='line_1_23' title="bbox 394 1801 1874 1855; baseline 0.003 -15"><span class='ocrx_word' id='word_1_169' title='bbox 394 1801 513 1854; x_wconf 89' lang='lat' dir='ltr'>quod</span> <span class='ocrx_word' id='word_1_170' title='bbox 539 1815 598 1841; x_wconf 83' lang='lat' dir='ltr'>ex</span> <span class='ocrx_word' id='word_1_171' title='bbox 621 1801 707 1841; x_wconf 86' lang='lat' dir='ltr'>illis</span> <span class='ocrx_word' id='word_1_172' title='bbox 734 1802 803 1841; x_wconf 90' lang='lat' dir='ltr'>die</span> <span class='ocrx_word' id='word_1_173' title='bbox 831 1801 975 1841; x_wconf 90' lang='lat' dir='ltr'>ultimi</span> <span class='ocrx_word' id='word_1_174' title='bbox 997 1801 1149 1853; x_wconf 88' lang='lat' dir='ltr'>judicii</span> <span class='ocrx_word' id='word_1_175' title='bbox 1171 1802 1335 1842; x_wconf 88' lang='lat' dir='ltr'>exituri</span> <span class='ocrx_word' id='word_1_176' title='bbox 1358 1803 1462 1850; x_wconf 88' lang='lat' dir='ltr'>sint,</span> <span class='ocrx_word' id='word_1_177' title='bbox 1487 1808 1615 1855; x_wconf 90' lang='lat' dir='ltr'>patet</span> <span class='ocrx_word' id='word_1_178' title='bbox 1637 1803 1874 1844; x_wconf 85' lang='lat' dir='ltr'>manifeste</span> 
     </span>
     <span class='ocr_line' id='line_1_24' title="bbox 394 1864 1871 1919; baseline 0.002 -16"><span class='ocrx_word' id='word_1_179' title='bbox 394 1877 453 1903; x_wconf 87' lang='lat' dir='ltr'>ex</span> <span class='ocrx_word' id='word_1_180' title='bbox 480 1877 547 1912; x_wconf 87' lang='lat' dir='ltr'>eo,</span> <span class='ocrx_word' id='word_1_181' title='bbox 574 1864 692 1916; x_wconf 89' lang='lat' dir='ltr'>quod</span> <span class='ocrx_word' id='word_1_182' title='bbox 720 1877 876 1904; x_wconf 90' lang='lat' dir='ltr'>omnes</span> <span class='ocrx_word' id='word_1_183' title='bbox 900 1864 1105 1904; x_wconf 88' lang='lat' dir='ltr'>homines</span> <span class='ocrx_word' id='word_1_184' title='bbox 1132 1865 1288 1905; x_wconf 88' lang='lat' dir='ltr'>statim</span> <span class='ocrx_word' id='word_1_185' title='bbox 1316 1871 1419 1917; x_wconf 92' lang='lat' dir='ltr'>post</span> <span class='ocrx_word' id='word_1_186' title='bbox 1446 1871 1639 1905; x_wconf 86' lang='lat' dir='ltr'>mortem</span> <span class='ocrx_word' id='word_1_187' title='bbox 1670 1866 1713 1906; x_wconf 88' lang='lat' dir='ltr'>in</span> <span class='ocrx_word' id='word_1_188' title='bbox 1745 1866 1871 1919; x_wconf 88' lang='lat' dir='ltr'>spiri-</span> 
     </span>
     <span class='ocr_line' id='line_1_25' title="bbox 395 1925 1873 1973; baseline 0.002 -8"><span class='ocrx_word' id='word_1_189' title='bbox 395 1925 563 1966; x_wconf 87' lang='lat' dir='ltr'>tualem</span> <span class='ocrx_word' id='word_1_190' title='bbox 587 1926 801 1966; x_wconf 88' lang='lat' dir='ltr'>mundum</span> <span class='ocrx_word' id='word_1_191' title='bbox 824 1927 1023 1973; x_wconf 86' lang='lat' dir='ltr'>veniant,</span> <span class='ocrx_word' id='word_1_192' title='bbox 1049 1939 1099 1966; x_wconf 87' lang='lat' dir='ltr'>ac</span> <span class='ocrx_word' id='word_1_193' title='bbox 1126 1927 1185 1966; x_wconf 91' lang='lat' dir='ltr'>ibi</span> <span class='ocrx_word' id='word_1_194' title='bbox 1211 1927 1254 1966; x_wconf 90' lang='lat' dir='ltr'>in</span> <span class='ocrx_word' id='word_1_195' title='bbox 1281 1926 1422 1967; x_wconf 88' lang='lat' dir='ltr'>forma</span> <span class='ocrx_word' id='word_1_196' title='bbox 1448 1927 1644 1967; x_wconf 91' lang='lat' dir='ltr'>humana</span> <span class='ocrx_word' id='word_1_197' title='bbox 1670 1927 1873 1970; x_wconf 89' lang='lat' dir='ltr'>similiter</span> 
     </span>
     <span class='ocr_line' id='line_1_26' title="bbox 393 1988 1871 2042; baseline 0.001 -14"><span class='ocrx_word' id='word_1_198' title='bbox 393 1994 442 2028; x_wconf 92' lang='lat' dir='ltr'>ut</span> <span class='ocrx_word' id='word_1_199' title='bbox 464 1989 507 2028; x_wconf 91' lang='lat' dir='ltr'>in</span> <span class='ocrx_word' id='word_1_200' title='bbox 530 1989 697 2028; x_wconf 89' lang='lat' dir='ltr'>mundo</span> <span class='ocrx_word' id='word_1_201' title='bbox 716 1988 908 2028; x_wconf 87' lang='lat' dir='ltr'>naturali</span> <span class='ocrx_word' id='word_1_202' title='bbox 930 1990 1084 2029; x_wconf 86' lang='lat' dir='ltr'>vivant</span> <span class='ocrx_word' id='word_1_203' title='bbox 1104 2003 1112 2038; x_wconf 90' lang='lat'>;</span> <span class='ocrx_word' id='word_1_204' title='bbox 1140 1990 1204 2029; x_wconf 91' lang='lat' dir='ltr'>ita</span> <span class='ocrx_word' id='word_1_205' title='bbox 1226 1989 1345 2042; x_wconf 91' lang='lat' dir='ltr'>quod</span> <span class='ocrx_word' id='word_1_206' title='bbox 1368 1988 1631 2030; x_wconf 61' lang='lat' dir='ltr'>resurreetio</span> <span class='ocrx_word' id='word_1_207' title='bbox 1653 1990 1710 2030; x_wconf 88' lang='lat' dir='ltr'>sit</span> <span class='ocrx_word' id='word_1_208' title='bbox 1733 1991 1871 2031; x_wconf 89' lang='lat' dir='ltr'>cuivis</span> 
     </span>
     <span class='ocr_line' id='line_1_27' title="bbox 393 2050 1867 2105; baseline 0.002 -15"><span class='ocrx_word' id='word_1_209' title='bbox 393 2051 549 2090; x_wconf 89' lang='lat' dir='ltr'>statim</span> <span class='ocrx_word' id='word_1_210' title='bbox 576 2057 679 2103; x_wconf 87' lang='lat' dir='ltr'>post</span> <span class='ocrx_word' id='word_1_211' title='bbox 707 2057 913 2099; x_wconf 89' lang='lat' dir='ltr'>mortem,</span> <span class='ocrx_word' id='word_1_212' title='bbox 941 2050 1205 2092; x_wconf 60' lang='lat' dir='ltr'>resurreetio</span> <span class='ocrx_word' id='word_1_213' title='bbox 1231 2052 1351 2092; x_wconf 91' lang='lat' dir='ltr'>vitae</span> <span class='ocrx_word' id='word_1_214' title='bbox 1382 2051 1470 2092; x_wconf 92' lang='lat' dir='ltr'>illis</span> <span class='ocrx_word' id='word_1_215' title='bbox 1502 2052 1575 2105; x_wconf 90' lang='lat' dir='ltr'>qui</span> <span class='ocrx_word' id='word_1_216' title='bbox 1606 2052 1725 2092; x_wconf 91' lang='lat' dir='ltr'>bona</span> <span class='ocrx_word' id='word_1_217' title='bbox 1751 2052 1867 2093; x_wconf 89' lang='lat' dir='ltr'>fece-</span> 
     </span>
     <span class='ocr_line' id='line_1_28' title="bbox 393 2112 1868 2167; baseline 0.001 -14"><span class='ocrx_word' id='word_1_218' title='bbox 393 2119 510 2160; x_wconf 90' lang='lat' dir='ltr'>runt,</span> <span class='ocrx_word' id='word_1_219' title='bbox 531 2119 575 2153; x_wconf 92' lang='lat' dir='ltr'>et</span> <span class='ocrx_word' id='word_1_220' title='bbox 594 2112 855 2153; x_wconf 57' lang='lat' dir='ltr'>resurreetio</span> <span class='ocrx_word' id='word_1_221' title='bbox 869 2113 1018 2165; x_wconf 86' lang='lat' dir='ltr'>judicii</span> <span class='ocrx_word' id='word_1_222' title='bbox 1034 2114 1119 2154; x_wconf 90' lang='lat' dir='ltr'>illis</span> <span class='ocrx_word' id='word_1_223' title='bbox 1136 2115 1207 2167; x_wconf 90' lang='lat' dir='ltr'>qui</span> <span class='ocrx_word' id='word_1_224' title='bbox 1227 2114 1345 2154; x_wconf 87' lang='lat' dir='ltr'>mala</span> <span class='ocrx_word' id='word_1_225' title='bbox 1359 2114 1572 2162; x_wconf 88' lang='lat' dir='ltr'>fecerunt,</span> <span class='ocrx_word' id='word_1_226' title='bbox 1589 2120 1638 2154; x_wconf 88' lang='lat' dir='ltr'>ut</span> <span class='ocrx_word' id='word_1_227' title='bbox 1659 2120 1868 2156; x_wconf 86' lang='lat' dir='ltr'>constare</span> 
     </span>
     <span class='ocr_line' id='line_1_29' title="bbox 392 2175 1866 2228; baseline 0.003 -14"><span class='ocrx_word' id='word_1_228' title='bbox 392 2181 545 2227; x_wconf 91' lang='lat' dir='ltr'>potest</span> <span class='ocrx_word' id='word_1_229' title='bbox 569 2189 626 2214; x_wconf 81' lang='lat' dir='ltr'>ex</span> <span class='ocrx_word' id='word_1_230' title='bbox 650 2175 735 2215; x_wconf 91' lang='lat' dir='ltr'>illis</span> <span class='ocrx_word' id='word_1_231' title='bbox 758 2189 871 2228; x_wconf 87' lang='lat' dir='ltr'>quae</span> <span class='ocrx_word' id='word_1_232' title='bbox 897 2177 940 2215; x_wconf 88' lang='lat' dir='ltr'>in</span> <span class='ocrx_word' id='word_1_233' title='bbox 964 2189 1098 2228; x_wconf 91' lang='lat' dir='ltr'>opere</span> <span class='ocrx_word' id='word_1_234' title='bbox 1121 2176 1186 2215; x_wconf 74' lang='lat' dir='ltr'>De</span> <span class='ocrx_word' id='word_1_235' title='bbox 1211 2175 1339 2217; x_wconf 81' lang='lat' dir='ltr'>Caelo</span> <span class='ocrx_word' id='word_1_236' title='bbox 1362 2182 1404 2216; x_wconf 84' lang='lat' dir='ltr'>et</span> <span class='ocrx_word' id='word_1_237' title='bbox 1422 2176 1602 2228; x_wconf 84' lang='lat' dir='ltr'>Inferno</span> <span class='ocrx_word' id='word_1_238' title='bbox 1623 2190 1681 2217; x_wconf 88' lang='lat' dir='ltr'>ex</span> <span class='ocrx_word' id='word_1_239' title='bbox 1703 2177 1866 2218; x_wconf 89' lang='lat' dir='ltr'>auditis</span> 
     </span>
     <span class='ocr_line' id='line_1_30' title="bbox 392 2237 1784 2292; baseline 0.002 -16"><span class='ocrx_word' id='word_1_240' title='bbox 392 2243 438 2277; x_wconf 95' lang='lat' dir='ltr'>et</span> <span class='ocrx_word' id='word_1_241' title='bbox 464 2237 568 2276; x_wconf 84' lang='lat' dir='ltr'>visis</span> <span class='ocrx_word' id='word_1_242' title='bbox 596 2244 846 2277; x_wconf 89' lang='lat' dir='ltr'>memorata</span> <span class='ocrx_word' id='word_1_243' title='bbox 872 2244 989 2277; x_wconf 89' lang='lat' dir='ltr'>sunt.</span> <span class='ocrx_word' id='word_1_244' title='bbox 1053 2238 1179 2278; x_wconf 87' lang='lat' dir='ltr'>Haec</span> <span class='ocrx_word' id='word_1_245' title='bbox 1207 2244 1547 2291; x_wconf 86' lang='lat' dir='ltr'>repraesentata</span> <span class='ocrx_word' id='word_1_246' title='bbox 1573 2245 1678 2279; x_wconf 90' lang='lat' dir='ltr'>sunt</span> <span class='ocrx_word' id='word_1_247' title='bbox 1705 2252 1784 2292; x_wconf 87' lang='lat' dir='ltr'>per</span> 
     </span>
    </p>
   </div>
   <div class='ocr_carea' id='block_1_9' title="bbox 457 2331 1868 2460">
    <p class='ocr_par' dir='ltr' id='par_1_10' title="bbox 457 2331 1868 2460">
     <span class='ocr_line' id='line_1_31' title="bbox 457 2331 1867 2374; baseline 0.003 -12"><span class='ocrx_word' id='word_1_248' title='bbox 457 2331 561 2373; x_wconf 77' lang='lat' dir='ltr'>Quod</span> <span class='ocrx_word' id='word_1_249' title='bbox 578 2339 809 2364; x_wconf 88' lang='lat' dir='ltr'>monumenta</span> <span class='ocrx_word' id='word_1_250' title='bbox 821 2339 943 2372; x_wconf 88' lang='lat' dir='ltr'>aperta</span> <span class='ocrx_word' id='word_1_251' title='bbox 959 2333 1040 2370; x_wconf 91' lang='lat' dir='ltr'>sint,</span> <span class='ocrx_word' id='word_1_252' title='bbox 1055 2339 1089 2364; x_wconf 91' lang='lat' dir='ltr'>et</span> <span class='ocrx_word' id='word_1_253' title='bbox 1106 2333 1216 2364; x_wconf 87' lang='lat' dir='ltr'>multa</span> <span class='ocrx_word' id='word_1_254' title='bbox 1232 2343 1381 2374; x_wconf 86' lang='lat' dir='ltr'>corpora</span> <span class='ocrx_word' id='word_1_255' title='bbox 1396 2334 1645 2365; x_wconf 86' lang='lat' dir='ltr'>dormientium</span> <span class='ocrx_word' id='word_1_256' title='bbox 1662 2333 1867 2367; x_wconf 59' lang='lat' dir='ltr'>sanam-um</span> 
     </span>
     <span class='ocr_line' id='line_1_32' title="bbox 564 2376 1867 2417; baseline 0.002 -11"><span class='ocrx_word' id='word_1_257' title='bbox 564 2376 741 2413; x_wconf 87' lang='lat' dir='ltr'>suscitata,</span> <span class='ocrx_word' id='word_1_258' title='bbox 756 2383 790 2407; x_wconf 87' lang='lat' dir='ltr'>et</span> <span class='ocrx_word' id='word_1_259' title='bbox 807 2377 899 2416; x_wconf 90' lang='lat' dir='ltr'>quod</span> <span class='ocrx_word' id='word_1_260' title='bbox 913 2383 1081 2407; x_wconf 85' lang='lat' dir='ltr'>exeuntes</span> <span class='ocrx_word' id='word_1_261' title='bbox 1099 2387 1117 2407; x_wconf 91' lang='lat' dir='ltr'>e</span> <span class='ocrx_word' id='word_1_262' title='bbox 1135 2378 1373 2408; x_wconf 87' lang='lat' dir='ltr'>monumentis</span> <span class='ocrx_word' id='word_1_263' title='bbox 1391 2378 1462 2408; x_wconf 92' lang='lat' dir='ltr'>suis</span> <span class='ocrx_word' id='word_1_264' title='bbox 1479 2383 1560 2417; x_wconf 91' lang='lat' dir='ltr'>post</span> <span class='ocrx_word' id='word_1_265' title='bbox 1573 2376 1867 2410; x_wconf 64' lang='lat' dir='ltr'>resurredfionem</span> 
     </span>
     <span class='ocr_line' id='line_1_33' title="bbox 566 2418 1868 2460; baseline 0.003 -11"><span class='ocrx_word' id='word_1_266' title='bbox 566 2419 710 2449; x_wconf 88' lang='lat' dir='ltr'>Domini</span> <span class='ocrx_word' id='word_1_267' title='bbox 737 2420 887 2459; x_wconf 83' lang='lat' dir='ltr'>ingressi</span> <span class='ocrx_word' id='word_1_268' title='bbox 915 2420 986 2450; x_wconf 86' lang='lat' dir='ltr'>sint</span> <span class='ocrx_word' id='word_1_269' title='bbox 1011 2421 1046 2450; x_wconf 89' lang='lat' dir='ltr'>in</span> <span class='ocrx_word' id='word_1_270' title='bbox 1075 2418 1235 2450; x_wconf 61' lang='lat' dir='ltr'>sanetam</span> <span class='ocrx_word' id='word_1_271' title='bbox 1264 2421 1397 2457; x_wconf 90' lang='lat' dir='ltr'>urbem,</span> <span class='ocrx_word' id='word_1_272' title='bbox 1429 2426 1464 2451; x_wconf 90' lang='lat' dir='ltr'>et</span> <span class='ocrx_word' id='word_1_273' title='bbox 1491 2421 1717 2460; x_wconf 81' lang='lat' dir='ltr'>apparuerint</span> <span class='ocrx_word' id='word_1_274' title='bbox 1747 2422 1868 2454; x_wconf 87' lang='lat' dir='ltr'>multis</span> 
     </span>
    </p>
   </div>
   <div class='ocr_carea' id='block_1_10' title="bbox 563 2462 988 2502">
    <p class='ocr_par' dir='ltr' id='par_1_11' title="bbox 563 2462 988 2502">
     <span class='ocr_line' id='line_1_34' title="bbox 563 2462 988 2502; baseline 0.002 -9"><span class='ocrx_word' id='word_1_275' title='bbox 563 2462 705 2502; x_wconf 82' lang='lat' dir='ltr'>(Mattlz.</span> <span class='ocrx_word' id='word_1_276' title='bbox 722 2463 827 2493; x_wconf 84' lang='lat' dir='ltr'>xxvii.</span> <span class='ocrx_word' id='word_1_277' title='bbox 848 2470 896 2501; x_wconf 83' lang='lat'>52,</span> <span class='ocrx_word' id='word_1_278' title='bbox 917 2463 988 2501; x_wconf 86' lang='lat'><strong>53):</strong></span> 
     </span>
    </p>
   </div>
   <div class='ocr_carea' id='block_1_11' title="bbox 386 2549 1865 3042">
    <p class='ocr_par' dir='ltr' id='par_1_12' title="bbox 386 2549 1865 3042">
     <span class='ocr_line' id='line_1_35' title="bbox 389 2549 1865 2607; baseline 0.003 -18"><span class='ocrx_word' id='word_1_279' title='bbox 389 2549 509 2603; x_wconf 89' lang='lat' dir='ltr'>quod</span> <span class='ocrx_word' id='word_1_280' title='bbox 537 2556 832 2590; x_wconf 87' lang='lat' dir='ltr'>monumenta</span> <span class='ocrx_word' id='word_1_281' title='bbox 857 2556 964 2590; x_wconf 88' lang='lat' dir='ltr'>tunc</span> <span class='ocrx_word' id='word_1_282' title='bbox 998 2556 1154 2603; x_wconf 89' lang='lat' dir='ltr'>aperta</span> <span class='ocrx_word' id='word_1_283' title='bbox 1179 2550 1355 2599; x_wconf 89' lang='lat' dir='ltr'>fuerint,</span> <span class='ocrx_word' id='word_1_284' title='bbox 1384 2557 1429 2591; x_wconf 92' lang='lat' dir='ltr'>et</span> <span class='ocrx_word' id='word_1_285' title='bbox 1462 2551 1580 2604; x_wconf 91' lang='lat' dir='ltr'>quod</span> <span class='ocrx_word' id='word_1_286' title='bbox 1608 2550 1764 2601; x_wconf 60' lang='lat' dir='ltr'>saneti,</span> <span class='ocrx_word' id='word_1_287' title='bbox 1793 2554 1865 2607; x_wconf 89' lang='lat' dir='ltr'>qui</span> 
     </span>
     <span class='ocr_line' id='line_1_36' title="bbox 390 2611 1864 2666; baseline 0.002 -14"><span class='ocrx_word' id='word_1_288' title='bbox 390 2613 509 2666; x_wconf 86' lang='lat' dir='ltr'>prius</span> <span class='ocrx_word' id='word_1_289' title='bbox 536 2613 698 2652; x_wconf 89' lang='lat' dir='ltr'>mortui</span> <span class='ocrx_word' id='word_1_290' title='bbox 724 2612 913 2661; x_wconf 85' lang='lat' dir='ltr'>fuerunt,</span> <span class='ocrx_word' id='word_1_291' title='bbox 939 2613 1177 2659; x_wconf 82' lang='lat' dir='ltr'>exiverint,</span> <span class='ocrx_word' id='word_1_292' title='bbox 1203 2619 1248 2653; x_wconf 92' lang='lat' dir='ltr'>et</span> <span class='ocrx_word' id='word_1_293' title='bbox 1274 2613 1464 2665; x_wconf 80' lang='lat' dir='ltr'>ingressi</span> <span class='ocrx_word' id='word_1_294' title='bbox 1486 2611 1686 2654; x_wconf 70' lang='lat' dir='ltr'>san&amp;am</span> <span class='ocrx_word' id='word_1_295' title='bbox 1710 2615 1864 2656; x_wconf 91' lang='lat' dir='ltr'>urbem</span> 
     </span>
     <span class='ocr_line' id='line_1_37' title="bbox 389 2674 1864 2728; baseline 0.001 -13"><span class='ocrx_word' id='word_1_296' title='bbox 389 2675 542 2716; x_wconf 90' lang='lat' dir='ltr'>multis</span> <span class='ocrx_word' id='word_1_297' title='bbox 569 2677 870 2728; x_wconf 84' lang='lat' dir='ltr'>apparuerint,</span> <span class='ocrx_word' id='word_1_298' title='bbox 894 2675 1264 2728; x_wconf 82' lang='lat' dir='ltr'>repraesentabat</span> <span class='ocrx_word' id='word_1_299' title='bbox 1290 2674 1661 2717; x_wconf 71' lang='lat' dir='ltr'>resurre&amp;ionem</span> <span class='ocrx_word' id='word_1_300' title='bbox 1687 2676 1864 2718; x_wconf 88' lang='lat' dir='ltr'>illorum</span> 
     </span>
     <span class='ocr_line' id='line_1_38' title="bbox 388 2738 1864 2792; baseline 0.001 -14"><span class='ocrx_word' id='word_1_301' title='bbox 388 2739 460 2791; x_wconf 89' lang='lat' dir='ltr'>qui</span> <span class='ocrx_word' id='word_1_302' title='bbox 487 2739 530 2778; x_wconf 93' lang='lat' dir='ltr'>in</span> <span class='ocrx_word' id='word_1_303' title='bbox 557 2738 667 2778; x_wconf 88' lang='lat' dir='ltr'>locis</span> <span class='ocrx_word' id='word_1_304' title='bbox 691 2738 771 2778; x_wconf 91' lang='lat' dir='ltr'>sub</span> <span class='ocrx_word' id='word_1_305' title='bbox 793 2738 920 2778; x_wconf 86' lang='lat' dir='ltr'>caelo</span> <span class='ocrx_word' id='word_1_306' title='bbox 944 2752 968 2778; x_wconf 86' lang='lat' dir='ltr'>a</span> <span class='ocrx_word' id='word_1_307' title='bbox 992 2738 1188 2778; x_wconf 90' lang='lat' dir='ltr'>Domino</span> <span class='ocrx_word' id='word_1_308' title='bbox 1211 2752 1348 2790; x_wconf 89' lang='lat' dir='ltr'>usque</span> <span class='ocrx_word' id='word_1_309' title='bbox 1371 2738 1426 2778; x_wconf 88' lang='lat' dir='ltr'>ad</span> <span class='ocrx_word' id='word_1_310' title='bbox 1450 2738 1696 2779; x_wconf 89' lang='lat' dir='ltr'>adventum</span> <span class='ocrx_word' id='word_1_311' title='bbox 1720 2739 1864 2792; x_wconf 88' lang='lat' dir='ltr'>Ipsius</span> 
     </span>
     <span class='ocr_line' id='line_1_39' title="bbox 388 2799 1864 2854; baseline 0.001 -14"><span class='ocrx_word' id='word_1_312' title='bbox 388 2801 431 2840; x_wconf 92' lang='lat' dir='ltr'>in</span> <span class='ocrx_word' id='word_1_313' title='bbox 450 2801 664 2841; x_wconf 90' lang='lat' dir='ltr'>mundum</span> <span class='ocrx_word' id='word_1_314' title='bbox 683 2801 898 2841; x_wconf 84' lang='lat' dir='ltr'>reservati</span> <span class='ocrx_word' id='word_1_315' title='bbox 914 2807 1032 2849; x_wconf 89' lang='lat' dir='ltr'>sunt,</span> <span class='ocrx_word' id='word_1_316' title='bbox 1050 2807 1095 2841; x_wconf 90' lang='lat' dir='ltr'>et</span> <span class='ocrx_word' id='word_1_317' title='bbox 1114 2801 1186 2853; x_wconf 90' lang='lat' dir='ltr'>qui</span> <span class='ocrx_word' id='word_1_318' title='bbox 1205 2807 1307 2853; x_wconf 91' lang='lat' dir='ltr'>post</span> <span class='ocrx_word' id='word_1_319' title='bbox 1330 2799 1699 2841; x_wconf 64' lang='lat' dir='ltr'>resurrthionem</span> <span class='ocrx_word' id='word_1_320' title='bbox 1718 2801 1864 2854; x_wconf 88' lang='lat' dir='ltr'>Ipsius</span> 
     </span>
     <span class='ocr_line' id='line_1_40' title="bbox 386 2862 1862 2916; baseline 0.001 -13"><span class='ocrx_word' id='word_1_321' title='bbox 386 2864 490 2903; x_wconf 90' lang='lat' dir='ltr'>inde</span> <span class='ocrx_word' id='word_1_322' title='bbox 513 2865 716 2916; x_wconf 85' lang='lat' dir='ltr'>exempti</span> <span class='ocrx_word' id='word_1_323' title='bbox 740 2870 785 2903; x_wconf 89' lang='lat' dir='ltr'>et</span> <span class='ocrx_word' id='word_1_324' title='bbox 809 2864 852 2902; x_wconf 93' lang='lat' dir='ltr'>in</span> <span class='ocrx_word' id='word_1_325' title='bbox 876 2863 1049 2903; x_wconf 84' lang='lat' dir='ltr'>caelum</span> <span class='ocrx_word' id='word_1_326' title='bbox 1068 2863 1232 2903; x_wconf 80' lang='lat' dir='ltr'>sublati</span> <span class='ocrx_word' id='word_1_327' title='bbox 1256 2869 1385 2904; x_wconf 89' lang='lat' dir='ltr'>sunt:</span> <span class='ocrx_word' id='word_1_328' title='bbox 1414 2863 1526 2903; x_wconf 89' lang='lat' dir='ltr'>haec</span> <span class='ocrx_word' id='word_1_329' title='bbox 1548 2877 1723 2916; x_wconf 91' lang='lat' dir='ltr'>quoque</span> <span class='ocrx_word' id='word_1_330' title='bbox 1746 2862 1862 2904; x_wconf 59' lang='lat' dir='ltr'>faeta</span> 
     </span>
     <span class='ocr_line' id='line_1_41' title="bbox 387 2926 1861 2980; baseline 0.001 -15"><span class='ocrx_word' id='word_1_331' title='bbox 387 2933 505 2974; x_wconf 90' lang='lat' dir='ltr'>sunt,</span> <span class='ocrx_word' id='word_1_332' title='bbox 530 2933 575 2967; x_wconf 90' lang='lat' dir='ltr'>et</span> <span class='ocrx_word' id='word_1_333' title='bbox 600 2928 694 2966; x_wconf 89' lang='lat' dir='ltr'>visa</span> <span class='ocrx_word' id='word_1_334' title='bbox 720 2926 805 2966; x_wconf 89' lang='lat' dir='ltr'>illis</span> <span class='ocrx_word' id='word_1_335' title='bbox 829 2927 901 2979; x_wconf 88' lang='lat' dir='ltr'>qui</span> <span class='ocrx_word' id='word_1_336' title='bbox 927 2927 970 2966; x_wconf 91' lang='lat' dir='ltr'>in</span> <span class='ocrx_word' id='word_1_337' title='bbox 997 2926 1313 2978; x_wconf 88' lang='lat' dir='ltr'>Hierosolyma</span> <span class='ocrx_word' id='word_1_338' title='bbox 1335 2932 1479 2974; x_wconf 91' lang='lat' dir='ltr'>erant,</span> <span class='ocrx_word' id='word_1_339' title='bbox 1504 2927 1582 2966; x_wconf 88' lang='lat' dir='ltr'>sed</span> <span class='ocrx_word' id='word_1_340' title='bbox 1606 2940 1742 2980; x_wconf 91' lang='lat' dir='ltr'>usque</span> <span class='ocrx_word' id='word_1_341' title='bbox 1768 2927 1861 2967; x_wconf 86' lang='lat' dir='ltr'>fue-</span> 
     </span>
     <span class='ocr_line' id='line_1_42' title="bbox 386 2987 1856 3042; baseline 0.001 -14"><span class='ocrx_word' id='word_1_342' title='bbox 386 2995 488 3029; x_wconf 90' lang='lat' dir='ltr'>runt</span> <span class='ocrx_word' id='word_1_343' title='bbox 516 2990 899 3042; x_wconf 83' lang='lat' dir='ltr'>repraesentativa</span> <span class='ocrx_word' id='word_1_344' title='bbox 921 2987 1253 3030; x_wconf 60' lang='lat' dir='ltr'>resurreetionis</span> <span class='ocrx_word' id='word_1_345' title='bbox 1275 2988 1453 3029; x_wconf 89' lang='lat' dir='ltr'>illorum</span> <span class='ocrx_word' id='word_1_346' title='bbox 1479 2988 1534 3029; x_wconf 88' lang='lat' dir='ltr'>de</span> <span class='ocrx_word' id='word_1_347' title='bbox 1561 2989 1717 3042; x_wconf 91' lang='lat' dir='ltr'>quibus</span> <span class='ocrx_word' id='word_1_348' title='bbox 1741 3002 1856 3030; x_wconf 88' lang='lat' dir='ltr'>nunc</span> 
     </span>
    </p>
   </div>
  </div>
 </body>
</html>
