<?xml version="1.0" encoding="UTF-8"?>
<!DOCTYPE html PUBLIC "-//W3C//DTD XHTML 1.0 Transitional//EN"
    "http://www.w3.org/TR/xhtml1/DTD/xhtml1-transitional.dtd">
<html xmlns="http://www.w3.org/1999/xhtml" xml:lang="en" lang="en">
 <head>
  <title>
</title>
<meta http-equiv="Content-Type" content="text/html;charset=utf-8" />
  <meta name='ocr-system' content='tesseract 3.04.00' />
  <meta name='ocr-capabilities' content='ocr_page ocr_carea ocr_par ocr_line ocrx_word'/>
</head>
<body>
  <div class='ocr_page' id='page_1' title='image "apocalypsisexpli04sweduoft_0343.png"; bbox 0 0 2008 3458; ppageno 0'>
   <div class='ocr_carea' id='block_1_1' title="bbox 0 375 563 3458">
    <p class='ocr_par' dir='ltr' id='par_1_1' title="bbox 0 375 563 3458">
     <span class='ocr_line' id='line_1_1' title="bbox 0 375 563 687; baseline 0 -200"><span class='ocrx_word' id='word_1_1' title='bbox 0 375 563 687; x_wconf 95' lang='lat' dir='ltr'><strong>     </strong></span> 
     </span>
     <span class='ocr_line' id='line_1_2' title="bbox 0 687 170 877; baseline 0 -77"><span class='ocrx_word' id='word_1_2' title='bbox 0 687 170 877; x_wconf 95' lang='lat' dir='ltr'><strong>    </strong></span> 
     </span>
     <span class='ocr_line' id='line_1_3' title="bbox 0 877 200 1132; baseline 0 -138"><span class='ocrx_word' id='word_1_3' title='bbox 0 877 200 1132; x_wconf 95' lang='lat' dir='ltr'><strong>    </strong></span> 
     </span>
     <span class='ocr_line' id='line_1_4' title="bbox 0 1132 150 1327; baseline 0 -83"><span class='ocrx_word' id='word_1_4' title='bbox 0 1132 150 1327; x_wconf 95' lang='lat' dir='ltr'><strong>    </strong></span> 
     </span>
     <span class='ocr_line' id='line_1_5' title="bbox 0 1327 118 1446; baseline 0 2012"><span class='ocrx_word' id='word_1_5' title='bbox 0 1327 118 1446; x_wconf 95' lang='lat' dir='ltr'><strong> </strong></span> 
     </span>
     <span class='ocr_line' id='line_1_6' title="bbox 0 1446 172 3458; baseline 0 -315"><span class='ocrx_word' id='word_1_6' title='bbox 0 1446 172 3458; x_wconf 95' lang='lat' dir='ltr'><strong>   </strong></span> 
     </span>
    </p>
   </div>
   <div class='ocr_carea' id='block_1_2' title="bbox 163 390 1700 459">
    <p class='ocr_par' dir='ltr' id='par_1_2' title="bbox 163 390 1700 459">
     <span class='ocr_line' id='line_1_7' title="bbox 163 390 1700 459; baseline -0.004 -7.917"><span class='ocrx_word' id='word_1_7' title='bbox 163 390 202 458; x_wconf 67' lang='grc' dir='ltr'>ζ</span> <span class='ocrx_word' id='word_1_8' title='bbox 563 403 1342 459; x_wconf 79' lang='lat' dir='ltr'><strong>CAP.XI11.,VERS.8.—N.805[a].</strong></span> <span class='ocrx_word' id='word_1_9' title='bbox 1589 395 1700 458; x_wconf 69' lang='lat'><strong>&#39;2245</strong></span> 
     </span>
    </p>
   </div>
   <div class='ocr_carea' id='block_1_3' title="bbox 81 520 1706 1913">
    <p class='ocr_par' dir='ltr' id='par_1_3' title="bbox 81 520 1706 1913">
     <span class='ocr_line' id='line_1_8' title="bbox 150 520 1702 590; baseline -0.003 -18.881"><span class='ocrx_word' id='word_1_10' title='bbox 150 520 267 590; x_wconf 48' lang='grc' dir='ltr'><strong>ἕῖἵὲκ</strong></span> <span class='ocrx_word' id='word_1_11' title='bbox 289 528 589 578; x_wconf 79' lang='lat' dir='ltr'>necessitate,</span> <span class='ocrx_word' id='word_1_12' title='bbox 627 533 757 582; x_wconf 88' lang='lat' dir='ltr'><strong>patet</strong></span> <span class='ocrx_word' id='word_1_13' title='bbox 794 527 852 569; x_wconf 90' lang='lat' dir='ltr'><strong>ab</strong></span> <span class='ocrx_word' id='word_1_14' title='bbox 887 527 977 569; x_wconf 88' lang='lat' dir='ltr'><strong>illis</strong></span> <span class='ocrx_word' id='word_1_15' title='bbox 1015 542 1130 583; x_wconf 82' lang='lat' dir='ltr'><strong>quae</strong></span> <span class='ocrx_word' id='word_1_16' title='bbox 1167 529 1212 569; x_wconf 89' lang='lat' dir='ltr'><strong>in</strong></span> <span class='ocrx_word' id='word_1_17' title='bbox 1249 541 1359 569; x_wconf 85' lang='lat' dir='ltr'><strong>mox</strong></span> <span class='ocrx_word' id='word_1_18' title='bbox 1397 527 1702 582; x_wconf 84' lang='lat' dir='ltr'><strong>praecedente</strong></span> 
     </span>
     <span class='ocr_line' id='line_1_9' title="bbox 152 559 1704 650; baseline -0.002 -15.911"><span class='ocrx_word' id='word_1_19' title='bbox 152 559 398 650; x_wconf 34' lang='lat' dir='ltr'><strong>{articulo</strong></span> <span class='ocrx_word' id='word_1_20' title='bbox 419 589 540 633; x_wconf 68' lang='lat' dir='ltr'><strong>dista</strong></span> <span class='ocrx_word' id='word_1_21' title='bbox 565 597 612 633; x_wconf 92' lang='lat' dir='ltr'><strong>et</strong></span> <span class='ocrx_word' id='word_1_22' title='bbox 635 597 822 633; x_wconf 83' lang='lat' dir='ltr'><strong>ostensa</strong></span> <span class='ocrx_word' id='word_1_23' title='bbox 844 598 976 632; x_wconf 88' lang='lat' dir='ltr'><strong>sunt:</strong></span> <span class='ocrx_word' id='word_1_24' title='bbox 1010 605 1070 633; x_wconf 87' lang='lat' dir='ltr'><strong>ex</strong></span> <span class='ocrx_word' id='word_1_25' title='bbox 1093 590 1463 645; x_wconf 86' lang='lat' dir='ltr'><strong>significatione‘</strong></span> <span class='ocrx_word' id='word_1_26' title='bbox 1471 590 1704 631; x_wconf 89' lang='lat' dir='ltr'><strong>‘habitan—</strong></span> 
     </span>
     <span class='ocr_line' id='line_1_10' title="bbox 130 595 1703 710; baseline -0.001 -13.921"><span class='ocrx_word' id='word_1_27' title='bbox 130 595 330 707; x_wconf 24' lang='lat' dir='ltr'><strong>litium·</strong></span> <span class='ocrx_word' id='word_1_28' title='bbox 339 668 474 710; x_wconf 86' lang='lat' dir='ltr'><strong>super</strong></span> <span class='ocrx_word' id='word_1_29' title='bbox 495 654 656 705; x_wconf 89' lang='lat' dir='ltr'><strong>terra,”</strong></span> <span class='ocrx_word' id='word_1_30' title='bbox 678 655 799 710; x_wconf 90' lang='lat' dir='ltr'><strong>quod</strong></span> <span class='ocrx_word' id='word_1_31' title='bbox 822 655 880 696; x_wconf 85' lang='lat' dir='ltr'><strong>sit</strong></span> <span class='ocrx_word' id='word_1_32' title='bbox 907 654 965 695; x_wconf 91' lang='lat' dir='ltr'><strong>ab</strong></span> <span class='ocrx_word' id='word_1_33' title='bbox 990 654 1077 696; x_wconf 89' lang='lat' dir='ltr'><strong>illis</strong></span> <span class='ocrx_word' id='word_1_34' title='bbox 1103 655 1177 709; x_wconf 88' lang='lat' dir='ltr'><strong>qui</strong></span> <span class='ocrx_word' id='word_1_35' title='bbox 1200 655 1320 696; x_wconf 82' lang='lat' dir='ltr'><strong>intra</strong></span> <span class='ocrx_word' id='word_1_36' title='bbox 1342 653 1584 696; x_wconf 87' lang='lat' dir='ltr'><strong>ecclesiam</strong></span> <span class='ocrx_word' id='word_1_37' title='bbox 1607 654 1703 694; x_wconf 89' lang='lat' dir='ltr'><strong>nati</strong></span> 
     </span>
     <span class='ocr_line' id='line_1_11' title="bbox 108 705 1702 779; baseline -0.002 -18"><span class='ocrx_word' id='word_1_38' title='bbox 108 771 113 779; x_wconf 21' lang='grc' dir='ltr'><strong><em>η</em></strong></span> <span class='ocrx_word' id='word_1_39' title='bbox 115 706 190 775; x_wconf 41' lang='grc' dir='ltr'><strong>ἦξῖ</strong></span> <span class='ocrx_word' id='word_1_40' title='bbox 178 715 325 768; x_wconf 54' lang='lat' dir='ltr'><strong>&amp;un-t,</strong></span> <span class='ocrx_word' id='word_1_41' title='bbox 351 731 432 772; x_wconf 87' lang='lat' dir='ltr'><strong>per</strong></span> <span class='ocrx_word' id='word_1_42' title='bbox 456 717 694 760; x_wconf 84' lang='lat' dir='ltr'><strong>“terram”</strong></span> <span class='ocrx_word' id='word_1_43' title='bbox 716 719 836 760; x_wconf 89' lang='lat' dir='ltr'><strong>enim</strong></span> <span class='ocrx_word' id='word_1_44' title='bbox 863 717 1144 772; x_wconf 86' lang='lat' dir='ltr'><strong>significatur</strong></span> <span class='ocrx_word' id='word_1_45' title='bbox 1170 705 1378 767; x_wconf 85' lang='lat' dir='ltr'><strong>ecclesia,</strong></span> <span class='ocrx_word' id='word_1_46' title='bbox 1403 723 1451 759; x_wconf 91' lang='lat' dir='ltr'><strong>et</strong></span> <span class='ocrx_word' id='word_1_47' title='bbox 1477 731 1558 771; x_wconf 88' lang='lat' dir='ltr'><strong>per</strong></span> <span class='ocrx_word' id='word_1_48' title='bbox 1582 717 1702 758; x_wconf 90' lang='lat' dir='ltr'><strong>“ha-</strong></span> 
     </span>
     <span class='ocr_line' id='line_1_12' title="bbox 146 775 1700 859; baseline -0.001 -35.925"><span class='ocrx_word' id='word_1_49' title='bbox 146 775 406 859; x_wconf 37' lang='lat' dir='ltr'><strong>{ffbita&#39;ntes</strong></span> <span class='ocrx_word' id='word_1_50' title='bbox 437 795 572 836; x_wconf 85' lang='lat' dir='ltr'><strong>super</strong></span> <span class='ocrx_word' id='word_1_51' title='bbox 602 780 712 823; x_wconf 91' lang='lat' dir='ltr'><strong>illa‘’</strong></span> <span class='ocrx_word' id='word_1_52' title='bbox 744 780 1059 835; x_wconf 87' lang='lat' dir='ltr'><strong>significantur</strong></span> <span class='ocrx_word' id='word_1_53' title='bbox 1090 781 1164 835; x_wconf 92' lang='lat' dir='ltr'><strong>qui</strong></span> <span class='ocrx_word' id='word_1_54' title='bbox 1201 781 1260 822; x_wconf 91' lang='lat' dir='ltr'><strong>ibi</strong></span> <span class='ocrx_word' id='word_1_55' title='bbox 1298 787 1403 822; x_wconf 90' lang='lat' dir='ltr'><strong>sunt</strong></span> <span class='ocrx_word' id='word_1_56' title='bbox 1436 787 1483 822; x_wconf 90' lang='lat' dir='ltr'><strong>et</strong></span> <span class='ocrx_word' id='word_1_57' title='bbox 1515 781 1700 822; x_wconf 87' lang='lat' dir='ltr'><strong>vivunt:</strong></span> 
     </span>
     <span class='ocr_line' id='line_1_13' title="bbox 135 800 1701 904; baseline -0.001 -17.912"><span class='ocrx_word' id='word_1_58' title='bbox 135 800 326 904; x_wconf 51' lang='grc' dir='ltr'><strong>’Ϊζῗᾳιιοά</strong></span> <span class='ocrx_word' id='word_1_59' title='bbox 352 845 449 886; x_wconf 90' lang='lat' dir='ltr'><strong>nati</strong></span> <span class='ocrx_word' id='word_1_60' title='bbox 474 845 534 886; x_wconf 93' lang='lat' dir='ltr'><strong>ibi</strong></span> <span class='ocrx_word' id='word_1_61' title='bbox 559 844 892 898; x_wconf 79' lang='lat' dir='ltr'><strong>intelligantur,</strong></span> <span class='ocrx_word' id='word_1_62' title='bbox 917 852 987 887; x_wconf 88' lang='lat' dir='ltr'><strong>est</strong></span> <span class='ocrx_word' id='word_1_63' title='bbox 1016 845 1119 899; x_wconf 84' lang='lat' dir='ltr'><strong>quia</strong></span> <span class='ocrx_word' id='word_1_64' title='bbox 1141 845 1282 886; x_wconf 87' lang='lat' dir='ltr'><strong>cuivis</strong></span> <span class='ocrx_word' id='word_1_65' title='bbox 1308 850 1380 886; x_wconf 90' lang='lat' dir='ltr'><strong>est</strong></span> <span class='ocrx_word' id='word_1_66' title='bbox 1407 843 1568 898; x_wconf 88' lang='lat' dir='ltr'><strong>religio</strong></span> <span class='ocrx_word' id='word_1_67' title='bbox 1594 857 1701 885; x_wconf 88' lang='lat' dir='ltr'><strong>suae</strong></span> 
     </span>
     <span class='ocr_line' id='line_1_14' title="bbox 199 906 1701 978; baseline -0.003 -26.237"><span class='ocrx_word' id='word_1_68' title='bbox 199 906 391 965; x_wconf 52' lang='lat' dir='ltr'><strong>pariae,</strong></span> <span class='ocrx_word' id='word_1_69' title='bbox 419 922 480 950; x_wconf 87' lang='lat' dir='ltr'><strong>ex</strong></span> <span class='ocrx_word' id='word_1_70' title='bbox 502 922 638 950; x_wconf 87' lang='lat' dir='ltr'><strong>causa</strong></span> <span class='ocrx_word' id='word_1_71' title='bbox 659 908 876 962; x_wconf 86' lang='lat' dir='ltr'>imprimis</span> <span class='ocrx_word' id='word_1_72' title='bbox 898 909 1001 962; x_wconf 88' lang='lat' dir='ltr'><strong>quia</strong></span> <span class='ocrx_word' id='word_1_73' title='bbox 1023 908 1276 949; x_wconf 87' lang='lat' dir='ltr'><strong>educatur</strong></span> <span class='ocrx_word' id='word_1_74' title='bbox 1266 921 1310 949; x_wconf 88' lang='lat' dir='ltr'><strong>m</strong></span> <span class='ocrx_word' id='word_1_75' title='bbox 1337 906 1477 956; x_wconf 89' lang='lat' dir='ltr'><strong>illam,</strong></span> <span class='ocrx_word' id='word_1_76' title='bbox 1502 913 1548 948; x_wconf 91' lang='lat' dir='ltr'><strong>et</strong></span> <span class='ocrx_word' id='word_1_77' title='bbox 1572 914 1701 978; x_wconf 83' lang='lat' dir='ltr'><strong>post-</strong></span> 
     </span>
     <span class='ocr_line' id='line_1_15' title="bbox 201 970 1702 1025; baseline -0.002 -12.182"><span class='ocrx_word' id='word_1_78' title='bbox 201 972 261 1018; x_wconf 56' lang='lat'><strong>§3</strong></span> <span class='ocrx_word' id='word_1_79' title='bbox 269 970 607 1013; x_wconf 71' lang='lat' dir='ltr'><strong>confirmatur</strong></span> <span class='ocrx_word' id='word_1_80' title='bbox 596 984 641 1012; x_wconf 87' lang='lat' dir='ltr'><strong>m</strong></span> <span class='ocrx_word' id='word_1_81' title='bbox 667 970 746 1012; x_wconf 89' lang='lat' dir='ltr'><strong>illa</strong></span> <span class='ocrx_word' id='word_1_82' title='bbox 770 983 829 1011; x_wconf 87' lang='lat' dir='ltr'><strong>ex</strong></span> <span class='ocrx_word' id='word_1_83' title='bbox 858 971 1300 1024; x_wconf 87' lang='lat' dir='ltr'><strong>praedicationibus;</strong></span> <span class='ocrx_word' id='word_1_84' title='bbox 1333 971 1573 1025; x_wconf 87' lang='lat' dir='ltr'><strong>praecipue</strong></span> <span class='ocrx_word' id='word_1_85' title='bbox 1599 971 1702 1024; x_wconf 88' lang='lat' dir='ltr'><strong>quia</strong></span> 
     </span>
     <span class='ocr_line' id='line_1_16' title="bbox 99 1031 1702 1143; baseline -0.002 -65"><span class='ocrx_word' id='word_1_86' title='bbox 99 1034 342 1143; x_wconf 50' lang='lat' dir='ltr'><strong>&#39;‘·¹&#39;ssuc1</strong></span> <span class='ocrx_word' id='word_1_87' title='bbox 373 1040 480 1076; x_wconf 89' lang='lat' dir='ltr'><strong>sunt</strong></span> <span class='ocrx_word' id='word_1_88' title='bbox 523 1033 599 1089; x_wconf 84' lang='lat' dir='ltr'><strong>qui</strong></span> <span class='ocrx_word' id='word_1_89' title='bbox 637 1034 825 1075; x_wconf 88' lang='lat' dir='ltr'><strong>student</strong></span> <span class='ocrx_word' id='word_1_90' title='bbox 868 1031 1100 1075; x_wconf 56' lang='lat' dir='ltr'><strong>doetrinae</strong></span> <span class='ocrx_word' id='word_1_91' title='bbox 1141 1034 1364 1076; x_wconf 85' lang='lat' dir='ltr'><strong>ecclesiae</strong></span> <span class='ocrx_word' id='word_1_92' title='bbox 1405 1047 1458 1075; x_wconf 90' lang='lat' dir='ltr'><strong>ac</strong></span> <span class='ocrx_word' id='word_1_93' title='bbox 1500 1034 1702 1075; x_wconf 87' lang='lat' dir='ltr'><strong>interiori</strong></span> 
     </span>
     <span class='ocr_line' id='line_1_17' title="bbox 113 1085 1701 1151; baseline -0.001 -12"><span class='ocrx_word' id='word_1_94' title='bbox 113 1085 158 1108; x_wconf 41' lang='grc' dir='ltr'>Ρ</span> <span class='ocrx_word' id='word_1_95' title='bbox 240 1096 344 1139; x_wconf 75' lang='lat' dir='ltr'><strong>erbi</strong></span> <span class='ocrx_word' id='word_1_96' title='bbox 369 1095 638 1146; x_wconf 63' lang='lat' dir='ltr'><strong>intellthui,</strong></span> <span class='ocrx_word' id='word_1_97' title='bbox 666 1097 908 1146; x_wconf 86' lang='lat' dir='ltr'><strong>credentes</strong></span> <span class='ocrx_word' id='word_1_98' title='bbox 941 1098 1061 1151; x_wconf 89' lang='lat' dir='ltr'><strong>quod</strong></span> <span class='ocrx_word' id='word_1_99' title='bbox 1094 1097 1206 1138; x_wconf 86' lang='lat' dir='ltr'><strong>talia</strong></span> <span class='ocrx_word' id='word_1_100' title='bbox 1232 1097 1565 1138; x_wconf 86' lang='lat' dir='ltr'><strong>transcendant</strong></span> <span class='ocrx_word' id='word_1_101' title='bbox 1594 1110 1701 1151; x_wconf 90' lang='lat' dir='ltr'><strong>cap—</strong></span> 
     </span>
     <span class='ocr_line' id='line_1_18' title="bbox 107 1160 1700 1216; baseline -0.001 -14"><span class='ocrx_word' id='word_1_102' title='bbox 107 1188 110 1190; x_wconf 90' lang='lat'><em>-</em></span> <span class='ocrx_word' id='word_1_103' title='bbox 118 1167 180 1210; x_wconf 63' lang='lat'><strong>:⁴¹</strong></span> <span class='ocrx_word' id='word_1_104' title='bbox 199 1163 315 1211; x_wconf 64' lang='lat' dir='ltr'><strong>tum,</strong></span> <span class='ocrx_word' id='word_1_105' title='bbox 348 1166 396 1202; x_wconf 87' lang='lat' dir='ltr'><strong>et</strong></span> <span class='ocrx_word' id='word_1_106' title='bbox 427 1174 606 1216; x_wconf 88' lang='lat' dir='ltr'><strong>quoque</strong></span> <span class='ocrx_word' id='word_1_107' title='bbox 638 1161 758 1215; x_wconf 89' lang='lat' dir='ltr'><strong>quod</strong></span> <span class='ocrx_word' id='word_1_108' title='bbox 796 1173 886 1201; x_wconf 89' lang='lat' dir='ltr'><strong>non</strong></span> <span class='ocrx_word' id='word_1_109' title='bbox 919 1161 1118 1201; x_wconf 89' lang='lat' dir='ltr'><strong>videnda</strong></span> <span class='ocrx_word' id='word_1_110' title='bbox 1149 1174 1228 1201; x_wconf 87' lang='lat' dir='ltr'><strong>seu</strong></span> <span class='ocrx_word' id='word_1_111' title='bbox 1259 1160 1563 1214; x_wconf 87' lang='lat' dir='ltr'><strong>intelligenda</strong></span> <span class='ocrx_word' id='word_1_112' title='bbox 1595 1161 1700 1207; x_wconf 88' lang='lat' dir='ltr'><strong>sint,</strong></span> 
     </span>
     <span class='ocr_line' id='line_1_19' title="bbox 98 1210 1703 1319; baseline -0.001 -53"><span class='ocrx_word' id='word_1_113' title='bbox 98 1210 165 1282; x_wconf 44' lang='grc' dir='ltr'><strong>ξςῑμ</strong></span> <span class='ocrx_word' id='word_1_114' title='bbox 110 1246 177 1319; x_wconf 43' lang='grc' dir='ltr'><em>ᾗ</em></span> <span class='ocrx_word' id='word_1_115' title='bbox 175 1222 282 1267; x_wconf 73' lang='lat' dir='ltr'><strong>sed</strong></span> <span class='ocrx_word' id='word_1_116' title='bbox 313 1224 452 1266; x_wconf 88' lang='lat' dir='ltr'><strong>modo</strong></span> <span class='ocrx_word' id='word_1_117' title='bbox 478 1224 732 1275; x_wconf 82' lang='lat' dir='ltr'><strong>credenda3</strong></span> <span class='ocrx_word' id='word_1_118' title='bbox 771 1224 876 1265; x_wconf 89' lang='lat' dir='ltr'><strong>inde</strong></span> <span class='ocrx_word' id='word_1_119' title='bbox 908 1230 994 1272; x_wconf 83' lang='lat' dir='ltr'><strong>est,</strong></span> <span class='ocrx_word' id='word_1_120' title='bbox 1021 1223 1143 1278; x_wconf 90' lang='lat' dir='ltr'><strong>quod</strong></span> <span class='ocrx_word' id='word_1_121' title='bbox 1175 1224 1424 1277; x_wconf 86' lang='lat' dir='ltr'><strong>agnitionis</strong></span> <span class='ocrx_word' id='word_1_122' title='bbox 1451 1223 1703 1264; x_wconf 89' lang='lat' dir='ltr'><strong>necessitas</strong></span> 
     </span>
     <span class='ocr_line' id='line_1_20' title="bbox 129 1257 1704 1350; baseline -0.001 -20.983"><span class='ocrx_word' id='word_1_123' title='bbox 129 1314 164 1350; x_wconf 65' lang='lat'><em>5</em></span> <span class='ocrx_word' id='word_1_124' title='bbox 191 1286 263 1331; x_wconf 68' lang='lat' dir='ltr'><strong>nit</strong></span> <span class='ocrx_word' id='word_1_125' title='bbox 287 1285 378 1328; x_wconf 86' lang='lat' dir='ltr'><strong>illis</strong></span> <span class='ocrx_word' id='word_1_126' title='bbox 400 1287 474 1342; x_wconf 90' lang='lat' dir='ltr'><strong>qui</strong></span> <span class='ocrx_word' id='word_1_127' title='bbox 500 1287 621 1329; x_wconf 86' lang='lat' dir='ltr'><strong>intra</strong></span> <span class='ocrx_word' id='word_1_128' title='bbox 643 1257 885 1329; x_wconf 88' lang='lat' dir='ltr'><strong>ecclesiam</strong></span> <span class='ocrx_word' id='word_1_129' title='bbox 912 1287 1007 1329; x_wconf 88' lang='lat' dir='ltr'><strong>nati</strong></span> <span class='ocrx_word' id='word_1_130' title='bbox 1033 1293 1154 1336; x_wconf 91' lang='lat' dir='ltr'><strong>sunt,</strong></span> <span class='ocrx_word' id='word_1_131' title='bbox 1179 1301 1295 1341; x_wconf 90' lang='lat' dir='ltr'><strong>quae</strong></span> <span class='ocrx_word' id='word_1_132' title='bbox 1319 1286 1601 1341; x_wconf 84' lang='lat' dir='ltr'><strong>significatur</strong></span> <span class='ocrx_word' id='word_1_133' title='bbox 1624 1301 1704 1341; x_wconf 89' lang='lat' dir='ltr'><strong>per</strong></span> 
     </span>
     <span class='ocr_line' id='line_1_21' title="bbox 81 1347 1703 1414; baseline -0.001 -22"><span class='ocrx_word' id='word_1_134' title='bbox 81 1347 163 1414; x_wconf 29' lang='grc' dir='ltr'><strong>’,ἤ</strong></span> <span class='ocrx_word' id='word_1_135' title='bbox 193 1349 322 1407; x_wconf 79' lang='lat' dir='ltr'><strong>quod</strong></span> <span class='ocrx_word' id='word_1_136' title='bbox 350 1350 650 1392; x_wconf 88' lang='lat' dir='ltr'><strong>“adorabunt</strong></span> <span class='ocrx_word' id='word_1_137' title='bbox 677 1351 873 1392; x_wconf 85' lang='lat' dir='ltr'><strong>bestiam</strong></span> <span class='ocrx_word' id='word_1_138' title='bbox 900 1364 1060 1392; x_wconf 90' lang='lat' dir='ltr'><strong>omnes</strong></span> <span class='ocrx_word' id='word_1_139' title='bbox 1087 1350 1352 1391; x_wconf 87' lang='lat' dir='ltr'><strong>habitantes</strong></span> <span class='ocrx_word' id='word_1_140' title='bbox 1384 1364 1518 1404; x_wconf 88' lang='lat' dir='ltr'><strong>super</strong></span> <span class='ocrx_word' id='word_1_141' title='bbox 1544 1350 1703 1392; x_wconf 88' lang='lat' dir='ltr'><strong>terra&#39;&#39;</strong></span> 
     </span>
     <span class='ocr_line' id='line_1_22' title="bbox 100 1408 1701 1486; baseline -0.001 -31"><span class='ocrx_word' id='word_1_142' title='bbox 100 1419 101 1422; x_wconf 77' lang='grc'>’</span> <span class='ocrx_word' id='word_1_143' title='bbox 134 1408 338 1469; x_wconf 61' lang='lat' dir='ltr'><strong>Quod</strong></span> <span class='ocrx_word' id='word_1_144' title='bbox 373 1413 440 1455; x_wconf 87' lang='lat' dir='ltr'><strong>ita</strong></span> <span class='ocrx_word' id='word_1_145' title='bbox 476 1414 550 1464; x_wconf 93' lang='lat' dir='ltr'><strong>sit,</strong></span> <span class='ocrx_word' id='word_1_146' title='bbox 584 1414 802 1486; x_wconf 85' lang='lat' dir='ltr'><strong>imprimis</strong></span> <span class='ocrx_word' id='word_1_147' title='bbox 834 1421 1049 1455; x_wconf 88' lang='lat' dir='ltr'><strong>constare</strong></span> <span class='ocrx_word' id='word_1_148' title='bbox 1085 1419 1240 1468; x_wconf 87' lang='lat' dir='ltr'><strong>potest</strong></span> <span class='ocrx_word' id='word_1_149' title='bbox 1279 1427 1339 1455; x_wconf 86' lang='lat' dir='ltr'><strong>ex</strong></span> <span class='ocrx_word' id='word_1_150' title='bbox 1376 1419 1563 1467; x_wconf 87' lang='lat' dir='ltr'><strong>recepta</strong></span> <span class='ocrx_word' id='word_1_151' title='bbox 1598 1413 1701 1463; x_wconf 89' lang='lat' dir='ltr'><strong>fide,</strong></span> 
     </span>
     <span class='ocr_line' id='line_1_23' title="bbox 147 1476 1706 1540; baseline -0.001 -21.968"><span class='ocrx_word' id='word_1_152' title='bbox 147 1478 346 1540; x_wconf 50' lang='lat' dir='ltr'><strong>qnam</strong></span> <span class='ocrx_word' id='word_1_153' title='bbox 361 1483 533 1519; x_wconf 86' lang='lat' dir='ltr'><strong>vocant</strong></span> <span class='ocrx_word' id='word_1_154' title='bbox 564 1478 744 1519; x_wconf 85' lang='lat' dir='ltr'><strong>unicam</strong></span> <span class='ocrx_word' id='word_1_155' title='bbox 771 1477 1044 1527; x_wconf 87' lang='lat' dir='ltr'><strong>salvantem,</strong></span> <span class='ocrx_word' id='word_1_156' title='bbox 1076 1476 1204 1528; x_wconf 79' lang='lat' dir='ltr'><strong>Quod</strong></span> <span class='ocrx_word' id='word_1_157' title='bbox 1223 1476 1343 1517; x_wconf 89' lang='lat' dir='ltr'><strong>Deus</strong></span> <span class='ocrx_word' id='word_1_158' title='bbox 1368 1476 1512 1517; x_wconf 85' lang='lat' dir='ltr'><strong>Pater</strong></span> <span class='ocrx_word' id='word_1_159' title='bbox 1532 1477 1706 1518; x_wconf 86' lang='lat' dir='ltr'><strong>mz&#39;serzt</strong></span> 
     </span>
     <span class='ocr_line' id='line_1_24' title="bbox 150 1537 1704 1603; baseline -0.001 -20.969"><span class='ocrx_word' id='word_1_160' title='bbox 150 1537 366 1603; x_wconf 56' lang='lat' dir='ltr'><strong>Filium</strong></span> <span class='ocrx_word' id='word_1_161' title='bbox 389 1553 520 1582; x_wconf 83' lang='lat' dir='ltr'><strong>sunm</strong></span> <span class='ocrx_word' id='word_1_162' title='bbox 549 1555 596 1582; x_wconf 78' lang='lat' dir='ltr'><strong>tn</strong></span> <span class='ocrx_word' id='word_1_163' title='bbox 626 1540 859 1590; x_wconf 72' lang='lat' dir='ltr'><strong>Mmdum,</strong></span> <span class='ocrx_word' id='word_1_164' title='bbox 888 1547 937 1582; x_wconf 89' lang='lat' dir='ltr'><strong>ut</strong></span> <span class='ocrx_word' id='word_1_165' title='bbox 960 1547 1046 1594; x_wconf 87' lang='lat' dir='ltr'><strong>per</strong></span> <span class='ocrx_word' id='word_1_166' title='bbox 1074 1540 1339 1582; x_wconf 75' lang='lat' dir='ltr'><strong>Passionem</strong></span> <span class='ocrx_word' id='word_1_167' title='bbox 1368 1539 1406 1582; x_wconf 85' lang='lat' dir='ltr'><em>C</em></span> <span class='ocrx_word' id='word_1_168' title='bbox 1407 1554 1525 1581; x_wconf 84' lang='lat' dir='ltr'><strong>ruczs</strong></span> <span class='ocrx_word' id='word_1_169' title='bbox 1550 1540 1704 1593; x_wconf 83' lang='lat' dir='ltr'><strong>Ipszus</strong></span> 
     </span>
     <span class='ocr_line' id='line_1_25' title="bbox 99 1580 1704 1659; baseline -0.001 -13"><span class='ocrx_word' id='word_1_170' title='bbox 99 1645 101 1647; x_wconf 73' lang='grc'>,</span> <span class='ocrx_word' id='word_1_171' title='bbox 135 1580 301 1659; x_wconf 41' lang='lat' dir='ltr'><strong>*iffi-fiat</strong></span> <span class='ocrx_word' id='word_1_172' title='bbox 312 1602 602 1658; x_wconf 40' lang='lat' dir='ltr'><strong>Propzfltzatzo,</strong></span> <span class='ocrx_word' id='word_1_173' title='bbox 625 1604 885 1657; x_wconf 82' lang='lat' dir='ltr'><strong>Redemptio</strong></span> <span class='ocrx_word' id='word_1_174' title='bbox 905 1610 948 1645; x_wconf 89' lang='lat' dir='ltr'><strong>et</strong></span> <span class='ocrx_word' id='word_1_175' title='bbox 969 1603 1206 1652; x_wconf 59' lang='lat' dir='ltr'><strong>salvatam</strong></span> <span class='ocrx_word' id='word_1_176' title='bbox 1237 1617 1352 1658; x_wconf 89' lang='lat' dir='ltr'><strong>quae</strong></span> <span class='ocrx_word' id='word_1_177' title='bbox 1378 1603 1503 1653; x_wconf 90' lang='lat' dir='ltr'><strong>fides,</strong></span> <span class='ocrx_word' id='word_1_178' title='bbox 1527 1604 1563 1644; x_wconf 88' lang='lat' dir='ltr'><strong>si</strong></span> <span class='ocrx_word' id='word_1_179' title='bbox 1588 1603 1704 1644; x_wconf 82' lang='lat' dir='ltr'><strong>foret</strong></span> 
     </span>
     <span class='ocr_line' id='line_1_26' title="bbox 143 1666 1703 1720; baseline -0.001 -11.051"><span class='ocrx_word' id='word_1_180' title='bbox 143 1677 166 1709; x_wconf 61' lang='lat'><strong>-12</strong></span> <span class='ocrx_word' id='word_1_181' title='bbox 199 1667 449 1711; x_wconf 66' lang='lat' dir='ltr'><strong>seeundum</strong></span> <span class='ocrx_word' id='word_1_182' title='bbox 470 1667 620 1710; x_wconf 89' lang='lat' dir='ltr'><strong>ideam</strong></span> <span class='ocrx_word' id='word_1_183' title='bbox 643 1667 929 1709; x_wconf 90' lang='lat' dir='ltr'><strong>defensorum</strong></span> <span class='ocrx_word' id='word_1_184' title='bbox 951 1666 1054 1708; x_wconf 85' lang='lat' dir='ltr'><strong>fidei</strong></span> <span class='ocrx_word' id='word_1_185' title='bbox 1080 1674 1318 1720; x_wconf 88' lang='lat' dir='ltr'><strong>separatae</strong></span> <span class='ocrx_word' id='word_1_186' title='bbox 1345 1680 1371 1707; x_wconf 90' lang='lat' dir='ltr'><strong>a</strong></span> <span class='ocrx_word' id='word_1_187' title='bbox 1395 1667 1503 1716; x_wconf 87' lang='lat' dir='ltr'><strong>vita,</strong></span> <span class='ocrx_word' id='word_1_188' title='bbox 1527 1672 1574 1708; x_wconf 92' lang='lat' dir='ltr'><strong>et</strong></span> <span class='ocrx_word' id='word_1_189' title='bbox 1599 1666 1703 1707; x_wconf 91' lang='lat' dir='ltr'><strong>inde</strong></span> 
     </span>
     <span class='ocr_line' id='line_1_27' title="bbox 114 1729 1703 1787; baseline 0.001 -16.981"><span class='ocrx_word' id='word_1_190' title='bbox 114 1740 165 1770; x_wconf 59' lang='lat' dir='ltr'><em>a</em></span> <span class='ocrx_word' id='word_1_191' title='bbox 196 1730 449 1773; x_wconf 73' lang='lat' dir='ltr'><strong>secundum</strong></span> <span class='ocrx_word' id='word_1_192' title='bbox 481 1731 843 1787; x_wconf 86' lang='lat' dir='ltr'><strong>praedicationes</strong></span> <span class='ocrx_word' id='word_1_193' title='bbox 874 1745 934 1772; x_wconf 86' lang='lat' dir='ltr'><strong>ex</strong></span> <span class='ocrx_word' id='word_1_194' title='bbox 967 1729 1186 1780; x_wconf 58' lang='lat' dir='ltr'><strong>doetrina,</strong></span> <span class='ocrx_word' id='word_1_195' title='bbox 1221 1730 1345 1771; x_wconf 89' lang='lat' dir='ltr'><strong>nulla</strong></span> <span class='ocrx_word' id='word_1_196' title='bbox 1375 1729 1487 1770; x_wconf 89' lang='lat' dir='ltr'><strong>fides</strong></span> <span class='ocrx_word' id='word_1_197' title='bbox 1518 1737 1616 1781; x_wconf 82' lang='lat' dir='ltr'><strong>est3</strong></span> <span class='ocrx_word' id='word_1_198' title='bbox 1655 1738 1703 1772; x_wconf 88' lang='lat' dir='ltr'><strong>ut</strong></span> 
     </span>
     <span class='ocr_line' id='line_1_28' title="bbox 170 1792 1700 1849; baseline -0.003 -11.928"><span class='ocrx_word' id='word_1_199' title='bbox 170 1798 410 1837; x_wconf 55' lang='lat' dir='ltr'><strong>eomstare</strong></span> <span class='ocrx_word' id='word_1_200' title='bbox 428 1800 584 1849; x_wconf 85' lang='lat' dir='ltr'><strong>potest</strong></span> <span class='ocrx_word' id='word_1_201' title='bbox 601 1808 660 1836; x_wconf 87' lang='lat' dir='ltr'><strong>ex</strong></span> <span class='ocrx_word' id='word_1_202' title='bbox 679 1794 887 1836; x_wconf 87' lang='lat' dir='ltr'><strong>omnibus</strong></span> <span class='ocrx_word' id='word_1_203' title='bbox 905 1800 952 1836; x_wconf 89' lang='lat' dir='ltr'><strong>et</strong></span> <span class='ocrx_word' id='word_1_204' title='bbox 974 1793 1162 1848; x_wconf 86' lang='lat' dir='ltr'><strong>singulis</strong></span> <span class='ocrx_word' id='word_1_205' title='bbox 1179 1807 1292 1848; x_wconf 90' lang='lat' dir='ltr'><strong>quae</strong></span> <span class='ocrx_word' id='word_1_206' title='bbox 1311 1792 1416 1834; x_wconf 86' lang='lat' dir='ltr'><strong>fidei</strong></span> <span class='ocrx_word' id='word_1_207' title='bbox 1438 1793 1511 1834; x_wconf 90' lang='lat' dir='ltr'><strong>isti</strong></span> <span class='ocrx_word' id='word_1_208' title='bbox 1533 1793 1700 1841; x_wconf 85' lang='lat' dir='ltr'><strong>insunt,</strong></span> 
     </span>
     <span class='ocr_line' id='line_1_29' title="bbox 151 1858 1244 1913; baseline -0.004 -10.814"><span class='ocrx_word' id='word_1_209' title='bbox 151 1862 249 1903; x_wconf 83' lang='lat' dir='ltr'><strong>et</strong></span> <span class='ocrx_word' id='word_1_210' title='bbox 271 1870 388 1913; x_wconf 87' lang='lat' dir='ltr'><strong>quae</strong></span> <span class='ocrx_word' id='word_1_211' title='bbox 413 1872 472 1900; x_wconf 85' lang='lat' dir='ltr'><strong>ex</strong></span> <span class='ocrx_word' id='word_1_212' title='bbox 499 1858 577 1900; x_wconf 87' lang='lat' dir='ltr'><strong>illa</strong></span> <span class='ocrx_word' id='word_1_213' title='bbox 602 1865 953 1913; x_wconf 86' lang='lat' dir='ltr'><strong>consequuntur,</strong></span> <span class='ocrx_word' id='word_1_214' title='bbox 981 1872 1096 1912; x_wconf 92' lang='lat' dir='ltr'><strong>qua-e</strong></span> <span class='ocrx_word' id='word_1_215' title='bbox 1125 1864 1244 1907; x_wconf 87' lang='lat' dir='ltr'><strong>sunt,</strong></span> 
     </span>
    </p>
   </div>
   <div class='ocr_carea' id='block_1_4' title="bbox 479 1936 1704 2474">
    <p class='ocr_par' dir='ltr' id='par_1_4' title="bbox 479 1936 1704 2474">
     <span class='ocr_line' id='line_1_30' title="bbox 515 1936 1704 2009; baseline -0.003 -20"><span class='ocrx_word' id='word_1_216' title='bbox 515 1954 572 1999; x_wconf 91' lang='lat' dir='ltr'><strong>(i.)</strong></span> <span class='ocrx_word' id='word_1_217' title='bbox 609 1954 724 2000; x_wconf 78' lang='lat' dir='ltr'><strong>Quod</strong></span> <span class='ocrx_word' id='word_1_218' title='bbox 734 1955 788 1989; x_wconf 86' lang='lat' dir='ltr'><strong>sit</strong></span> <span class='ocrx_word' id='word_1_219' title='bbox 804 1954 1054 1999; x_wconf 86' lang='lat' dir='ltr'><strong>Propitiatio‚</strong></span> <span class='ocrx_word' id='word_1_220' title='bbox 1072 1956 1203 1999; x_wconf 90' lang='lat' dir='ltr'><strong>nempe</strong></span> <span class='ocrx_word' id='word_1_221' title='bbox 1211 1942 1450 2009; x_wconf 78' lang='lat' dir='ltr'><strong>propitiatio</strong></span> <span class='ocrx_word' id='word_1_222' title='bbox 1467 1953 1558 1990; x_wconf 89' lang='lat' dir='ltr'><strong>Dei</strong></span> <span class='ocrx_word' id='word_1_223' title='bbox 1565 1936 1704 1987; x_wconf 79' lang='lat' dir='ltr'><strong>Patris</strong></span> 
     </span>
     <span class='ocr_line' id='line_1_31' title="bbox 663 2000 1589 2047; baseline -0.002 -11"><span class='ocrx_word' id='word_1_224' title='bbox 663 2004 740 2047; x_wconf 88' lang='lat' dir='ltr'><strong>per</strong></span> <span class='ocrx_word' id='word_1_225' title='bbox 749 2003 966 2047; x_wconf 78' lang='lat' dir='ltr'><strong>passionem</strong></span> <span class='ocrx_word' id='word_1_226' title='bbox 983 2012 1048 2036; x_wconf 89' lang='lat' dir='ltr'><strong>seu</strong></span> <span class='ocrx_word' id='word_1_227' title='bbox 1057 2004 1133 2046; x_wconf 89' lang='lat' dir='ltr'><strong>per</strong></span> <span class='ocrx_word' id='word_1_228' title='bbox 1147 2002 1376 2047; x_wconf 54' lang='lat' dir='ltr'><strong>sataeuinem</strong></span> <span class='ocrx_word' id='word_1_229' title='bbox 1395 2000 1502 2034; x_wconf 74' lang='lat' dir='ltr'><strong>Filii</strong></span> <span class='ocrx_word' id='word_1_230' title='bbox 1514 2001 1589 2035; x_wconf 89' lang='lat' dir='ltr'><strong>sui</strong></span> 
     </span>
     <span class='ocr_line' id='line_1_32' title="bbox 500 2048 1703 2095; baseline -0.002 -11"><span class='ocrx_word' id='word_1_231' title='bbox 500 2049 572 2094; x_wconf 83' lang='lat' dir='ltr'><strong>(ii.)</strong></span> <span class='ocrx_word' id='word_1_232' title='bbox 610 2049 723 2095; x_wconf 77' lang='lat' dir='ltr'><strong>Quod</strong></span> <span class='ocrx_word' id='word_1_233' title='bbox 746 2050 800 2083; x_wconf 87' lang='lat' dir='ltr'><strong>sit</strong></span> <span class='ocrx_word' id='word_1_234' title='bbox 829 2049 1104 2083; x_wconf 82' lang='lat' dir='ltr'><strong>Misericordia</strong></span> <span class='ocrx_word' id='word_1_235' title='bbox 1129 2059 1194 2083; x_wconf 89' lang='lat' dir='ltr'><strong>seu</strong></span> <span class='ocrx_word' id='word_1_236' title='bbox 1222 2049 1276 2083; x_wconf 88' lang='lat' dir='ltr'><em>M</em></span> <span class='ocrx_word' id='word_1_237' title='bbox 1274 2049 1431 2083; x_wconf 75' lang='lat' dir='ltr'><strong>zseratto</strong></span> <span class='ocrx_word' id='word_1_238' title='bbox 1456 2048 1537 2083; x_wconf 88' lang='lat' dir='ltr'><strong>Dei</strong></span> <span class='ocrx_word' id='word_1_239' title='bbox 1562 2048 1703 2082; x_wconf 82' lang='lat' dir='ltr'><strong>Patris</strong></span> 
     </span>
     <span class='ocr_line' id='line_1_33' title="bbox 665 2097 1008 2142; baseline -0.003 -11"><span class='ocrx_word' id='word_1_240' title='bbox 665 2099 830 2142; x_wconf 86' lang='lat' dir='ltr'><strong>propter</strong></span> <span class='ocrx_word' id='word_1_241' title='bbox 846 2097 1008 2132; x_wconf 88' lang='lat' dir='ltr'><strong>Filium.</strong></span> 
     </span>
     <span class='ocr_line' id='line_1_34' title="bbox 486 2142 1704 2191; baseline -0.003 -11"><span class='ocrx_word' id='word_1_242' title='bbox 486 2143 573 2190; x_wconf 81' lang='lat' dir='ltr'><strong>(iii.)</strong></span> <span class='ocrx_word' id='word_1_243' title='bbox 611 2143 724 2190; x_wconf 81' lang='lat' dir='ltr'><strong>Quod</strong></span> <span class='ocrx_word' id='word_1_244' title='bbox 724 2145 860 2191; x_wconf 73' lang='lat' dir='ltr'><strong>fueret</strong></span> <span class='ocrx_word' id='word_1_245' title='bbox 876 2144 1056 2182; x_wconf 81' lang='lat' dir='ltr'><strong>Portatio</strong></span> <span class='ocrx_word' id='word_1_246' title='bbox 1068 2144 1324 2188; x_wconf 83' lang='lat' dir='ltr'><strong>iniquitatum</strong></span> <span class='ocrx_word' id='word_1_247' title='bbox 1338 2146 1560 2178; x_wconf 88' lang='lat' dir='ltr'><strong>nostrarum</strong></span> <span class='ocrx_word' id='word_1_248' title='bbox 1578 2153 1603 2177; x_wconf 89' lang='lat' dir='ltr'><strong>a</strong></span> <span class='ocrx_word' id='word_1_249' title='bbox 1622 2142 1704 2177; x_wconf 89' lang='lat' dir='ltr'><strong>Do-</strong></span> 
     </span>
     <span class='ocr_line' id='line_1_35' title="bbox 479 2190 1330 2231; baseline -0.002 -5"><span class='ocrx_word' id='word_1_250' title='bbox 479 2212 483 2216; x_wconf 92' lang='lat'>·</span> <span class='ocrx_word' id='word_1_251' title='bbox 671 2193 784 2231; x_wconf 87' lang='lat' dir='ltr'><strong>mino,</strong></span> <span class='ocrx_word' id='word_1_252' title='bbox 803 2194 839 2226; x_wconf 91' lang='lat' dir='ltr'><strong>et</strong></span> <span class='ocrx_word' id='word_1_253' title='bbox 855 2191 944 2226; x_wconf 81' lang='lat' dir='ltr'><strong>inde</strong></span> <span class='ocrx_word' id='word_1_254' title='bbox 960 2191 1158 2226; x_wconf 87' lang='lat' dir='ltr'><strong>Liberatio</strong></span> <span class='ocrx_word' id='word_1_255' title='bbox 1174 2190 1221 2225; x_wconf 84' lang='lat' dir='ltr'><strong>ab</strong></span> <span class='ocrx_word' id='word_1_256' title='bbox 1237 2190 1330 2226; x_wconf 88' lang='lat' dir='ltr'><strong>illis.</strong></span> 
     </span>
     <span class='ocr_line' id='line_1_36' title="bbox 489 2237 1702 2285; baseline -0.002 -10"><span class='ocrx_word' id='word_1_257' title='bbox 489 2238 574 2284; x_wconf 87' lang='lat' dir='ltr'><strong>(iv.)</strong></span> <span class='ocrx_word' id='word_1_258' title='bbox 611 2239 724 2285; x_wconf 79' lang='lat' dir='ltr'><strong>Quod</strong></span> <span class='ocrx_word' id='word_1_259' title='bbox 735 2239 850 2274; x_wconf 85' lang='lat' dir='ltr'><strong>detur</strong></span> <span class='ocrx_word' id='word_1_260' title='bbox 865 2239 1161 2284; x_wconf 86' lang='lat' dir='ltr'><strong>Imputativum,</strong></span> <span class='ocrx_word' id='word_1_261' title='bbox 1179 2241 1216 2272; x_wconf 84' lang='lat' dir='ltr'><strong>et</strong></span> <span class='ocrx_word' id='word_1_262' title='bbox 1230 2239 1285 2272; x_wconf 85' lang='lat' dir='ltr'><strong>sic</strong></span> <span class='ocrx_word' id='word_1_263' title='bbox 1301 2237 1405 2283; x_wconf 85' lang='lat' dir='ltr'><strong>quod</strong></span> <span class='ocrx_word' id='word_1_264' title='bbox 1415 2239 1470 2272; x_wconf 86' lang='lat' dir='ltr'><strong>sit</strong></span> <span class='ocrx_word' id='word_1_265' title='bbox 1485 2238 1702 2283; x_wconf 83' lang='lat' dir='ltr'><strong>Imputatzo</strong></span> 
     </span>
     <span class='ocr_line' id='line_1_37' title="bbox 488 2285 1435 2331; baseline -0.001 -10"><span class='ocrx_word' id='word_1_266' title='bbox 488 2293 490 2295; x_wconf 84' lang='grc'><em>“</em></span> <span class='ocrx_word' id='word_1_267' title='bbox 671 2287 809 2321; x_wconf 87' lang='lat' dir='ltr'><strong>meriti</strong></span> <span class='ocrx_word' id='word_1_268' title='bbox 821 2286 990 2321; x_wconf 85' lang='lat' dir='ltr'><strong>Domini</strong></span> <span class='ocrx_word' id='word_1_269' title='bbox 995 2287 1072 2331; x_wconf 86' lang='lat' dir='ltr'><strong>per</strong></span> <span class='ocrx_word' id='word_1_270' title='bbox 1087 2297 1204 2330; x_wconf 87' lang='lat' dir='ltr'><strong>quam</strong></span> <span class='ocrx_word' id='word_1_271' title='bbox 1220 2285 1435 2320; x_wconf 84' lang='lat' dir='ltr'><strong>salvamur.</strong></span> 
     </span>
     <span class='ocr_line' id='line_1_38' title="bbox 505 2333 1517 2379; baseline -0.003 -9"><span class='ocrx_word' id='word_1_272' title='bbox 505 2333 574 2379; x_wconf 86' lang='lat' dir='ltr'>(v.)</span> <span class='ocrx_word' id='word_1_273' title='bbox 612 2333 725 2379; x_wconf 78' lang='lat' dir='ltr'><strong>Quod</strong></span> <span class='ocrx_word' id='word_1_274' title='bbox 735 2335 787 2368; x_wconf 89' lang='lat' dir='ltr'><strong>sit</strong></span> <span class='ocrx_word' id='word_1_275' title='bbox 803 2334 1026 2368; x_wconf 83' lang='lat' dir='ltr'><strong>Intercessio</strong></span> <span class='ocrx_word' id='word_1_276' title='bbox 1041 2333 1209 2368; x_wconf 85' lang='lat' dir='ltr'><strong>Domini</strong></span> <span class='ocrx_word' id='word_1_277' title='bbox 1221 2333 1332 2378; x_wconf 85' lang='lat' dir='ltr'><strong>apud</strong></span> <span class='ocrx_word' id='word_1_278' title='bbox 1345 2333 1517 2367; x_wconf 87' lang='lat' dir='ltr'><strong>Patrem.</strong></span> 
     </span>
     <span class='ocr_line' id='line_1_39' title="bbox 491 2379 1703 2427; baseline -0.003 -10"><span class='ocrx_word' id='word_1_279' title='bbox 491 2381 575 2427; x_wconf 88' lang='lat' dir='ltr'><strong>(vi.)</strong></span> <span class='ocrx_word' id='word_1_280' title='bbox 611 2381 726 2427; x_wconf 79' lang='lat' dir='ltr'><strong>Quod</strong></span> <span class='ocrx_word' id='word_1_281' title='bbox 736 2382 790 2416; x_wconf 85' lang='lat' dir='ltr'><strong>sit</strong></span> <span class='ocrx_word' id='word_1_282' title='bbox 806 2381 1027 2426; x_wconf 84' lang='lat' dir='ltr'><strong>Redemptio</strong></span> <span class='ocrx_word' id='word_1_283' title='bbox 1043 2384 1079 2415; x_wconf 90' lang='lat' dir='ltr'><strong>et</strong></span> <span class='ocrx_word' id='word_1_284' title='bbox 1098 2381 1277 2415; x_wconf 81' lang='lat' dir='ltr'><strong>Salvatio</strong></span> <span class='ocrx_word' id='word_1_285' title='bbox 1294 2380 1431 2425; x_wconf 83' lang='lat' dir='ltr'><strong>absque</strong></span> <span class='ocrx_word' id='word_1_286' title='bbox 1447 2379 1582 2414; x_wconf 87' lang='lat' dir='ltr'><strong>mediis</strong></span> <span class='ocrx_word' id='word_1_287' title='bbox 1597 2380 1703 2413; x_wconf 88' lang='lat' dir='ltr'><strong>vitae</strong></span> 
     </span>
     <span class='ocr_line' id='line_1_40' title="bbox 669 2427 1701 2474; baseline -0.003 -11"><span class='ocrx_word' id='word_1_288' title='bbox 669 2431 707 2463; x_wconf 86' lang='lat' dir='ltr'><strong>et</strong></span> <span class='ocrx_word' id='word_1_289' title='bbox 711 2428 821 2474; x_wconf 85' lang='lat' dir='ltr'><strong>fidei,</strong></span> <span class='ocrx_word' id='word_1_290' title='bbox 835 2432 871 2463; x_wconf 86' lang='lat' dir='ltr'><strong>et</strong></span> <span class='ocrx_word' id='word_1_291' title='bbox 887 2429 975 2463; x_wconf 84' lang='lat' dir='ltr'><strong>inde</strong></span> <span class='ocrx_word' id='word_1_292' title='bbox 988 2428 1092 2474; x_wconf 84' lang='lat' dir='ltr'><strong>quod</strong></span> <span class='ocrx_word' id='word_1_293' title='bbox 1103 2429 1156 2462; x_wconf 88' lang='lat' dir='ltr'><strong>sit</strong></span> <span class='ocrx_word' id='word_1_294' title='bbox 1172 2427 1398 2462; x_wconf 87' lang='lat' dir='ltr'><strong>immediata</strong></span> <span class='ocrx_word' id='word_1_295' title='bbox 1412 2427 1701 2462; x_wconf 69' lang='lat' dir='ltr'><strong>Misericordia.</strong></span> 
     </span>
    </p>
   </div>
   <div class='ocr_carea' id='block_1_5' title="bbox 476 2512 1702 2595">
    <p class='ocr_par' dir='ltr' id='par_1_5' title="bbox 476 2512 1702 2595">
     <span class='ocr_line' id='line_1_41' title="bbox 476 2512 1702 2568; baseline -0.002 -19"><span class='ocrx_word' id='word_1_296' title='bbox 476 2513 575 2560; x_wconf 84' lang='lat' dir='ltr'><strong>(vii.)</strong></span> <span class='ocrx_word' id='word_1_297' title='bbox 611 2513 726 2568; x_wconf 80' lang='lat' dir='ltr'><strong>Quod</strong></span> <span class='ocrx_word' id='word_1_298' title='bbox 737 2513 781 2547; x_wconf 88' lang='lat' dir='ltr'><strong>in</strong></span> <span class='ocrx_word' id='word_1_299' title='bbox 798 2512 868 2548; x_wconf 88' lang='lat' dir='ltr'><strong>illa</strong></span> <span class='ocrx_word' id='word_1_300' title='bbox 875 2512 958 2558; x_wconf 88' lang='lat' dir='ltr'><strong>fide</strong></span> <span class='ocrx_word' id='word_1_301' title='bbox 980 2513 1034 2547; x_wconf 91' lang='lat' dir='ltr'><strong>sit</strong></span> <span class='ocrx_word' id='word_1_302' title='bbox 1057 2512 1165 2547; x_wconf 88' lang='lat' dir='ltr'><strong>nulla</strong></span> <span class='ocrx_word' id='word_1_303' title='bbox 1184 2512 1333 2559; x_wconf 63' lang='lat' dir='ltr'><strong>religio.</strong></span> <span class='ocrx_word' id='word_1_304' title='bbox 1350 2513 1418 2547; x_wconf 88' lang='lat' dir='ltr'><strong>sed</strong></span> <span class='ocrx_word' id='word_1_305' title='bbox 1430 2512 1534 2558; x_wconf 87' lang='lat' dir='ltr'><strong>quod</strong></span> <span class='ocrx_word' id='word_1_306' title='bbox 1545 2514 1599 2547; x_wconf 88' lang='lat' dir='ltr'><strong>sit</strong></span> <span class='ocrx_word' id='word_1_307' title='bbox 1615 2513 1702 2547; x_wconf 87' lang='lat' dir='ltr'><strong>ina-</strong></span> 
     </span>
     <span class='ocr_line' id='line_1_42' title="bbox 671 2561 1036 2595; baseline -0.003 0"><span class='ocrx_word' id='word_1_308' title='bbox 671 2561 779 2595; x_wconf 87' lang='lat' dir='ltr'><strong>nitas</strong></span> <span class='ocrx_word' id='word_1_309' title='bbox 794 2564 830 2595; x_wconf 88' lang='lat' dir='ltr'><strong>et</strong></span> <span class='ocrx_word' id='word_1_310' title='bbox 849 2561 1036 2595; x_wconf 81' lang='lat' dir='ltr'><strong>vacuitas.</strong></span> 
     </span>
    </p>
   </div>
   <div class='ocr_carea' id='block_1_6' title="bbox 460 2623 1702 2718">
    <p class='ocr_par' dir='ltr' id='par_1_6' title="bbox 460 2623 1702 2718">
     <span class='ocr_line' id='line_1_43' title="bbox 460 2623 1702 2671; baseline -0.001 -11"><span class='ocrx_word' id='word_1_311' title='bbox 460 2623 573 2669; x_wconf 87' lang='lat' dir='ltr'><strong>(viii.)</strong></span> <span class='ocrx_word' id='word_1_312' title='bbox 610 2623 725 2670; x_wconf 78' lang='lat' dir='ltr'><strong>Quod</strong></span> <span class='ocrx_word' id='word_1_313' title='bbox 743 2635 809 2659; x_wconf 88' lang='lat' dir='ltr'><strong>nec</strong></span> <span class='ocrx_word' id='word_1_314' title='bbox 832 2635 875 2658; x_wconf 87' lang='lat' dir='ltr'><strong>m</strong></span> <span class='ocrx_word' id='word_1_315' title='bbox 900 2624 970 2658; x_wconf 91' lang='lat' dir='ltr'><strong>illa</strong></span> <span class='ocrx_word' id='word_1_316' title='bbox 995 2625 1048 2658; x_wconf 86' lang='lat' dir='ltr'><strong>sit</strong></span> <span class='ocrx_word' id='word_1_317' title='bbox 1065 2623 1201 2671; x_wconf 76' lang='lat' dir='ltr'><strong>alequa</strong></span> <span class='ocrx_word' id='word_1_318' title='bbox 1209 2623 1311 2668; x_wconf 85' lang='lat' dir='ltr'><strong>fides</strong></span> <span class='ocrx_word' id='word_1_319' title='bbox 1330 2624 1372 2658; x_wconf 87' lang='lat' dir='ltr'><strong>in</strong></span> <span class='ocrx_word' id='word_1_320' title='bbox 1394 2623 1619 2665; x_wconf 86' lang='lat' dir='ltr'><strong>Dominum,</strong></span> <span class='ocrx_word' id='word_1_321' title='bbox 1638 2634 1702 2659; x_wconf 89' lang='lat' dir='ltr'><strong>nec</strong></span> 
     </span>
     <span class='ocr_line' id='line_1_44' title="bbox 670 2667 1560 2718; baseline -0.001 -12"><span class='ocrx_word' id='word_1_322' title='bbox 670 2673 822 2718; x_wconf 81' lang='lat' dir='ltr'><strong>agnitio</strong></span> <span class='ocrx_word' id='word_1_323' title='bbox 839 2671 989 2706; x_wconf 83' lang='lat' dir='ltr'><strong>Divini</strong></span> <span class='ocrx_word' id='word_1_324' title='bbox 1001 2667 1133 2717; x_wconf 81' lang='lat' dir='ltr'><strong>Ipsius</strong></span> <span class='ocrx_word' id='word_1_325' title='bbox 1151 2673 1194 2705; x_wconf 90' lang='lat' dir='ltr'><strong>in</strong></span> <span class='ocrx_word' id='word_1_326' title='bbox 1214 2670 1400 2705; x_wconf 88' lang='lat' dir='ltr'><strong>Humano</strong></span> <span class='ocrx_word' id='word_1_327' title='bbox 1416 2671 1560 2716; x_wconf 37' lang='lat' dir='ltr'><strong>Ipszssus</strong></span> 
     </span>
    </p>
   </div>
   <div class='ocr_carea' id='block_1_7' title="bbox 489 2732 1702 2865">
    <p class='ocr_par' dir='ltr' id='par_1_7' title="bbox 489 2732 1702 2865">
     <span class='ocr_line' id='line_1_45' title="bbox 489 2732 1700 2781; baseline -0.002 -10"><span class='ocrx_word' id='word_1_328' title='bbox 489 2732 573 2781; x_wconf 80' lang='lat' dir='ltr'><strong>(ix.)</strong></span> <span class='ocrx_word' id='word_1_329' title='bbox 610 2735 883 2780; x_wconf 84' lang='lat' dir='ltr'><strong>Consequenter</strong></span> <span class='ocrx_word' id='word_1_330' title='bbox 897 2735 1002 2781; x_wconf 79' lang='lat' dir='ltr'><strong>quod</strong></span> <span class='ocrx_word' id='word_1_331' title='bbox 1003 2734 1157 2780; x_wconf 70' lang='lat' dir='ltr'><strong>fiducia</strong></span> <span class='ocrx_word' id='word_1_332' title='bbox 1175 2735 1284 2769; x_wconf 89' lang='lat' dir='ltr'><strong>illius</strong></span> <span class='ocrx_word' id='word_1_333' title='bbox 1291 2735 1396 2780; x_wconf 82' lang='lat' dir='ltr'><strong>fidet</strong></span> <span class='ocrx_word' id='word_1_334' title='bbox 1410 2739 1447 2769; x_wconf 91' lang='lat' dir='ltr'><strong>et</strong></span> <span class='ocrx_word' id='word_1_335' title='bbox 1461 2735 1700 2779; x_wconf 80' lang='lat' dir='ltr'><strong>confidentia,</strong></span> 
     </span>
     <span class='ocr_line' id='line_1_46' title="bbox 671 2782 1702 2838; baseline -0.001 -21"><span class='ocrx_word' id='word_1_336' title='bbox 671 2793 769 2828; x_wconf 84' lang='lat' dir='ltr'><strong>quae</strong></span> <span class='ocrx_word' id='word_1_337' title='bbox 775 2782 895 2838; x_wconf 38' lang='lat' dir='ltr'><strong>’bodie</strong></span> <span class='ocrx_word' id='word_1_338' title='bbox 903 2785 980 2828; x_wconf 84' lang='lat' dir='ltr'><strong>pro</strong></span> <span class='ocrx_word' id='word_1_339' title='bbox 997 2783 1112 2817; x_wconf 87' lang='lat' dir='ltr'><strong>unica</strong></span> <span class='ocrx_word' id='word_1_340' title='bbox 1120 2782 1204 2827; x_wconf 83' lang='lat' dir='ltr'><strong>fide</strong></span> <span class='ocrx_word' id='word_1_341' title='bbox 1215 2782 1390 2818; x_wconf 86' lang='lat' dir='ltr'><strong>salvante</strong></span> <span class='ocrx_word' id='word_1_342' title='bbox 1406 2784 1555 2828; x_wconf 87' lang='lat' dir='ltr'><strong>recepta</strong></span> <span class='ocrx_word' id='word_1_343' title='bbox 1572 2786 1635 2823; x_wconf 88' lang='lat' dir='ltr'><strong>est,</strong></span> <span class='ocrx_word' id='word_1_344' title='bbox 1648 2784 1702 2816; x_wconf 87' lang='lat' dir='ltr'><strong>sit</strong></span> 
     </span>
     <span class='ocr_line' id='line_1_47' title="bbox 670 2840 905 2865; baseline 0 -1"><span class='ocrx_word' id='word_1_345' title='bbox 670 2840 746 2864; x_wconf 80' lang='lat' dir='ltr'><strong>vox</strong></span> <span class='ocrx_word' id='word_1_346' title='bbox 762 2841 905 2865; x_wconf 82' lang='lat' dir='ltr'><strong>znanzs.</strong></span> 
     </span>
    </p>
   </div>
   <div class='ocr_carea' id='block_1_8' title="bbox 506 2892 1350 2940">
    <p class='ocr_par' dir='ltr' id='par_1_8' title="bbox 506 2892 1350 2940">
     <span class='ocr_line' id='line_1_48' title="bbox 506 2892 1350 2940; baseline 0.001 -12"><span class='ocrx_word' id='word_1_347' title='bbox 506 2892 575 2938; x_wconf 83' lang='lat' dir='ltr'>(x.)</span> <span class='ocrx_word' id='word_1_348' title='bbox 612 2893 726 2939; x_wconf 77' lang='lat' dir='ltr'><strong>Quod</strong></span> <span class='ocrx_word' id='word_1_349' title='bbox 726 2893 827 2938; x_wconf 84' lang='lat' dir='ltr'><strong>fides</strong></span> <span class='ocrx_word' id='word_1_350' title='bbox 842 2893 997 2928; x_wconf 84' lang='lat' dir='ltr'><strong>salvans</strong></span> <span class='ocrx_word' id='word_1_351' title='bbox 1005 2895 1169 2940; x_wconf 86' lang='lat' dir='ltr'><strong>prorsus</strong></span> <span class='ocrx_word' id='word_1_352' title='bbox 1185 2893 1269 2928; x_wconf 90' lang='lat' dir='ltr'><strong>alia</strong></span> <span class='ocrx_word' id='word_1_353' title='bbox 1286 2895 1350 2929; x_wconf 86' lang='lat' dir='ltr'><strong>sit.</strong></span> 
     </span>
    </p>
   </div>
   <div class='ocr_carea' id='block_1_9' title="bbox 198 2995 1696 3052">
    <p class='ocr_par' dir='ltr' id='par_1_9' title="bbox 82 2990 1696 3052">
     <span class='ocr_line' id='line_1_49' title="bbox 198 2995 1696 3052; baseline -0.001 -13.072"><span class='ocrx_word' id='word_1_354' title='bbox 198 2995 290 3040; x_wconf 88' lang='lat' dir='ltr'><strong>Sed</strong></span> <span class='ocrx_word' id='word_1_355' title='bbox 321 2995 424 3052; x_wconf 90' lang='lat' dir='ltr'><strong>quia</strong></span> <span class='ocrx_word' id='word_1_356' title='bbox 454 2995 498 3036; x_wconf 91' lang='lat' dir='ltr'><strong>in</strong></span> <span class='ocrx_word' id='word_1_357' title='bbox 530 3009 606 3037; x_wconf 90' lang='lat' dir='ltr'><strong>ore</strong></span> <span class='ocrx_word' id='word_1_358' title='bbox 638 3004 782 3049; x_wconf 87' lang='lat' dir='ltr'><strong>paene</strong></span> <span class='ocrx_word' id='word_1_359' title='bbox 813 2996 1012 3037; x_wconf 89' lang='lat' dir='ltr'><strong>omnium</strong></span> <span class='ocrx_word' id='word_1_360' title='bbox 1043 3002 1128 3045; x_wconf 85' lang='lat' dir='ltr'><strong>est,</strong></span> <span class='ocrx_word' id='word_1_361' title='bbox 1157 2996 1231 3050; x_wconf 90' lang='lat' dir='ltr'><strong>qui</strong></span> <span class='ocrx_word' id='word_1_362' title='bbox 1262 2996 1320 3037; x_wconf 88' lang='lat' dir='ltr'><strong>ab</strong></span> <span class='ocrx_word' id='word_1_363' title='bbox 1352 2995 1545 3037; x_wconf 87' lang='lat' dir='ltr'><strong>ecclesia</strong></span> <span class='ocrx_word' id='word_1_364' title='bbox 1575 3002 1696 3045; x_wconf 89' lang='lat' dir='ltr'><strong>sunt,</strong></span> 
     </span>
    </p>
   </div>
   <div class='ocr_carea' id='block_1_10' title="bbox 69 3059 1695 3159">
    <p class='ocr_par' dir='ltr' id='par_1_10' title="bbox 69 3049 1695 3159">
     <span class='ocr_line' id='line_1_50' title="bbox 69 3059 1695 3126; baseline -0.001 -23"><span class='ocrx_word' id='word_1_365' title='bbox 69 3083 145 3126; x_wconf 63' lang='lat'>7</span> <span class='ocrx_word' id='word_1_366' title='bbox 170 3087 171 3090; x_wconf 62' lang='lat'><em>=</em></span> <span class='ocrx_word' id='word_1_367' title='bbox 198 3059 320 3115; x_wconf 86' lang='lat' dir='ltr'><strong>quod</strong></span> <span class='ocrx_word' id='word_1_368' title='bbox 351 3059 574 3102; x_wconf 79' lang='lat' dir='ltr'><strong>Dominus</strong></span> <span class='ocrx_word' id='word_1_369' title='bbox 605 3072 762 3112; x_wconf 88' lang='lat' dir='ltr'><strong>passus</strong></span> <span class='ocrx_word' id='word_1_370' title='bbox 794 3059 851 3100; x_wconf 90' lang='lat' dir='ltr'><strong>sit</strong></span> <span class='ocrx_word' id='word_1_371' title='bbox 883 3071 1061 3101; x_wconf 87' lang='lat' dir='ltr'><strong>crucem</strong></span> <span class='ocrx_word' id='word_1_372' title='bbox 1093 3065 1278 3113; x_wconf 88' lang='lat' dir='ltr'><strong>propter</strong></span> <span class='ocrx_word' id='word_1_373' title='bbox 1303 3065 1459 3101; x_wconf 89' lang='lat' dir='ltr'><strong>nostra</strong></span> <span class='ocrx_word' id='word_1_374' title='bbox 1490 3066 1695 3114; x_wconf 89' lang='lat' dir='ltr'><strong>peccata,</strong></span> 
     </span>
     <span class='ocr_line' id='line_1_51' title="bbox 71 3122 134 3159; baseline -0.016 0"><span class='ocrx_word' id='word_1_375' title='bbox 71 3131 74 3134; x_wconf 59' lang='lat'><strong>⁴</strong></span> <span class='ocrx_word' id='word_1_376' title='bbox 92 3122 134 3159; x_wconf 45' lang='lat'><strong>&amp;⁸4⁵</strong></span> 
     </span>
    </p>
   </div>
  </div>
 </body>
</html>
