2054 3464
586 382 697 432 CAP,
715 382 819 423 xn„
843 381 981 415 VERs.
1010 381 1180 415 11.—-N.
1203 371 1365 427 750[e].
1610 380 1718 425 2115

402 495 592 580 Ξρὲῐιὲτξῐῖξ,
607 495 974 579 1t}ui1a6q;1;1)esiverunt
998 496 1114 527 cibum
1139 494 1217 533 sibi,
1242 505 1312 537 quo
1336 499 1537 526 recrearent
1561 494 1721 525 animam

422 550 444 572 u
566 549 586 571 1.
649 564 656 578 ,
718 564 726 577 ,
815 550 822 571 :

113 677 120 684 .
144 666 159 675 f
225 621 341 664 haec
367 620 487 664 dieta
518 628 623 664 sunt
656 621 712 663 de
738 621 950 670 ecclesia,
979 622 1023 661 in
1055 635 1143 675 qua
1174 635 1265 662 non
1292 634 1447 662 verum
1473 626 1520 662 et
1553 620 1722 661 bonum

107 676 114 723 ⁵.
172 684 175 690 ’
225 680 704 739 ἀὸὲὶῑίηεισειῐηρϋυε,
744 684 862 725 unde
904 684 1113 724 homines
1155 683 1247 737 ejus
1290 684 1603 724 desiderantes
1644 682 1723 724 illa

224 747 467 792 deficiunt:
499 745 699 789 defestus
725 746 831 788 boni
858 752 904 788 et
933 747 1026 787 veri
1052 747 1095 786 in
1122 744 1341 794 doarina,
1371 759 1422 786 ac
1450 745 1721 786 desiderium

226 810 287 852 ad
313 810 391 853 illa
415 810 472 852 ad
497 811 640 851 vitam
667 809 770 850 fidei
801 815 848 850 et
875 807 1136 850 intellectus
1163 809 1467 857 nutriendam,
1496 806 1722 861 significa-

224 879 298 916 tur
336 887 418 928 per
460 871 663 914 “Omnis
710 871 902 926 populus
944 878 1198 925 gementes,
1243 877 1512 925 quaerentes
1558 883 1722 924 panem

224 936 447 979 dederunt
473 935 792 977 desiderabilia
820 948 900 988 pro
927 935 1042 983 cibo,
1071 934 1128 974 ad
1155 934 1448 975 recreandum
1475 934 1671 974 animam
1689 932 1723 983 ;''

179 1030 181 1034 ι
223 997 425 1043 dese-:stus
447 997 726 1053 significatur
743 1011 822 1051 per
843 996 1161 1050 “gementes,''
1179 997 1449 1038 desiderium
1473 996 1530 1036 ad
1552 995 1721 1036 bonum

223 1071 303 1117 per
329 1066 638 1117 “quaerentes
665 1059 870 1114 panem‚”
897 1060 1168 1101 desiderium
1195 1059 1251 1100 ad
1284 1072 1438 1100 verum
1471 1072 1549 1112 per
1578 1058 1722 1098 “dare

99 1160 107 1182 3
129 1162 136 1180 „⁴
222 1123 538 1167 desiderabilia
563 1137 642 1164 sua
668 1136 749 1177 pro
775 1122 917 1171 cibo,’'
943 1123 1130 1163 nutritio
1157 1121 1259 1162 fidei
1285 1129 1331 1162 et
1358 1119 1617 1162 intellectus
1644 1134 1723 1174 per

174 1215 177 1217 -
198 1197 202 1200 '
225 1187 321 1230 “ad
352 1187 648 1230 recreandum
679 1186 878 1226 animam
897 1185 932 1226 :”
973 1185 1097 1239 quod·
1131 1198 1222 1225 non
1260 1185 1318 1225 sit
1356 1184 1505 1238 aliqua
1536 1183 1723 1224 nutritio

110 1296 114 1303 ,
143 1288 150 1298 .,
221 1250 327 1294 fidei
362 1257 410 1293 et
446 1248 722 1298 intelleeffms,
756 1249 860 1303 quia
897 1262 988 1289 non
1026 1248 1218 1302 amplius
1256 1254 1361 1288 sunt
1394 1261 1500 1288 vera
1537 1253 1723 1301 propter

223 1314 346 1357 mala
376 1315 512 1364 vitae,
546 1312 827 1366 significatur
857 1326 936 1366 per
964 1311 1165 1352 “Procul
1197 1317 1268 1352 est
1300 1325 1326 1352 a
1358 1325 1429 1352 me
1462 1310 1720 1359 consolans,

222 1390 436 1420 recreans
464 1376 663 1418 animam
695 1388 860 1423 meam,
887 1373 992 1416 facti
1024 1380 1129 1415 sunt
1161 1373 1239 1414 filii
1272 1374 1358 1415 mei
1390 1374 1636 1423 devastati,
1667 1387 1722 1415 eo

194 1485 196 1488 ,
223 1440 346 1496 quod
379 1439 620 1485 invaluerit
657 1437 855 1488 hostis;''
889 1437 1004 1478 “filii
1036 1437 1295 1479 devastati'’
1327 1437 1585 1490 significant
1616 1451 1723 1478 vera

111 1502 147 1526 ³⁹
175 1535 185 1538 —
223 1516 316 1546 non
351 1502 559 1557 amplius,
602 1500 818 1543 “hostis''
854 1501 927 1555 qui
969 1500 1159 1542 invaluit
1196 1499 1422 1553 significat
1460 1499 1629 1540 malum
1665 1500 1723 1540 ab

130 1561 150 1621 ¹¹
223 1566 411 1621 inferno,
435 1567 500 1607 ita
522 1564 690 1606 malum
714 1565 860 1604 vitae:
894 1564 1014 1617 quod
1038 1577 1128 1604 non
1151 1563 1286 1617 aliqui
1309 1564 1530 1604 docentes
1552 1563 1720 1604 bonum

105 1638 148 1674 ζ
223 1636 272 1672 et
302 1642 458 1672 verum
489 1629 580 1670 sint
611 1627 819 1681 amplius,
847 1626 1126 1680 significatur
1157 1640 1236 1680 per
1268 1626 1387 1680 quod
1417 1626 1719 1667 “sacerdotes

135 1737 144 1744 „
223 1699 272 1735 et
303 1693 504 1735 seniores
535 1692 623 1733 mei
654 1691 698 1732 in
731 1690 839 1731 urbe
871 1690 1186 1743 exspirarunt;
1223 1688 1556 1730 “sacerdotes’'
1582 1689 1721 1742 signi-

215 1755 364 1798 ficant
381 1756 602 1798 docentes
624 1754 807 1802 bonum,
830 1756 855 1773 ‘⁴
869 1754 1068 1794 seniores
1080 1752 1099 1786 ’-‘
1117 1753 1338 1793 docentes
1355 1765 1525 1800 verum,
1548 1755 1573 1772 “
1587 1751 1723 1792 urbs’'

110 1866 114 1869 ,
147 1856 150 1857 ⁷
224 1819 451 1874 significat
487 1817 755 1866 doctrinam,
794 1823 842 1858 et
876 1817 1143 1870 “exspirare
1157 1815 1176 1830 ”
1208 1816 1328 1869 quod
1368 1829 1459 1855 non
1497 1815 1587 1856 sint
1623 1828 1721 1855 am-

224 1883 366 1938 plius:
399 1881 520 1936 quod
547 1877 638 1923 nec'
658 1877 746 1921 illis
772 1879 921 1934 aliqua
947 1879 1133 1920 nutritio
1159 1878 1416 1932 spiritualis,
1443 1877 1723 1931 significatur

82 1959 86 1970 ¹
186 1951 304 2003 ¹&per
327 1946 472 2000 “quia
492 1944 811 1999 quaesiverunt
833 1943 982 1984 cibum
1005 1942 1101 1998 sibi,
1126 1955 1214 1996 quo
1240 1948 1499 1982 recrearent
1522 1941 1719 1982 animam

100 2008 177 2065 7'47
224 2008 390 2052 suam.”
450 2008 504 2049 In
538 2006 744 2056 lerem‘s,

199 2083 204 2085 ¹
292 2097 500 2131 “Matribus
523 2097 597 2130 suis
621 2097 753 2135 dicunt,
775 2095 847 2128 Ubi
872 2095 1090 2127 frumentum
1111 2101 1146 2126 et
1165 2095 1312 2126 vinum?
1338 2103 1417 2125 cum
1438 2093 1605 2125 deficiunt
1630 2093 1725 2125 sicut

400 2141 589 2174 confossus
603 2141 638 2172 in
654 2140 772 2181 platea
784 2140 892 2178 urbis,
906 2149 987 2171 cum
1001 2139 1194 2170 effunditur
1207 2139 1329 2170 anima
1342 2147 1465 2169 eorum
1483 2147 1590 2178 super
1603 2137 1722 2169 sinum

400 2191 554 2218 matrum
571 2193 695 2216 eorum
707 2183 725 2196 ’¹
742 2184 790 2224 (ii.
810 2184 882 2224 12):

198 2282 307 2329 per
341 2267 459 2310 haec
501 2266 662 2308 similia
702 2264 1015 2319 significantur
1056 2278 1170 2318 quae
1212 2277 1358 2318 supra,
1398 2277 1562 2317 nempe
1603 2262 1724 2316 quod

93 2323 174 2393 ''532'2
198 2322 333 2374 talis
353 2329 580 2372 desolatio
602 2328 822 2370 ecclesiae
845 2341 905 2368 ex
928 2326 1105 2368 defectu
1127 2327 1234 2368 boni
1260 2333 1306 2368 et
1330 2327 1422 2367 veri
1449 2327 1493 2366 in
1519 2324 1725 2367 dofitrina

100 2399 133 2427 ’3
143 2384 199 2427 ’ἶ
226 2394 300 2444 sit,
327 2399 377 2435 ut
399 2393 496 2434 vita
521 2391 766 2447 spiritualis
791 2391 850 2432 ibi
877 2390 1059 2432 deficiat
1091 2397 1136 2431 et
1163 2396 1346 2444 pereat:
1380 2403 1458 2443 per
1487 2387 1724 2430 “matres”

70 2490 73 2492 -
108 2458 153 2502 ›⁴122-
194 2456 538 2515 significantur
568 2469 674 2496 vera
706 2453 955 2504 ecclesiam
994 2453 1114 2507 quod
1147 2453 1234 2494 illis
1267 2453 1437 2501 dicant,
1474 2452 1604 2493 “Ubi
1635 2451 1723 2492 fru-

111 2509 183 2573 {ffss
227 2526 432 2563 mentum
459 2525 505 2561 et
531 2517 738 2559 vinum?”
765 2516 1006 2570 significat,
1031 2516 1123 2558 Ubi
1149 2529 1266 2556 nunc
1294 2516 1463 2556 bonum
1491 2512 1723 2555 doctrinae

114 2579 155 2635 ἶ
226 2596 280 2626 ac
311 2596 466 2625 verum
502 2581 625 2635 ejus?
687 2574 822 2634 Quod
856 2584 1026 2634 “super
1057 2580 1202 2620 sinum
1241 2585 1436 2620 matrum
1471 2577 1726 2619 effundatur

122 2644 129 2648 1
227 2647 379 2689 anima
402 2644 621 2694 illorum,”
647 2643 1020 2698 significat.quod
1046 2641 1228 2684 deficiat
1254 2649 1300 2683 et
1330 2648 1486 2696 pereat
1513 2641 1608 2681 vita
1633 2640 1724 2693 spi-

156 2703 177 2713 ’“
227 2709 400 2764 ritualis
433 2715 618 2764 propter
649 2707 984 2749 desolationem
1017 2720 1077 2747 ex
1097 2703 1286 2747 defectu
1312 2705 1583 2746 veritatum:
1622 2703 1725 2756 quia

114 2817 120 2819 ,
149 2807 150 2810 ,
228 2785 309 2827 per
334 2770 602 2813 “animam’'
627 2769 899 2823 intelligitur
923 2770 1019 2810 vita
1045 2768 1148 2809 fidei
1179 2774 1226 2810 et
1252 2766 1510 2809 intelleEtus
1538 2767 1645 2807 boni
1677 2771 1724 2806 et

174 2852 185 2861 s*
227 2835 334 2884 veri,
361 2849 475 2890 quae
507 2841 577 2876 est
602 2835 698 2875 vita
729 2832 972 2887 spiritualis
999 2831 1207 2880 hominis,
1236 2831 1397 2872 dicitur
1422 2830 1543 2884 quod
1573 2827 1724 2869 “defi-

229 2898 353 2940 ciant
385 2898 500 2939 sicut
531 2897 766 2938 confossus
802 2897 846 2936 in
885 2895 1040 2949 platea
1072 2895 1190 2935 urbis
1208 2894 1241 2945 ;’'
1283 2908 1362 2948 per
1396 2890 1724 2951 “confossum'’

131 3005 136 3013 ,
229 2959 507 3015 significatur
523 2961 597 3015 qui
614 2960 729 3014 perit
747 2973 826 3013 per
842 2958 968 3007 falsa,
987 2964 1034 2999 et
1057 2971 1136 3011 per
1155 2961 1180 2978 “
1193 2956 1395 3011 plateam
1413 2956 1533 2997 urbis
1545 2954 1564 2970 ”
1582 2954 1723 3008 signi-

96 3032 108 3041 *
125 3019 153 3059 ‘²2'
182 3051 184 3054 -
229 3021 390 3064 fleatur
413 3035 568 3064 verum
594 3020 840 3063 doGtrinae.
901 3020 1040 3075 Apud
1067 3020 1250 3070 Jonam,
