2098 3476
576 351 702 418 >cAP.
727 385 828 425 xn„
852 385 989 418 VERs.
1019 384 1161 416 1.--N.
1185 375 1363 430 710[d].
1619 387 1723 431 1945

229 499 309 542 sed
335 512 414 554 per
435 499 520 541 hoc
554 497 890 552 significabatur
916 498 1035 551 quod
1062 497 1135 539 ille
1158 503 1578 551 repraesentaturus
1604 505 1726 539 esset

230 562 475 610 Dominum
491 563 640 616 quoad
660 561 877 610 Verbum,
894 563 1008 602 sicut
1029 561 1153 602 Elias
1171 575 1180 611 3
1214 563 1258 602 in
1277 561 1433 602 Verbo
1451 561 1585 610 enim,
1606 562 1726 614 quod

228 632 300 668 est
331 625 544 667 Divinum
571 624 756 673 Verum,
785 633 855 665 est
888 625 1031 665 ubivis
1059 624 1316 677 conjugium
1345 624 1495 664 Divini
1528 624 1642 664 Boni
1674 639 1725 665 ac

229 689 381 730 Divini
406 687 530 738 Veri,
558 701 610 729 ac
645 688 856 728 Divinum
891 687 1067 728 Bonum
1100 689 1272 728 unitum
1307 687 1473 727 Divino
1500 686 1624 727 Vero
1656 696 1726 727 est
1772 729 1776 731 ,

229 751 451 793 Divinum·
484 765 510 792 a
556 751 753 792 Domino
795 751 1059 803 procedens,
1105 751 1224 804 quod
1266 756 1454 790 vocatur
1498 749 1726 802 “Spiritus

227 813 462 856 sanetus?
509 814 774 855 “exultatio
817 816 859 854 in
903 813 1062 854 utero”
1099 814 1157 854 ad
1195 814 1519 854 salutationem
1557 813 1725 854 Mariae

226 877 601 931 repraesentabat
633 878 846 930 gaudium
879 891 938 918 ex
977 891 1129 918 amore
1162 874 1491 929 conjunftionis
1529 875 1643 917 Boni
1679 883 1726 918 et
1755 927 1760 933 .

226 939 351 990 Veri,
384 941 448 982 ita
479 941 691 994 gaudium
724 941 888 981 amoris
921 940 1186 994 conjugialis
1219 940 1445 989 caelestis,
1475 940 1548 994 qui
1579 946 1649 980 est
1681 939 1725 979 in

227 1001 418 1056 Singulis
444 1001 602 1043 verbi.
663 1013 776 1050 (Quod
790 1013 958 1052 Johannes
979 1014 1130 1051 Baptista,
1147 1013 1228 1042 sicut
1249 1013 1344 1047 Elias,
1361 1012 1643 1050 repraesentaverit
1660 1012 1727 1041 Do·

209 1066 350 1106 §minum
365 1067 475 1104 quoad
490 1067 646 1100 Verbum,
664 1067 809 1095 videatur
824 1067 856 1095 in
872 1067 1011 1096 Arcanis
1024 1067 1220 1100 Caelestibus,
1237 1075 1267 1095 n.
1284 1065 1494 1103 7643—9372.)

310 1121 400 1176 [ὦ]
444 1121 566 1176 Quid
597 1121 826 1175 significat
860 1122 1129 1163 “masculus
1159 1123 1232 1176 qui
1268 1123 1414 1175 primo
1445 1121 1592 1174 aperit
1623 1126 1724 1161 ute-

226 1183 357 1226 rum”
379 1185 517 1225 etiam
543 1185 743 1235 dicetur;
777 1185 832 1225 de
858 1184 936 1225 illo
959 1185 1022 1225 ita
1049 1184 1213 1237 legitur
1239 1183 1358 1237 apud
1383 1183 1552 1232 Mosen,

296 1271 416 1305 “Cum
437 1273 623 1306 deduxerit
643 1280 677 1305 te
697 1273 860 1316 Jehovah
885 1273 921 1305 in
946 1279 1076 1305 terram
1099 1270 1370 1311 [11canaanem,.
1383 1272 1596 1304 ...transire
1616 1271 1725 1303 facies

399 1326 546 1349 ornnem
566 1324 768 1358 aperturam
789 1318 880 1348 uteri
899 1317 1069 1359 jehovae,
1087 1325 1122 1348 et
1142 1327 1286 1348 omnem
1308 1322 1511 1357 aperturam
1532 1315 1626 1347 fetus
1646 1316 1725 1347 bes-

401 1361 481 1399 tiae,
499 1368 672 1402 quotquot
691 1368 796 1392 erunt
817 1362 880 1392 tibi
898 1361 1057 1399 masculi,
1078 1360 1237 1402 Jehovae
1251 1372 1275 1392 :.
1290 1385 1297 1392 .
1312 1385 1319 1392 .
1333 1361 1412 1392 .sed
1430 1370 1575 1391 ornnem
1594 1359 1726 1399 primo-

400 1405 579 1445 genitum.
594 1405 702 1437 ‚inter
722 1405 814 1436 filios
835 1411 915 1436 tuos
935 1405 1099 1436 redimes.
1147 1405 1252 1446 Quod
1273 1405 1302 1435 si
1327 1404 1396 1442 fiat,
1418 1410 1456 1435 ut
1475 1404 1671 1444 interroget
1690 1410 1724 1434 te

401 1447 494 1480 filius
507 1454 589 1480 tuus
605 1458 694 1487 cras,
708 1449 871 1487 dicendo,
887 1449 980 1490 Quid
997 1449 1087 1481 hoe?
1109 1449 1207 1480 dices
1224 1449 1268 1479 ad
1286 1457 1378 1486 eum,
1396 1447 1463 1479 Per
1476 1447 1724 1478 fortitudinem

402 1501 530 1524 manus
554 1492 676 1524 eduxit
700 1502 766 1523 nos
790 1492 952 1534 Jehovah
977 1502 1021 1523 ex
1045 1492 1229 1533 Aegypto,·
1249 1502 1268 1523 e
1296 1492 1414 1523 domo.
1429 1500 1613 1522 servorum
1629 1500 1674 1528 ;..
1690 1515 1719 1521 ..

403 1535 488 1567 dum
506 1536 635 1567 occidit
647 1546 792 1567 ornnem
807 1536 1084 1576 primogenitum
1104 1536 1140 1567 in
1157 1543 1261 1573 terra,
1275 1546 1297 1567 a
1314 1535 1554 1576 primogenito
1568 1533 1725 1565 hominis

401 1589 514 1620 usque
537 1579 584 1611 ad
603 1579 881 1620 primogenitum
902 1580 1059 1617 bestiae;
1089 1587 1279 1620 propterea
1298 1589 1366 1619 ego
1386 1579 1546 1610 sacrifico
1566 1578 1725 1619 Jehovae

401 1632 547 1654 omnem
566 1631 769 1664 aperturam
790 1624 891 1661 uteri,
911 1623 1100 1661 masculos,
1118 1629 1153 1655 et
1172 1633 1317 1654 omnem
1339 1622 1616 1663 primogenitum
1637 1621 1725 1653 filio—

403 1676 482 1698 rum
499 1677 661 1698 meorum
679 1667 815 1699 redimo
827 1667 844 1678 ’'
862 1667 984 1707 (Exod.
1002 1667 1073 1699 xiii.
1094 1675 1197 1706 11-15
1215 1676 1222 1704 ;
1247 1677 1321 1707 cap.
1339 1667 1458 1698 xxxiv.
1478 1674 1527 1706 19,
1546 1667 1610 1706 20).

229 1734 365 1796 Quod
392 1741 494 1784 loco
520 1756 674 1784 eorum
699 1744 876 1796 accepti
902 1744 991 1784 sint
1019 1738 1364 1796 Levitae,‘apud
1392 1742 1601 1789 eundem,

296 1832 416 1866 “Ecce
432 1834 552 1874 accepi
571 1833 713 1865 Levitas
733 1844 752 1865 e
773 1835 892 1866 medio
910 1834 1061 1866 filiorum
1085 1834 1228 1866 Israelis
1249 1834 1327 1865 loco
1347 1834 1466 1865 omnis
1484 1833 1724 1874 primogeniti,

401 1883 587 1918 aperturae
607 1878 709 1916 uteri,
730 1878 774 1909 de
799 1878 878 1910 filiis
903 1878 1056 1916 Israelis,
1076 1885 1115 1910 ut
1135 1879 1207 1909 sint
1228 1877 1317 1909 Mihi
1340 1877 1504 1909 Levitae:
1532 1877 1614 1918 quia
1634 1877 1725 1908 Mihi

399 1930 508 1952 omne
532 1921 811 1962 primogenitum
836 1922 872 1953 in
897 1923 954 1953 die
979 1932 1050 1962 quo
1074 1922 1232 1962 percussi
1257 1931 1365 1953 omne
1385 1921 1663 1961 primogenitum
1687 1921 1724 1952 in

402 1970 497 1996 terra
514 1965 681 2006 Aegypti,
696 1964 916 1999 sanetificavi
936 1965 1025 1997 Mihi
1043 1976 1150 1997 omne
1168 1966 1445 2006 primogenitum
1465 1965 1500 1996 in
1520 1964 1663 2003 israele,
1680 1965 1725 1995 ab

403 2009 550 2040 homine
570 2019 681 2050 usque
701 2010 746 2040 ad
766 2010 917 2041 bestiam
939 2009 1029 2041 Mihi
1049 2009 1184 2041 erunt‘'
1205 2009 1328 2049 (Num.
1347 2009 1393 2041 iii.
1418 2017 1532 2048 12,13:
1557 2018 1631 2049 cap.
1653 2008 1724 2040 viii.

405 2053 455 2090 16,
476 2052 550 2092 17):

225 2140 454 2194 spirituale
475 2141 596 2195 quod
621 2142 665 2182 in
692 2141 777 2182 hoc
801 2148 978 2183 statuto
1001 2142 1285 2183 reconditum
1309 2141 1437 2191 latet,
1462 2155 1552 2182 non
1580 2147 1722 2194 patet,

223 2203 308 2245 nisi
330 2204 496 2246 sciatur
517 2205 637 2259 quod
659 2208 684 2225 “
699 2205 1048 2258 generationes”
1071 2212 1118 2246 et
1144 2210 1168 2225 “
1183 2206 1446 2246 nativitates
1459 2204 1477 2220 ''
1495 2205 1724 2246 naturales

223 2266 480 2320 significent
525 2269 846 2321 generationes
891 2276 937 2310 et
983 2270 1250 2310 nativitates
1296 2268 1576 2322 spirituale53
1628 2276 1724 2310 tum

224 2330 374 2371 etiam*
399 2330 519 2384 quod
561 2332 712 2372 omnia
754 2332 957 2372 membra
993 2332 1300 2385 generationis
1338 2332 1724 2384 correspondeant

223 2394 366 2435 amori
386 2393 574 2435 caelesti
595 2401 642 2436 et
664 2395 757 2448 ejus
783 2394 1028 2448 produffis,
1053 2410 1166 2450 quae
1190 2402 1294 2436 sunt
1319 2409 1436 2444 usus,
1461 2396 1534 2449 qui
1557 2409 1723 2435 vocan-

223 2463 298 2498 tur
313 2470 419 2499 vera
441 2457 557 2498 illius
579 2459 757 2499 amoris.
812 2458 928 2511 Quia
950 2460 1013 2499 ita
1034 2466 1119 2507 est,
1139 2466 1186 2500 et
1209 2460 1311 2513 quia
1332 2462 1357 2478 “
1374 2458 1663 2512 conjugium”
1679 2460 1724 2500 in

225 2533 360 2561 sensu
386 2521 604 2574 spirituali
633 2521 858 2575 significat
886 2522 1144 2575 conjugium
1171 2522 1276 2563 boni
1303 2529 1349 2563 et
1374 2523 1482 2570 veri,
1511 2529 1559 2562 ut
1591 2536 1723 2575 supra

224 2581 394 2625 dietum
434 2591 523 2634 est,
565 2585 669 2626 inde
711 2592 920 2626 constare
962 2592 1116 2638 potest
1157 2585 1262 2639 quid
1303 2586 1346 2626 in
1388 2585 1550 2627 eodem
1591 2598 1724 2626 sensu

163 2646 167 2650 ’
225 2647 502 2701 significatur
520 2661 598 2701 per
615 2651 910 2702 “aperturam
930 2649 1082 2697 uteri,'’
1096 2663 1174 2690 seu
1195 2650 1584 2702 “primogenitum
1604 2663 1721 2690 mas-

200 2709 423 2752 «culum:”
465 2724 544 2764 per
577 2714 870 2764 “aperturam
913 2711 1064 2761 uteri,’‘
1101 2726 1179 2752 seu
1221 2726 1299 2765 per
1334 2713 1721 2765 “primogenitum

225 2773 513 2823 masculum,’'
535 2774 813 2828 significatur
839 2775 882 2815 id
909 2776 1029 2829 quod
1052 2777 1242 2828 primum
1267 2777 1465 2816 nascitur
1487 2790 1546 2815 ex
1569 2788 1723 2815 amore

225 2837 412 2879 caelesti
444 2844 491 2878 et
518 2839 810 2890 perceptione
837 2838 943 2879 boni
975 2845 1022 2879 et
1054 2840 1174 2889 veri;
1212 2839 1332 2892 quod
1365 2840 1450 2880 hoc
1483 2839 1540 2878 sit
1568 2851 1721 2878 verum

224 2914 284 2941 ex
316 2900 452 2949 bono,
485 2901 605 2954 quod
643 2901 745 2942 loco
778 2902 980 2954 principii
1018 2909 1088 2943 est
1125 2903 1317 2955 reliquis,
1353 2908 1509 2955 patet;
1552 2901 1637 2941 hoc
1675 2901 1719 2940 in

228 2977 308 3004 sua
333 2965 531 3004 essentia
557 2970 627 3005 est
654 2965 823 3006 bonum
851 2965 1095 3018 spirituale,
1125 2979 1229 3005 narn
1258 2966 1341 3006 hoc
1368 2965 1535 3006 bonum
1567 2966 1609 3004 in
1642 2978 1721 3005 sua

225 3026 368 3068 forma
393 3034 463 3068 est
490 3041 644 3068 verum
671 3042 730 3068 ex
763 3028 910 3079 bono;
949 3043 1039 3077 seu,
1069 3029 1188 3082 quod
1215 3029 1334 3069 idern
1362 3035 1446 3077 est,
1475 3026 1628 3068 v'erum
1659 3041 1718 3068 ex
