2098 3476
572 366 679 399 CAP.
704 366 806 407 xn„
829 365 969 398 VERS.
995 365 1141 410 3.-N.
1163 355 1386 411 714[b<;;.)].
1622 367 1726 411 1953

81 492 118 501 '⁴
142 523 155 533 s
225 481 396 537 absque
421 479 674 530 intelleostu,
703 481 816 522 scire
849 487 895 522 et
927 480 1032 521 inde
1064 480 1200 534 loqui,
1229 480 1291 521 sic
1324 486 1372 521 ut
1405 479 1468 520 illi
1495 478 1728 522 doctrinae

225 544 337 587 nihil
364 543 700 598 intelligentiae
726 544 847 593 insit,
872 543 993 592 alibi,
1017 543 1204 584 volente
1232 543 1445 592 Domino,
1470 550 1729 596 exponetur

225 613 277 654 et
304 607 620 650 illustrabitur.
685 605 856 660 Quales
893 613 1048 648 autem
1081 607 1217 647 iidem
1249 613 1355 647 sunt
1388 606 1537 660 quoad
1570 607 1726 654 vitam,

224 671 366 715 etiam
391 671 580 713 dicetur.
644 670 827 711 Docent
852 670 972 724 quod
999 670 1138 711 homo
1162 684 1240 724 per
1263 669 1408 710 solam
1434 669 1567 711 fidem
1590 670 1728 710 duca-

50 731 107 790 'f’
130 734 147 771 '⁷
224 741 300 778 tur
336 749 364 777 a
403 734 504 776 Deo
542 748 682 788 usque
719 734 777 775 ad
815 741 1032 775 conatum
1069 735 1262 775 faciendi
1299 734 1483 782 bonum,
1523 741 1570 775 et
1608 734 1728 787 quod

222 799 371 854 ipsum
396 798 567 840 bonum
593 796 696 839 actu
724 797 836 838 nihil
863 797 999 838 faciat
1026 798 1083 838 ad
1111 797 1322 845 salutem,
1351 798 1431 838 sed
1464 797 1562 838 sola
1588 796 1726 847 fides;

40 892 47 900 ,
148 872 150 874 ·
224 868 272 905 et
294 861 416 916 quod
434 867 542 902 tunc
562 861 673 902 nihil
696 860 803 901 mali
822 861 1100 902 condemnet
1119 860 1260 910 illum,
1281 861 1384 915 quia
1403 867 1473 902 est
1496 861 1540 901 in
1563 861 1726 914 gratia,

224 937 278 967 ac
305 924 593 978 justificatus.
656 924 998 977 Excogitarunt
1031 925 1172 965 etiam
1206 925 1389 978 gradus,
1418 939 1531 978 quos
1558 930 1727 965 vocant

215 988 567 1043 ,progressiones
598 987 737 1028 solius
768 987 871 1028 fidei
903 988 961 1028 ad
989 987 1330 1040 justificationis
1362 987 1598 1028 ultimum:
1639 987 1727 1040 pri-

223 1063 324 1092 mus
349 1057 420 1092 est
447 1050 708 1092 informatio
734 1051 775 1091 in
811 1050 978 1091 talibus
1008 1064 1123 1104 quae
1155 1050 1258 1091 fidei
1291 1057 1410 1099 sunt,
1440 1052 1656 1104 imprimis
1684 1052 1727 1091 in

222 1112 313 1156 illis
344 1127 460 1168 quae
486 1121 879 1168 supramemorata
910 1120 1042 1154 sunt:
1082 1114 1307 1155 secundus
1340 1120 1409 1154 est
1442 1113 1728 1155 confirmatio

223 1191 286 1220 ex
328 1177 499 1227 Verbo,
538 1184 616 1219 aut
659 1192 720 1219 ex
761 1178 1129 1232 praedicatione:
1178 1178 1340 1219 tertius
1382 1184 1452 1218 est
1496 1178 1727 1231 inquisitio

223 1241 454 1290 mentalis,
482 1255 635 1282 annon
666 1242 732 1282 ita
763 1242 849 1292 sit;
888 1247 934 1282 et
967 1242 1070 1296 quia
1102 1247 1210 1283 tunc
1243 1240 1387 1282 influit
1421 1240 1648 1282 dubitatio
1681 1247 1726 1282 et

223 1304 330 1347 inde
361 1304 609 1353 vacillatio,
643 1319 758 1359 quae
789 1311 860 1346 est
893 1306 1107 1354 tentatio,
1137 1305 1256 1359 quod
1290 1304 1637 1346 confirmaturus
1670 1306 1728 1345 sit

223 1380 274 1410 se
305 1382 365 1410 ex
391 1367 549 1410 Verbo
580 1368 637 1410 de
669 1367 771 1409 fidei
798 1369 1079 1422 operatione,
1108 1368 1228 1409 unde
1260 1369 1299 1409 ei
1331 1367 1380 1409 fit
1408 1367 1583 1420 fiducia,
1612 1383 1727 1422 quae

225 1437 297 1473 est
322 1429 538 1483 vi&oria;
577 1431 795 1484 adjiciunt
827 1431 949 1486 quod
982 1432 1237 1473 cavendum
1269 1433 1327 1472 sit
1361 1445 1416 1472 ne
1449 1438 1557 1472 tunc
1590 1432 1726 1473 intel-

225 1493 370 1536 lectus
397 1494 516 1536 ultra
545 1495 916 1538 confirmationes
943 1509 1002 1536 ex
1030 1495 1187 1536 Verbo
1219 1495 1275 1536 de
1297 1494 1623 1548 justificatione
1650 1509 1729 1549 per

226 1558 374 1601 solam
405 1557 541 1600 fidem
573 1559 742 1609 vadat;
781 1559 816 1599 si
848 1558 982 1608 ultra,
1017 1565 1063 1600 et
1096 1559 1132 1599 si
1164 1557 1424 1600 intellectus
1458 1572 1548 1598 non
1581 1559 1726 1612 capti-

224 1628 358 1681 vetur
397 1622 482 1663 sub
517 1622 783 1663 obedientia
814 1621 931 1671 fidei,
965 1622 1086 1676 quod
1119 1622 1412 1662 succumbat:
1456 1628 1643 1675 quartus
1681 1628 1727 1662 et

225 1685 412 1727 ultimus
438 1685 605 1739 gradus
633 1691 703 1726 est
731 1691 924 1726 conatus
950 1686 1007 1726 ad
1033 1685 1289 1726 faciendum
1315 1685 1498 1732 bonum,
1528 1691 1574 1726 et
1607 1685 1727 1738 quod

223 1749 262 1790 is
287 1749 346 1790 sit
372 1748 569 1790 influxus
595 1762 621 1789 a
648 1748 762 1797 Deo,
791 1754 838 1789 et
866 1748 975 1789 nihil
998 1748 1056 1789 ab
1082 1748 1280 1797 homine,
1305 1755 1351 1789 et
1379 1749 1499 1802 quod
1527 1749 1584 1789 sit
1612 1748 1727 1788 fruc-

223 1818 298 1855 tus
329 1811 460 1864 fidei;
503 1812 711 1853 dicentes
744 1812 878 1866 quod,
913 1812 1095 1866 quando
1127 1811 1266 1852 homo
1302 1812 1367 1852 ita
1403 1811 1537 1865 plene
1564 1811 1727 1864 justifi-

223 1882 355 1918 catus
377 1882 463 1926 est,
488 1881 651 1930 postea
675 1875 786 1916 nihil
813 1875 921 1916 mali
943 1876 1220 1916 condemnet
1247 1875 1388 1924 illurn,
1414 1882 1460 1916 et
1488 1875 1598 1916 nihil
1621 1875 1728 1916 boni

204 1939 387 1990 ¹salvet,
421 1940 503 1981 sed
540 1939 687 1980 solum
723 1939 848 1980 fides.
911 1939 986 1980 Ex
1025 1940 1094 1980 his
1132 1946 1344 1980 constare
1377 1946 1533 1993 potest
1571 1939 1728 1994 quales

222 2003 290 2046 illi
310 2009 416 2047 sunt
439 2003 590 2058 quoad
613 2004 755 2044 vitam
774 2018 782 2054 ;
816 2003 936 2057 quod
956 2016 1120 2057 nempe
1138 2004 1295 2044 vivant
1319 2003 1402 2044 sibi
1425 2009 1471 2044 et
1495 2017 1586 2044 non
1611 2003 1726 2052 Deo,

223 2073 272 2110 et
298 2067 469 2108 mundo
495 2073 542 2108 et
574 2079 666 2107 non
698 2066 854 2117 caelo;
892 2066 979 2108 hoc
1012 2068 1131 2107 enim
1164 2068 1366 2120 sequitur
1397 2081 1456 2108 ex
1488 2066 1575 2107 fide
1608 2067 1728 2120 quod

223 2129 345 2172 mala
377 2143 468 2173 non
500 2130 825 2179 condemnent,
860 2136 906 2171 et
939 2130 1059 2171 bona
1090 2143 1180 2171 non
1214 2129 1420 2171 salvent:
1463 2143 1545 2171 nec
1579 2131 1728 2171 sciunt

223 2194 345 2249 quod
384 2193 496 2236 fides
532 2194 703 2248 absque
735 2195 831 2234 vita
862 2193 1102 2235 charitatis
1140 2207 1231 2235 non
1268 2194 1326 2234 sit
1364 2193 1489 2243 fides,
1524 2200 1570 2235 et
1608 2194 1728 2248 quod

223 2257 364 2306 homo
396 2258 564 2299 debeat
602 2257 723 2298 mala
754 2257 908 2311 sugere
945 2263 991 2298 et
1028 2258 1149 2298 bona
1184 2257 1331 2299 facere
1368 2258 1484 2299 sicut
1522 2272 1547 2298 a
1585 2272 1647 2307 se,
1681 2266 1727 2300 et

224 2335 365 2376 usque
391 2321 577 2363 credere
603 2321 725 2375 quod
757 2335 783 2361 a
817 2321 1029 2370 Domino,
1058 2328 1104 2362 et
1137 2321 1258 2374 quod
1285 2320 1452 2375 alioqui
1484 2321 1605 2362 mala
1638 2335 1728 2363 non

224 2391 397 2439 queant
429 2385 609 2433 discuti,
638 2398 720 2425 nec
753 2384 874 2425 bona
906 2385 1209 2438 appropriari:
1248 2384 1328 2425 sed
1361 2385 1416 2425 de
1449 2384 1518 2425 his
1551 2399 1729 2439 quoque

223 2447 332 2490 alibi
357 2447 499 2502 plura.
563 2448 649 2489 Illa
681 2446 888 2489 doctrina
920 2454 966 2489 et
999 2448 1112 2488 haec
1139 2449 1235 2489 vita
1267 2454 1336 2489 est
1369 2449 1489 2502 apud
1521 2448 1624 2489 illos
1655 2450 1729 2503 qui

223 2511 423 2552 formant
450 2518 588 2565 caput
615 2511 840 2560 draconis,
868 2512 942 2565 qui
975 2517 1080 2552 sunt
1108 2511 1257 2565 quoad
1284 2511 1523 2564 plurimam
1551 2518 1729 2565 partem

225 2575 390 2616 eruditi
421 2575 671 2624 antistites,
706 2575 836 2628 pauci
868 2581 1021 2616 autem
1054 2589 1114 2615 ex
1146 2574 1312 2627 vulgo:
1356 2588 1492 2615 causa
1524 2581 1594 2616 est
1627 2576 1730 2629 quia

224 2637 290 2680 illi
329 2644 545 2692 reputant
587 2652 641 2679 ea
685 2639 802 2679 sicut
844 2638 1010 2679 abdita
1043 2638 1321 2691 theologiae,
1365 2652 1480 2692 quae
1524 2653 1550 2679 a
1591 2638 1730 2691 vulgo

225 2708 413 2756 propter
430 2703 618 2756 negotia
642 2716 732 2743 non
756 2702 855 2755 capi
878 2707 1084 2755 possunt.
1148 2701 1282 2754 Quod
1306 2701 1370 2742 illi
1393 2703 1483 2742 sint
1507 2702 1729 2742 dracones

225 2766 376 2820 quoad
418 2772 571 2820 caput,
614 2772 685 2807 est
727 2779 905 2819 quoque
948 2766 1052 2819 quia
1092 2771 1359 2819 pervertunt
1401 2771 1447 2806 et
1488 2764 1728 2806 falsificant

226 2823 379 2872 om‘nia
404 2829 562 2878 Verbi,
589 2843 704 2884 quae
736 2830 905 2871 docent
932 2843 1148 2879 amorem,
1178 2829 1452 2870 charitatem
1484 2836 1530 2870 et
1558 2831 1727 2879 vitam;

226 2905 334 2934 nam
365 2893 569 2934 Verbum
601 2894 645 2934 in
678 2907 726 2934 se
758 2891 1016 2947 spectatum
1047 2899 1118 2934 est
1151 2893 1290 2933 modo
1322 2891 1528 2934 doctrina
1560 2893 1726 2932 amoris

225 2957 272 2997 in
299 2955 545 2998 Dominum
571 2963 618 2998 et
646 2956 884 2998 charitatis
911 2969 1020 3009 erga
1046 2957 1318 3010 proximum,
1347 2969 1398 2996 ac
1426 2955 1584 2996 nullibi
1619 2955 1729 2995 doc-

228 3019 347 3061 trina
364 3018 467 3061 fidei
484 3026 748 3074 separatae:
782 3018 1024 3061 falsificant
1042 3018 1120 3060 illa
1142 3033 1221 3073 per
1242 3019 1301 3069 id,
1322 3019 1443 3073 quod
1465 3018 1542 3059 illa
1560 3024 1728 3059 vocent
