2008 3458
391 372 504 415 2230
803 371 1136 406 APOCALYPSIS
1166 373 1465 406 EXPLICATA.

462 482 525 524 (Ut
543 483 641 516 Esai.
659 484 739 515 xxii.
760 484 817 516 16:
847 484 971 526 Jerem.
989 485 1032 517 ix.
1050 482 1126 516 [1118
1145 483 1204 527 [B.
1220 486 1265 517 A.
1285 483 1360 527 19]:
1386 485 1506 518 Ezech.
1523 495 1604 518 xxv.
1624 493 1665 524 4:
1689 485 1804 518 Amos.
1819 485 1869 518 ix.-

565 536 600 558 11
616 539 622 559 :
647 527 736 559 Hab.
754 528 773 559 i.
791 528 832 559 6:
858 528 990 560 Psalm.
1007 528 1090 560 xliii.
1109 536 1149 567 3;
1176 528 1231 560 Ps.
1249 529 1331 560 xlvi.
1351 537 1367 567 5
1388 527 1446 570 [B.
1464 530 1509 561 A.
1525 527 1563 570 4]
1578 538 1584 567 ;
1612 528 1668 560 Ps.
1685 528 1791 561 lxxiv.
1809 527 1852 569 7).

465 612 551 666 [6.]
595 612 821 665 Quoniam
851 613 1235 654 “tabernaculum
1248 614 1267 629 '⁷
1298 613 1584 666 significabat
1615 613 1791 654 caelum
1820 618 1868 655 et

389 673 624 713 ecclesiam
657 674 803 726 quoad
841 672 1088 715 doctrinam
1125 674 1230 715 boni
1266 675 1442 723 amoris,
1476 680 1522 715 et
1556 672 1870 717 “tentorium’'

389 734 510 775 illam
537 736 684 788 quoad
711 734 959 776 doctrinam
980 737 1072 777 veri
1097 750 1155 777 ex
1181 737 1258 777 illo
1283 737 1417 785 bono,
1443 743 1489 777 et
1515 737 1600 777 hoc
1627 750 1685 777 ex
1712 733 1870 776 sancto

389 797 512 837 cultu
540 797 718 838 Domini
744 798 801 838 ab
826 799 1155 852 antiquissimis,
1184 805 1232 839 ut
1264 800 1307 839 in
1334 799 1585 851 praemissis
1611 797 1736 851 hujus
1761 798 1868 839 arti-

390 859 476 899 culi
507 858 674 900 dietum
710 867 793 909 est,
827 861 928 901 ideo
965 860 1131 913 placuit
1168 861 1363 901 Domino
1394 867 1442 901 ut
1474 860 1812 902 tabernaculum
1842 873 1870 902 a

391 921 519 962 Mose
546 922 804 974 erigeretur,
832 923 875 962 in
907 936 994 976 quo
1025 922 1171 963 cultus
1199 924 1607 975 repraesentativus
1632 935 1871 975 peragere-

390 989 474 1031 tur,
508 984 627 1037 quod
664 984 929 1025 describitur
958 985 1002 1025 in
1038 984 1192 1026 Exodo
1225 984 1370 1039 (xxvi.
1401 994 1538 1038 7-15;
1580 998 1677 1038 cap.
1707 984 1869 1026 xxxvi.

392 1045 548 1100 8—37):
582 1053 628 1100 et
654 1054 813 1100 postea
839 1047 1103 1088 mandatum
1130 1054 1213 1096 est,

465 1134 512 1166 Ut
531 1144 657 1166 omnes
678 1135 789 1166 tribus
811 1135 952 1167 Israelis
970 1136 1100 1167 circum
1120 1135 1206 1166 illud
1223 1141 1567 1174 castrametarentur,
1585 1141 1620 1167 et
1641 1135 1794 1174 Levitae,
1811 1135 1870 1176 qui

563 1179 760 1209 custodiam
785 1178 861 1218 ejus
886 1179 1114 1217 custodirent,
1137 1178 1238 1219 juxta
1261 1179 1347 1210 illud
1372 1178 1494 1216 (Num.
1520 1179 1540 1210 i.
1568 1187 1693 1218 10-54;
1725 1188 1799 1220 cap.
1822 1178 1870 1211 iii.

465 1263 508 1295 Et
525 1221 662 1304 qubggg
676 1246 772 1305 ‚qUOd
789 1264 1095 1305 proficiscerentur
1111 1274 1190 1296 cum
1209 1265 1269 1296 illo
1286 1263 1408 1304 (Num.
1428 1265 1472 1296 ix.
1495 1272 1544 1303 15,
1562 1263 1658 1306 seq.).

393 1349 525 1402 Quod
552 1351 891 1392 tabernaculum
918 1351 1026 1392 illud
1053 1353 1484 1404 repraesentativum
1511 1351 1622 1393 caeli
1653 1357 1700 1393 et
1725 1350 1870 1394 eccle·

391 1414 481 1454 siae
507 1414 648 1462 fuerit,
678 1420 804 1467 patet
831 1415 1064 1456 manifeste
1091 1429 1149 1455 ex
1176 1429 1244 1464 eo,

464 1502 567 1543 Quod
591 1502 707 1533 forma
730 1502 973 1586 ejus)ostensa
997 1504 1042 1535 sit
1067 1503 1161 1534 Mosi
1187 1513 1293 1544 super
1317 1503 1443 1535 Monte
1467 1503 1564 1535 Sinai
1587 1502 1709 1543 (Exod.
1729 1512 1810 1536 xxv.
1829 1510 1872 1545 93

563 1555 637 1586 cap.
655 1556 747 1578 xxvi.
766 1554 808 1584 30
835 1556 841 1584 ;

391 1638 437 1673 et
463 1633 670 1687 quicquid
696 1634 739 1674 in
765 1634 905 1674 forma
930 1635 1100 1675 sistitur
1119 1634 1360 1675 videndum
1386 1635 1429 1674 in
1457 1633 1582 1675 caelo
1607 1640 1654 1675 et
1679 1647 1703 1676 e
1729 1633 1870 1684 caelo,

391 1695 434 1734 id
461 1697 890 1747 repraesentativum
917 1703 998 1738 est.
1060 1695 1192 1749 Quod
1224 1696 1332 1736 illud
1364 1697 1492 1736 fuerit
1523 1696 1870 1749 repraesentati-

392 1771 495 1798 vum
527 1759 660 1810 ipsius
693 1759 817 1807 caeli,
852 1759 924 1799 ubi
956 1759 1188 1807 Dominus,
1222 1765 1269 1800 et
1300 1759 1401 1799 inde
1434 1772 1609 1812 quoque
1640 1758 1870 1808 ecclesiae,

394 1826 600 1861 constare
627 1827 779 1873 potest
805 1835 864 1862 ex
892 1819 1135 1862 sanctitate
1161 1821 1266 1874 ejus,

465 1908 568 1950 Quod
585 1919 657 1940 non
675 1909 796 1940 liceret
812 1909 914 1941 alicui
933 1910 968 1940 in
986 1910 1021 1941 id
1038 1909 1180 1946 intrare,
1198 1910 1266 1940 nisi
1283 1919 1387 1950 quam
1407 1909 1566 1940 Aharoni
1583 1914 1618 1940 et
1634 1908 1715 1940 filiis
1731 1908 1819 1994 effus,
1835 1913 1873 1940 et

564 1953 655 1992 quod
681 1953 710 1983 si
734 1953 885 1992 populus
909 1954 1103 1991 accederet,
1129 1959 1350 1984 morerentur
1373 1952 1496 1992 (Num.
1516 1953 1598 1984 xvii.
1619 1959 1671 1991 27,
1688 1952 1730 1984 28
1765 1951 1808 1984 B.
1825 1953 1871 1984 Α.

567 2003 615 2033 12,
636 1993 712 2036 13];
737 2005 810 2036 cap.
828 1996 924 2027 xviii.
945 2005 971 2034 1,
990 2004 1040 2034 22,
1062 2004 1123 2035 23;
1148 2005 1222 2036 cap.
1239 1996 1308 2027 xiX.
1330 1996 1467 2036 14—19):

392 2057 489 2093 tum

464 2117 566 2158 Quod
588 2127 693 2158 super
709 2118 768 2149 illo
788 2118 894 2150 fuerit
914 2119 1026 2149 nubes
1047 2118 1209 2155 interdiu,
1230 2128 1270 2149 ac
1290 2118 1424 2158 species
1444 2118 1538 2158 ignis
1559 2116 1808 2157 nostufflxod.
1823 2117 1871 2150 xl.

564 2162 625 2199 38;
649 2162 759 2197 Num.
776 2162 821 2193 ix.
842 2169 878 2200 15
895 2171 901 2200 ;
925 2161 1023 2193 Esai.
1041 2162 1087 2193 iv.
1106 2169 1134 2201 5,
1151 2162 1204 2201 6):

394 2241 441 2277 et
466 2235 629 2277 deinde

464 2311 567 2352 Quod
586 2311 716 2342 festum
734 2312 977 2350 celebraretur,
996 2312 1088 2353 quod
1111 2312 1254 2343 Festum
1272 2311 1595 2343 Tabernaculorum
1613 2312 1814 2350 vocabatur,
1830 2321 1872 2344 ac

564 2355 778 2386 laetarentur
801 2365 844 2386 ex
872 2362 1047 2395 proventu
1075 2365 1178 2386 areae
1206 2362 1241 2386 et
1269 2355 1454 2386 torcularis
1478 2355 1599 2395 (Levit.
1622 2355 1718 2387 xxiii.
1743 2363 1871 2396 39—44;

564 2399 685 2429 Deutr.
703 2399 771 2429 xvi.
792 2406 840 2436 13,
861 2407 920 2437 14;
948 2398 1044 2430 Sach.
1062 2399 1132 2430 xiv.
1154 2399 1202 2436 16,
1223 2399 1271 2436 18,
1293 2399 1364 2438 19):

391 2499 470 2538 per
497 2488 800 2539 “proventum
823 2500 952 2526 areae
968 2485 987 2500 ’'
1013 2485 1349 2538 significabatur
1374 2499 1506 2527 omne
1531 2486 1699 2527 bonum
1724 2485 1869 2527 eccle-

392 2549 496 2597 siae,
530 2548 670 2588 simile
702 2548 821 2601 quod
859 2561 937 2600 per
970 2548 1199 2600 “panem'’
1231 2555 1276 2589 et
1311 2549 1619 2590 “frumentum
1636 2548 1669 2599 ;''
1709 2554 1756 2590 et
1791 2562 1870 2601 per

395 2615 702 2662 “proventum
739 2610 1002 2650 torcularis''
1042 2610 1374 2662 significabatur
1410 2624 1542 2651 omne
1578 2623 1731 2651 verum
1766 2610 1871 2651 boni

393 2672 623 2720 ecclesiae,
652 2672 793 2713 simile
823 2672 942 2726 quod
975 2686 1052 2726 per
1073 2673 1304 2721 ·“vinum,''
1330 2679 1375 2713 et
1408 2687 1485 2725 per
1513 2672 1738 2713 “laetari''
1763 2678 1870 2714 tunc

392 2734 725 2787 significabatur
750 2735 993 2787 jucundum
1025 2736 1187 2775 amoris
1218 2735 1424 2776 caelestis
1461 2742 1506 2776 et
1543 2734 1780 2788 spiritualis
1811 2749 1869 2775 ex

391 2798 490 2837 illis.
553 2797 685 2849 Quod
717 2798 866 2837 omnia
896 2797 1185 2846 tabernaculi,
1219 2798 1331 2838 sicut
1364 2811 1479 2846 arca,
1514 2797 1868 2850 propitiatorium

394 2873 494 2900 cum
526 2860 730 2900 cherubis
762 2873 892 2912 super
923 2859 1012 2908 illo,
1045 2859 1208 2907 velum,
1242 2873 1397 2900 mensa
1433 2873 1563 2912 super
1594 2873 1681 2913 qua
1716 2872 1868 2912 panes,

393 2922 533 2963 altare
559 2922 746 2970 suffitus,
771 2922 1104 2971 candelabrum,
1128 2922 1296 2970 aulaea,
1322 2928 1599 2975 tegumenta,
1627 2935 1798 2962 asseres
1822 2927 1869 2962 et

393 2984 643 3033 columnae,
677 2984 813 3033 funes,
848 2984 975 3033 clavi,
1008 2990 1054 3025 et
1085 2983 1266 3037 reliqua,
1299 2984 1458 3024 fuerint
1489 2983 1870 3037 repraesentativa
