2054 3464
402 361 515 402 2216
824 371 1155 408 APOCALYPSIS
1186 376 1484 411 EXPLICATA.

398 486 456 526 ibi
495 491 563 526 est
595 485 826 526 infernum.
890 484 969 539 (2.)
1010 484 1126 539 Quia
1155 487 1199 527 in
1231 487 1326 528 sola
1357 487 1443 529 fide
1475 501 1608 530 omne
1640 487 1809 539 salutis,
1840 493 1889 532 et

398 548 503 588 inde
529 561 662 588 omne
689 548 801 588 caeli
828 554 873 589 et
900 562 1033 590 omne
1056 549 1288 599 ecclesiae,
1314 557 1502 604 ponunt,
1527 558 1572 592 et
1600 543 1708 592 nih'il
1734 565 1888 594 eorum

397 611 441 650 in
473 610 602 651 bonis
634 611 881 659 charitatis,
908 625 1024 665 quae
1056 619 1160 653 sunt
1192 613 1311 654 bona
1342 627 1491 667 opera,
1520 614 1582 654 illi
1614 627 1813 655 amorem
1843 615 1889 656 in

397 673 544 714 Deum
564 681 609 714 et
633 687 832 726 amorem
855 688 962 727 erga
984 676 1239 727 proximum
1256 676 1538 729 vilipendunt
1561 683 1606 717 et
1631 677 1760 718 nauci
1781 677 1887 718 faci-

396 743 490 784 unt,
520 750 621 777 cum
648 743 802 777 tamen
830 737 1051 778 Dominus
1077 738 1213 780 docet

461 837 563 878 Quod
589 848 633 868 ex
657 838 724 921 i813is
749 839 840 870 binis
865 839 1044 872 mandatis
1066 840 1138 872 Lex
1157 846 1193 872 et
1214 841 1415 882 Prophetae
1440 842 1620 882 pendeant
1639 840 1784 882 (Matth.
1803 841 1888 875 xxii.

570 890 654 920 34-3
706 891 714 920 ἶ

398 975 604 1016 “Lex'et
629 976 880 1028 Prophetae
893 977 911 992 ’'
928 985 1031 1018 sunt
1054 979 1204 1019 omnia
1221 978 1386 1020 Verbi:
1420 986 1466 1021 et
1489 994 1666 1034 quoque
1689 978 1884 1023 [¹]Domi·

395 1052 477 1079 nus
503 1039 610 1080 dicit
636 1039 691 1079 ad
720 1039 1055 1093 Legisperitum
1082 1042 1138 1082 de
1164 1042 1277 1092 binis
1299 1042 1385 1082 illis
1412 1043 1651 1093 mandatis,

807 1141 825 1154 “
840 1139 908 1171 Fac
925 1140 985 1172 illa
1002 1147 1037 1172 et
1055 1140 1184 1189 vives''
1201 1141 1296 1181 (Luc.
1314 1152 1347 1174 x.
1363 1139 1472 1182 [²128):

394 1245 440 1280 et
471 1239 621 1280 amare
655 1239 799 1280 Deum
832 1246 878 1281 et
910 1253 1061 1281 amare
1093 1242 1349 1293 proximum
1381 1255 1471 1282 non
1505 1241 1623 1282 aliud
1655 1248 1725 1284 est
1751 1256 1885 1297 quam

393 1302 539 1342 facere
566 1302 697 1350 bona,
727 1315 831 1343 nam
857 1316 983 1343 amor
1009 1304 1051 1343 in
1083 1317 1162 1343 sua
1193 1305 1389 1344 essentia
1414 1311 1483 1345 est
1505 1304 1636 1354 velle,
1664 1312 1710 1347 et
1736 1306 1780 1346 in
1806 1319 1886 1347 sua

394 1366 638 1405 existentia
664 1372 733 1405 est
759 1364 931 1415 facere;
965 1366 1083 1419 quod
1116 1367 1234 1406 enim
1261 1367 1396 1407 homo
1422 1374 1557 1416 amat,
1586 1368 1671 1409 hoc
1697 1368 1809 1418 vult,
1837 1376 1884 1411 et

394 1428 513 1480 quod
536 1441 594 1467 ex
621 1441 773 1468 amore
800 1428 897 1469 vult
929 1428 1013 1469 hoc
1038 1429 1171 1469 facit:
1205 1430 1307 1470 ideo
1329 1430 1465 1470 etiam
1490 1430 1708 1471 Dominus
1734 1431 1884 1482 docet,

461 1529 557 1570 “Qui
581 1530 687 1561 habet
711 1537 900 1570 praecepta
924 1541 1013 1568 mea,
1034 1537 1069 1563 et
1094 1531 1177 1563 facit
1204 1532 1273 1570 illa,
1295 1532 1353 1563 ille
1377 1538 1431 1564 est
1451 1533 1510 1573 qui
1535 1539 1631 1564 amat
1655 1532 1885 1575 Me:....qui

567 1583 652 1604 vero
673 1583 745 1605 non
765 1581 861 1605 amat
882 1573 952 1612 Me,
972 1581 1162 1615 praecepta
1177 1585 1258 1606 mea
1274 1585 1346 1606 non
1365 1582 1483 1607 servat
1496 1575 1514 1588 ''
1531 1575 1629 1618 (Joh.
1647 1577 1718 1610 xiv,
1735 1585 1787 1616 21,
1806 1577 1861 1618 24)
1873 1588 1883 1621 ς

392 1674 495 1714 inde
522 1675 721 1727 sequitur
746 1675 865 1728 quod
889 1676 961 1729 qui
987 1676 1107 1716 bona
1129 1690 1278 1729 opera,
1303 1691 1415 1730 quae
1440 1684 1542 1718 sunt
1564 1678 1683 1719 bona
1705 1667 1882 1728 amoris,

392 1737 511 1777 bona
536 1738 780 1786 charitatis,
805 1745 850 1778 et
873 1738 992 1778 bona
1012 1739 1144 1787 vitae,
1165 1753 1278 1792 quae
1304 1740 1348 1780 in
1375 1740 1501 1780 caelo
1522 1747 1741 1782 vocantur
1763 1755 1880 1790 usus,

392 1800 515 1840 nihili
542 1801 745 1852 pendunt
772 1807 817 1841 et
845 1801 968 1841 nihili
994 1801 1175 1850 faciunt,
1204 1801 1416 1843 claudant
1448 1803 1529 1843 sibi
1555 1803 1755 1854 caelum;
1793 1817 1882 1845 non

393 1865 511 1903 enim
534 1870 688 1904 amant
716 1863 876 1915 Deum,
897 1877 978 1904 nec
1002 1871 1156 1904 amant
1179 1865 1447 1916 proximum,
1472 1872 1517 1906 et
1545 1879 1681 1919 usque
1707 1866 1882 1907 caelum
1940 1890 1948 1897 ·

392 1934 461 1966 est
485 1926 657 1966 caelum
681 1941 739 1966 ex
763 1926 875 1966 binis
898 1926 983 1966 illis
1006 1927 1243 1967 amoribus.
1306 1927 1407 1968 Hoc
1430 1929 1643 1980 imprimis
1669 1934 1739 1970 est
1762 1928 1880 1969 salsi·

392 1989 524 2029 ficare
553 1989 754 2029 Verbum
787 2003 924 2042 usque
956 1990 1013 2029 ad
1045 1987 1397 2030 destru&ionem
1431 1990 1580 2030 Divini
1612 1990 1734 2040 Veri,
1762 1991 1882 2044 quod

392 2053 435 2091 in
463 2051 590 2092 caelo
616 2058 684 2092 est
711 2065 736 2091 a
763 2051 973 2100 Domino,
1002 2058 1049 2092 et
1075 2052 1195 2105 quod
1222 2052 1280 2092 ibi
1307 2059 1376 2092 est
1404 2052 1636 2093 Dominus.
1699 2052 1778 2106 (3.)
1813 2053 1882 2094 Illi

394 2115 467 2167 qui
493 2121 538 2154 et
566 2113 769 2154 do&rina
791 2121 837 2155 et
863 2115 956 2154 vita
981 2128 1028 2154 se
1055 2113 1300 2155 confimant
1331 2116 1374 2155 in
1406 2129 1474 2164 eo,
1503 2115 1623 2168 quod
1646 2115 1743 2156 sola
1768 2115 1878 2156 fides

394 2177 561 2229 absque
589 2177 717 2216 bonis
749 2177 955 2229 operibus
982 2176 1195 2229 justificet
1228 2184 1273 2217 et
1307 2177 1466 2226 salvet,
1495 2177 1712 2219 claudunt
1744 2179 1880 2219 etiam

393 2239 475 2279 sibi
502 2239 673 2279 caelum
697 2253 774 2292 per
795 2240 853 2287 id,
878 2240 997 2292 quod
1025 2239 1143 2280 mala
1165 2253 1300 2292 opera
1326 2247 1571 2290 excusent;
1605 2254 1718 2294 quae
1739 2254 1878 2282 excu-

390 2308 492 2342 sant
512 2315 589 2353 per
607 2302 663 2349 id,
684 2302 803 2355 quod
821 2302 973 2342 dicant
992 2309 1037 2342 et
1057 2303 1243 2343 credant
1263 2303 1381 2356 quod
1401 2303 1518 2343 mala
1535 2316 1624 2343 non
1641 2303 1879 2345 videantur

390 2379 416 2404 a
443 2364 555 2413 Deo,
584 2371 659 2404 aut
687 2364 804 2417 quod
832 2366 1120 2405 remittantur
1145 2366 1263 2417 apud
1294 2365 1394 2405 illos
1421 2367 1493 2419 qui
1519 2366 1689 2406 habent
1715 2365 1878 2418 fidem;

394 2426 606 2480 (quidam,
631 2427 704 2479 qui
731 2427 899 2467 habent
927 2426 1133 2467 fiduciam
1161 2427 1289 2478 fidei;
1328 2427 1521 2481 quidam,
1545 2429 1618 2481 qui
1644 2441 1722 2481 per
1746 2428 1879 2470 fidem

388 2490 615 2542 justificati
647 2496 750 2530 sunt
769 2489 798 2542 ;)
839 2504 973 2542 quare
1006 2490 1154 2543 plures
1185 2491 1247 2531 ita
1279 2504 1444 2531 vesane
1470 2492 1690 2544 cogitant,
1721 2491 1879 2546 “Quid

389 2553 522 2593 refert
550 2559 597 2592 ut
625 2553 743 2593 bona
768 2553 940 2601 faciam,
970 2553 1075 2593 dum
1101 2553 1219 2593 bona
1246 2566 1336 2594 non
1363 2567 1434 2593 me
1461 2554 1669 2595 salvant?
1700 2561 1746 2595 et
1772 2555 1877 2608 quid
1918 2603 1926 2612 ι

390 2616 522 2656 refert
554 2616 588 2655 si
628 2615 746 2655 mala
783 2615 955 2667 faciam,
995 2616 1100 2655 dum
1138 2615 1256 2656 mala
1294 2629 1364 2656 me
1396 2630 1485 2656 non
1517 2617 1766 2658 damnant?
1826 2617 1877 2659 In

389 2679 534 2731 gratia
557 2691 653 2718 sum
673 2679 774 2731 quia
796 2677 928 2718 fidem
947 2677 1130 2719 habeo.’‘
1190 2679 1251 2719 Et
1274 2679 1334 2719 sic
1354 2679 1510 2719 vivunt
1528 2679 1609 2720 sibi
1627 2686 1673 2719 et
1693 2680 1874 2728 mundo,

390 2755 471 2781 nec
499 2741 729 2781 abstinent
755 2755 780 2781 a
807 2741 927 2782 malo
949 2742 1051 2794 quia
1077 2741 1257 2790 malum,
1282 2755 1363 2782 nec
1390 2742 1554 2782 faciunt
1581 2742 1748 2783 bonum
1774 2743 1876 2796 quia

388 2805 583 2854 bonum3
617 2805 651 2844 si
675 2804 931 2845 abstineant
954 2819 979 2844 a
1002 2804 1134 2853 malo,
1159 2811 1228 2845 est
1254 2819 1312 2844 ex
1340 2805 1499 2845 timore
1523 2803 1634 2858 legis
1660 2805 1799 2846 civilis
1826 2812 1872 2847 et

384 2866 583 2919 jacturae
615 2867 771 2915 famae,
805 2874 850 2907 et
883 2881 973 2908 non
1006 2881 1064 2907 ex
1096 2868 1256 2908 timore
1297 2867 1409 2920 legis
1450 2868 1637 2908 Divinae
1675 2875 1720 2909 et
1751 2869 1871 2909 vitae

388 2937 626 2980 aeternae;
659 2937 706 2970 et:
732 2931 766 2970 si
793 2931 956 2970 faciant
983 2931 1163 2979 bonum,
1193 2937 1261 2971 est
1288 2945 1346 2970 ex
1379 2944 1529 2971 amore
1562 2931 1794 2980 mercedis,
1822 2937 1868 2972 et

390 3006 480 3032 non
503 3006 561 3033 ex
585 3006 735 3033 amore
760 2993 867 3033 Dei:
901 2999 946 3034 et
970 3007 1106 3047 usque
1129 2993 1270 3047 qualis
1293 2999 1361 3034 est
1379 2994 1471 3034 vita
1494 2993 1595 3034 talis
1618 2999 1686 3034 est
1709 2993 1870 3045 homo;
