2054 3464
557 342 1352 430 cAP.xn.,vERs.17.—N.768[d].
1591 383 1702 429 2147

115 494 133 534 ‘'.
231 522 239 532 .
262 469 444 532 Sacerdos
462 497 643 538 magnus⁴
647 497 807 529 ‘viduam
832 503 893 530 aut
916 498 1149 538 repudiatam
1168 504 1230 531 aut
1253 504 1456 539 corruptam
1481 498 1703 530 meretricem

407 550 497 574 ‚non
521 540 680 582 accipiet,
697 541 759 573 sed
778 542 954 582 virginem
979 542 1023 574 de
1047 542 1188 583 populis
1213 543 1286 574 suis
1310 542 1459 583 accipiet
1481 551 1640 579 uxorem,
1659 551 1704 572 ne

405 578 545 616 rofanet
561 594 684 616 semen
701 594 805 616 suum
826 585 862 617 in
880 586 1021 626 populis
1046 586 1140 619 suis:
1175 586 1267 627 Ego.
1282 585 1460 628 ,Jehovah
1477 583 1705 618 sanctificans

375 627 506 661 illum”
518 628 640 670 (Levit.
657 629 727 661 xxi.
748 637 797 668 14,
817 628 892 670 15):

196 649 246 667 ιλ,
276 645 294 664 f

131 744 174 776 r
175 736 418 796 fluoniam
443 751 524 793 per
549 711 731 780 “virum
762 744 809 780 et
841 739 1067 780 uxorem’'
1093 740 1137 780 in
1165 739 1337 788 Verbo,
1366 739 1410 780 in
1443 751 1579 780 sensu
1610 737 1704 792 ejus

140 800 438 873 {puntualu
465 801 747 856 significatur
772 800 1035 844 intellectus
1061 803 1155 844 veri
1187 809 1235 844 et
1266 802 1482 844 voluntas
1508 802 1630 850 boni,
1656 807 1704 843 et
1736 856 1739 858 ,

101 866 177 960 ⁴¹4}
155 856 306 922 Tquia
326 865 551 919 cogitatio
573 871 645 907 est
668 864 929 907 intellectus
952 872 999 908 et
1022 865 1201 908 affectio
1219 873 1289 908 est
1312 866 1580 914 voluntatis,
1602 865 1704 906 ideo

141 929 341 989 {gjgtiam
373 942 454 983 per
485 929 668 970 “virum
706 935 752 970 et
789 929 1001 970 uxorem’
1005 929 1325 983 'significatur
1356 929 1580 982 cogitatio
1612 927 1704 969 veri

113 1009 153 1032 ε.
160 997 251 1052 et,
268 989 448 1045 affectio
464 991 586 1041 boni,
606 999 703 1034 tum
722 1005 878 1034 verum
897 998 943 1034 et
967 993 1163 1034 bonum:
1191 993 1297 1034 inde
1313 999 1526 1033 constare
1549 997 1705 1046 potest

135 1054 308 1114 φηςι
339 1054 620 1109 significatur
645 1069 724 1139 per
752 1059 778 1076 “
789 1055 1013 1105 viduam,”
1040 1070 1119 1110 per
1148 1059 1173 1076 “
1185 1055 1511 1109 repudiatamss'
1537 1067 1704 1108 perque

111 1115 126 1142 ‘⁵
124 1128 186 1176 ι’*
202 1118 543 1174 ‘'corruptam,”
565 1123 642 1161 et‘
650 1119 997 1171 ‘meretricems
1001 1119 1121 1174 'per
1145 1119 1404 1160 “viduam'’
1423 1117 1705 1172 significatur

157 1181 371 1228 bonum
395 1182 568 1237 absque
590 1197 712 1232 vero,
737 1183 839 1238 quia
861 1197 888 1224 a
913 1197 1036 1232 vero,
1060 1183 1181 1238 quod
1208 1179 1703 1232 est“vir,’'re1i6tum;

120 1244 179 1285 ².
198 1255 281 1304 per
308 1246 666 1300 “repudiatam”
692 1246 974 1300 significatur
998 1246 1169 1288 bonum
1196 1244 1411 1300 rejectum
1438 1259 1464 1287 a
1490 1258 1612 1293 vero,
1641 1245 1706 1286 ita

82 1334 92 1345 ι
110 1305 487 1368 jfssj*vdiscordans;
514 1314 616 1364 per‘
624 1313 899 1364 ‘corruptam
915 1310 1215 1352 meretricem’
1219 1309 1520 1364 ’significatur
1534 1309 1704 1350 bonum

96 1367 510 1436 ἾιρᾗᾊάιιΙῐειειίῖιιιιί
546 1386 573 1414 a
605 1372 743 1422 salsis,
778 1374 899 1427 quod
936 1387 1028 1415 non
1066 1373 1259 1428 amplius
1296 1379 1367 1414 est
1405 1373 1589 1421 bonum,
1623 1371 1705 1413 sed

111 1433 162 1498 si}
197 1422 385 1478 malum.
447 1435 566 1490 Quia
592 1436 702 1478 talia
725 1436 1099 1490 significabantur
1124 1451 1204 1491 per
1229 1436 1330 1478 illas
1354 1436 1577 1485 mulieres,
1602 1436 1705 1477 ideo

104 1498 181 1556 „⁷4³
200 1500 431 1548 sacerdoti
457 1513 628 1554 magno
654 1498 945 1542 interdictum
972 1500 1053 1542 suit
1079 1501 1278 1554 aliquam
1304 1515 1365 1542 ex
1391 1500 1480 1540 illis
1511 1500 1555 1540 in
1588 1513 1703 1540 uxo-

107 1564 181 1618 ἶ
198 1567 297 1607 rem
323 1563 504 1613 ducere,
531 1564 635 1618 quia
660 1578 741 1618 per
767 1564 1055 1606 sacerdotem
1083 1577 1299 1618 magnum
1326 1563 1703 1617 repraesentaba-

102 1622 274 1686 ⁴fitur
305 1627 530 1669 Dominus
561 1628 711 1682 quoad
743 1628 1066 1677 sacerdotium,
1100 1642 1179 1682 per
1210 1628 1331 1682 quod
1364 1626 1705 1681 significabatur

102 1688 416 1754 3531·.Divinum
466 1691 644 1732 Bonum
670 1705 679 1742 ;
724 1698 771 1733 et
816 1691 919 1745 quia
965 1705 1044 1745 per
1090 1690 1382 1745 “virginem’'
1424 1689 1706 1744 significatur

199 1754 415 1797 voluntas
435 1768 514 1796 seu
537 1753 714 1796 affectio
732 1754 916 1808 genuini
933 1755 1040 1803 veri,
1061 1761 1108 1796 et
1127 1755 1373 1808 genuinum
1392 1767 1547 1796 verum
1567 1767 1704 1795 unum

91 1812 166 1876 ⁴ss
198 1817 310 1860 facit
334 1824 384 1860 et
409 1818 663 1860 concordat
690 1831 794 1859 cum
822 1818 989 1859 Divino
1016 1818 1160 1867 Bono,
1189 1824 1236 1859 et
1268 1817 1346 1858 illa
1377 1818 1466 1858 duo
1498 1818 1542 1858 in
1575 1818 1705 1874 caelo

200 1886 250 1924 et
279 1881 324 1922 in
350 1881 547 1924 ecclesia
572 1879 817 1935 conjuncta
848 1887 969 1931 sunt,
998 1888 1045 1923 et
1077 1879 1320 1935 conjuncta
1345 1888 1567 1923 vocantur
1593 1895 1704 1924 con-

74 1947 78 1951 ’
180 1941 181 1944 “
195 1941 369 2000 Jugium
395 1944 611 1994 caeleste,
636 1945 739 1986 ideo
765 1945 991 1986 sancitum
1017 1944 1098 1986 suit
1125 1945 1246 1999 quod
1273 1945 1487 1986 sacerdos
1509 1958 1703 1998 magnus

198 2008 422 2063 virginem
440 2008 628 2050 duceret
646 2021 862 2050 uxorem:
897 2015 944 2050 et
967 2009 1070 2062 quia
1088 2022 1148 2050 ex
1166 2007 1253 2049 hoc
1273 2007 1484 2061 conjugio
1502 2009 1705 2062 gignitur
1724 2003 1726 2006 ’

104 2065 149 2126 43
198 2071 356 2114 verum
380 2070 629 2120 doetrinae,
657 2078 706 2113 at
737 2085 797 2113 ex
829 2071 1042 2125 conjugio
1068 2084 1171 2113 cum
1198 2071 1365 2112 talibus
1391 2086 1506 2126 quae
1532 2071 1702 2126 signifi-

82 2141 362 2178 ”naas-cantur
387 2148 467 2189 per
494 2134 757 2184 “viduam,''
782 2134 1146 2189 “repudiatam,”
1171 2138 1472 2188 “corruptam
1496 2135 1703 2176 meretri-

105 2194 139 2249 ᾖ
197 2198 342 2251 cem,”
377 2198 581 2252 gignitur
620 2198 782 2240 falsum
823 2196 1071 2247 doctrinae,
1114 2198 1218 2239 ideo
1256 2199 1477 2248 dicitur‚‘
1486 2202 1565 2240 ‘ne
1598 2213 1703 2252 pro-

106 2298 111 2299 r
130 2258 139 2307 ἶ
180 2262 324 2305 ‘sanet
342 2275 499 2304 semen
517 2275 645 2304 suum
668 2263 712 2303 in
735 2262 913 2316 populis
931 2263 1047 2313 suis;
1052 2262 1193 2316 ‘per‘
1201 2262 1399 2303 ‘’semen
1403 2262 1705 2316 ’significatur

199 2326 447 2381 genuinum
463 2339 620 2367 verum
638 2323 887 2374 doetrinae,
907 2332 955 2366 et
977 2325 1082 2366 inde
1099 2339 1278 2380 quoque
1296 2324 1502 2367 doctrina
1519 2326 1703 2380 genuini

104 2383 175 2406 ³
199 2389 294 2445 veri
338 2402 398 2430 ex
443 2389 566 2430 bono
611 2389 777 2430 amoris
818 2388 1045 2437 caelestis.
1088 2396 1135 2430 et
1180 2403 1260 2443 per
1302 2389 1535 2443 “populos
1581 2388 1704 2444 ejus''

199 2451 514 2508 significantur
534 2451 599 2494 illi
620 2453 696 2507 qui
719 2452 778 2493 ab
800 2451 1009 2501 ecclesia,
1029 2453 1073 2493 in
1097 2466 1185 2507 qua
1202 2459 1273 2494 est
1295 2451 1503 2494 doctrina
1519 2453 1704 2506 genuini

106 2511 149 2577 ᾗ,
163 2520 165 2525 ’
199 2510 294 2558 veri
319 2518 380 2558 e'x
407 2515 590 2558 Verbo:
630 2522 677 2558 et
709 2517 813 2570 quia
838 2516 882 2557 id
914 2523 1012 2558 erat
1038 2517 1478 2570 repraesentativum
1506 2517 1703 2571 conjugii

91 2623 133 2643 Ψ
200 2578 429 2629 caelestis,
467 2579 589 2634 quod
631 2585 702 2620 est
749 2579 934 2621 Domini
979 2593 1082 2621 cum
1129 2579 1338 2629 ecclesia,
1381 2580 1484 2620 ideo
1524 2580 1701 2630 dicitur,

85 2639 102 2655 ”
148 2638 154 2657 ’·
202 2642 348 2698 “Ego
376 2643 586 2697 Jehovah
614 2641 902 2684 sanctificans
927 2642 1093 2684 illum.‘’
1154 2641 1272 2697 Quia
1302 2657 1382 2697 per
1413 2644 1703 2685 sacerdotem

80 2715 153 2763 53„
202 2718 420 2760 magnum
470 2713 843 2760 repraesentatus
892 2713 962 2748 est
1015 2707 1238 2748 Dominus
1287 2707 1438 2760 quoad
1489 2707 1704 2749 Divinum

92 2799 149 2814 1-
203 2767 440 2824 [Bonum]‚
473 2776 520 2823 et
552 2783 632 2824 per
660 2770 890 2812 “semen’'
921 2769 1015 2824 ejus
1047 2769 1352 2824 significatum
1385 2776 1456 2812 est
1489 2770 1703 2812 Divinum

201 2825 390 2883 Verum,
418 2830 540 2888 quod
571 2833 691 2875 idem
723 2839 794 2875 est
827 2846 929 2875 cum
957 2835 1157 2888 genuino
1182 2847 1292 2875 vero
1322 2831 1570 2882 doctrinae,
1599 2833 1704 2874 ideo

202 2902 429 2939 statutum
455 2903 527 2939 est

206 3022 213 3027 -
268 3000 375 3044 Quod
391 3010 465 3033 non
482 3001 535 3033 vir
546 3001 696 3040 alienus,
713 3002 772 3043 qui
790 3011 862 3034 non
881 3011 924 3034 ex
941 3002 1080 3034 semine
1097 3001 1279 3034 Aharonis
1299 3007 1363 3040 est,
1381 3001 1526 3033 accedet
1544 3000 1590 3033 ad
1609 3001 1704 3032 suffi-

377 3044 509 3078 endum
527 3045 768 3078 suffimentum
785 3055 905 3078 coram
922 3045 1086 3088 Jehovah
1102 3045 1226 3086 (Num.
1243 3045 1327 3078 xvii.
1347 3053 1363 3085 5
1381 3043 1440 3088 [B.
1458 3046 1503 3078 A.
1517 3045 1586 3077 xvi.
1607 3042 1702 3086 40]).
