2054 3464
372 388 499 447 2016*
786 413 1118 449 APOCALYPSIS
1148 414 1446 450 EXPL1c‘A‘rA.

371 527 612 580 spiritualis
638 527 856 570 instructa
882 530 1023 581 veris;
1059 530 1270 572 “mater”
1291 537 1361 572 est
1387 531 1578 573 ecclesia
1603 532 1647 572 in
1673 543 1853 585 genere,

375 590 515 630 “vitis
528 590 546 605 ”
568 597 637 631 est
660 591 849 632 ecclesia
872 592 1111 645 spirituaiis
1134 593 1178 634 in
1201 594 1363 646 specie,
1386 598 1564 647 “aquae
1577 594 1595 610 ’¹
1613 601 1716 636 sunt
1733 609 1853 644 vera,

374 655 399 672 “
414 652 636 704 plantari”
659 659 728 694 est
751 654 1012 695 instaurari:
1049 655 1204 696 “unde
1227 656 1402 697 fuerunt
1425 656 1487 696 illi
1509 657 1661 710 virgae
1684 657 1856 698 roboris

371 714 414 753 in
438 721 616 766 sceptra
642 715 1003 756 dominantium”
1028 717 1251 770 significat
1274 718 1392 771 quod
1419 719 1458 759 ei
1490 718 1617 759 fuerit
1645 719 1855 760 Divinum

372 775 541 816 Verum
572 777 615 816 in
648 791 726 817 sua
758 779 977 830 potentia,
1006 785 1051 820 et
1083 780 1186 820 inde
1217 780 1280 820 illi
1307 780 1552 821 dominium
1585 795 1716 834 super
1745 781 1856 823 falsa

371 837 476 878 mali
495 852 606 891 quae
630 839 686 879 ab
709 840 905 881 inferno:
942 842 1131 894 “virgae
1153 842 1354 883 roboris”
1372 842 1624 895 significant
1643 843 1855 885 Divinum

371 899 541 940 Verum
579 902 726 954 quoad
764 903 1031 954 potentiam,
1071 911 1116 944 et
1156 906 1372 957 “sceptra
1383 905 1401 920 ”
1438 905 1647 945 Divinum
1684 905 1855 947 Verum

370 963 517 1014 quoad
540 963 800 1013 dominium,
822 971 1001 1018 sceptra
1022 967 1140 1006 enirn
1163 980 1318 1020 regum
1342 973 1469 1007 erant
1492 968 1605 1008 curti
1627 967 1772 1008 baculi
1794 981 1854 1009 ex

370 1024 527 1065 arbore
566 1026 876 1078 significativa,
910 1027 980 1068 hic
1012 1042 1071 1068 ex
1103 1027 1218 1069 vite:
1256 1029 1372 1069 “sed
1404 1029 1570 1070 extulit
1602 1043 1649 1070 se
1681 1036 1856 1072 statura

370 1085 461 1138 ejus
484 1100 615 1139 super
638 1088 753 1128 inter
775 1089 1000 1142 implexos
1022 1090 1199 1131 ramos”
1221 1090 1442 1144 significat
1462 1087 1627 1132 'fastum
1651 1093 1855 1144 propriae

370 1148 700 1201 intelligentiae
733 1165 791 1191 ex
824 1151 1080 1192 scientificis
1112 1153 1326 1193 naturalis
1357 1153 1575 1204 hominis;
1607 1153 1746 1199 fastus
1778 1153 1854 1195 ille

370 1210 645 1263 significatur
663 1225 741 1264 per
761 1213 964 1255 “extulit
987 1228 1034 1254 se
1052 1221 1225 1255 statura
1243 1214 1373 1268 ejus,”
1391 1223 1435 1256 et
1455 1216 1699 1256 scientifica
1721 1222 1853 1257 natu·

370 1273 472 1313 ralis
494 1273 685 1314 hominis
709 1275 1018 1328 significantur
1040 1290 1118 1329 per
1142 1278 1406 1329 “implexos
1433 1291 1580 1318 ramos
1601 1278 1634 1318 :”
1662 1282 1857 1320 “eversa

370 1342 439 1377 est
461 1336 504 1376 in
528 1337 603 1384 ira,
624 1337 667 1376 in
686 1343 851 1378 terram
874 1337 1110 1391 proje&a,”
1127 1339 1349 1392 significat
1369 1339 1721 1381 destructionem
1738 1340 1855 1382 illius

370 1412 447 1450 per
467 1398 587 1453 ‚falsa
619 1399 749 1440 mali:
786 1403 986 1441 “ventus
1023 1402 1252 1442 orientalis
1285 1403 1466 1443 arefecit
1505 1401 1695 1444 fructum
1731 1402 1824 1456 ejus
1835 1403 1855 1420 ”

369 1461 591 1514 significat
610 1461 963 1504 destruffionem
986 1464 1091 1504 boni
1114 1465 1205 1517 ejus
1223 1479 1231 1513 3
1268 1468 1467 1506 “ventus
1485 1466 1714 1507 orientalis
1727 1466 1746 1481 ”
1763 1467 1854 1520 sig-

370 1523 520 1564 nificat
544 1524 909 1574 destructionem,
930 1533 975 1567 et
997 1525 1233 1567 “frufftus‘’
1251 1528 1446 1578 bonum;
1480 1528 1523 1568 id
1546 1529 1713 1570 bonum
1734 1528 1855 1583 quod

369 1586 454 1626 illis
477 1587 549 1641 qui
581 1588 623 1627 in
656 1588 775 1628 falsis
798 1589 902 1629 mali
925 1595 1043 1638 sunt,
1068 1590 1294 1630 residuum
1317 1598 1385 1631 est
1410 1605 1467 1631 ex
1492 1591 1662 1640 Verbo,
1686 1590 1854 1632 intelli-

370 1650 502 1702 gitur,
523 1650 643 1703 cujus
662 1649 907 1692 destru&io
929 1651 1204 1705 significatur
1222 1666 1299 1706 per
1320 1653 1674 1695 “arefactionem
1690 1651 1855 1696 fruetus

369 1727 427 1752 ex
460 1714 886 1776 vent0¹orieqtali:''
921 1715 1160 1756 “divulsae
1191 1723 1296 1756 sunt
1322 1723 1368 1757 et
1395 1723 1670 1758 exaruerunt
1701 1717 1855 1770 virgae

369 1775 538 1816 roboris
561 1775 652 1828 ejus
667 1775 685 1791 ’⁹
708 1776 932 1829 significat
955 1778 1075 1831 quod
1098 1778 1363 1831 dissipatum
1386 1780 1442 1820 sit
1474 1793 1608 1820 omne
1641 1780 1855 1821 Divinum

370 1837 554 1887 Verum,
586 1839 702 1880 unde
734 1840 950 1881 ecclesiae
982 1840 1044 1880 illi
1079 1841 1201 1881 nulla
1233 1843 1438 1894 potentia
1470 1849 1628 1884 contra
1658 1843 1852 1885 inferna:

372 1901 522 1953 “ignis
552 1902 749 1943 comedit
773 1916 1128 1957 unamquamque
1141 1903 1159 1919 ’'
1181 1903 1403 1957 significat
1434 1905 1598 1946 fastum
1620 1919 1679 1946 ex
1702 1919 1853 1948 amore

369 1964 447 2011 sui,
472 1964 544 2016 qui
567 1964 818 2005 destruxit:
855 1969 879 1985 “
896 1979 1012 2006 nunc
1036 1966 1244 2018 plantata
1274 1973 1342 2007 est
1374 1967 1416 2007 in
1440 1967 1634 2017 deserto,
1659 1969 1703 2008 in
1732 1975 1854 2010 terra

367 2026 588 2067 ariditatis
610 2033 655 2067 et
679 2028 813 2076 sitis,''
835 2028 1056 2081 significat
1078 2029 1198 2082 quod
1220 2029 1427 2070 desolata
1449 2044 1586 2083 usque
1609 2037 1658 2072 ut
1681 2045 1772 2073 non
1795 2033 1853 2074 sit

368 2089 547 2142 aliquod
580 2090 747 2130 bonum
771 2092 862 2131 veri
894 2098 939 2132 et
962 2105 1115 2132 verum
1142 2091 1273 2132 boni:
1310 2093 1493 2134 “exivit
1525 2094 1642 2146 ignis
1673 2108 1696 2135 e
1728 2095 1855 2148 virga

367 2166 591 2193 ramorum
614 2152 705 2205 ejus
718 2153 736 2168 ”
753 2153 975 2206 significat
997 2154 1161 2195 fastum
1188 2155 1230 2194 in
1254 2155 1440 2208 singulis
1463 2155 1578 2208 ejus:
1615 2157 1851 2199 “comedit

367 2213 555 2255 fructum
587 2214 678 2267 ejus
690 2214 708 2230 ’'
730 2215 952 2268 significat
975 2216 1368 2269 consumptionem
1400 2218 1530 2258 boni:
1567 2222 1654 2260 “ut
1677 2233 1767 2260 non
1794 2219 1852 2262 sit

367 2276 411 2315 in
448 2289 500 2316 ea
539 2276 664 2328 virga
699 2276 883 2325 roboris,
923 2284 1151 2329 sceptrum
1188 2275 1592 2328 [¹]dominantium‚''
1627 2280 1852 2333 significat

368 2338 695 2379 desolationem
719 2339 868 2379 Divini
890 2339 999 2380 Veri
1017 2340 1164 2393 quoad
1193 2342 1444 2393 potentiam
1468 2348 1512 2382 et
1536 2343 1682 2395 quoad
1705 2343 1851 2384 domi-

368 2399 490 2438 nium
509 2409 693 2447 (utsupra).
752 2399 892 2452 Apud
917 2399 1183 2449 Jeremz'am‚

433 2486 451 2499 “
465 2485 579 2516 Dicite
597 2486 775 2526 quomodo
792 2484 925 2518 frazstus
939 2492 994 2518 est
1010 2487 1155 2518 baculus
1169 2488 1318 2525 roboris,
1333 2488 1477 2520 baculus
1491 2489 1628 2521 decoris
1642 2499 1649 2528 ;
1674 2490 1851 2523 descende

540 2529 583 2560 de
606 2529 728 2568 gloria,
754 2536 788 2560 et
812 2530 895 2560 sede
920 2530 956 2560 in
981 2531 1049 2567 siti,
1074 2531 1263 2562 habitatrix
1288 2531 1358 2562 filia
1384 2531 1552 2564 Dibonis:
1588 2533 1670 2573 quia
1692 2539 1852 2566 vastator

541 2571 661 2603 Moabi
673 2573 832 2604 ascendit
844 2579 968 2605 contra
979 2579 1022 2611 te,
1035 2579 1070 2604 et
1081 2574 1233 2614 perdidit
1245 2575 1466 2606 munimenta
1476 2582 1536 2606 tua
1547 2575 1565 2588 '¹
1579 2575 1699 2615 (xlviii.
1712 2583 1760 2615 17,
1775 2577 1828 2617 18)
1841 2587 1849 2610 z

367 2673 444 2713 per
479 2659 651 2700 “filiam
689 2660 911 2700 Dibonis‘'
945 2660 1220 2714 significatur
1257 2668 1498 2703 externum
1533 2663 1763 2711 ecclesiae.
1803 2670 1850 2706 et

366 2723 468 2764 inde
505 2730 745 2763 externum
778 2723 931 2773 Verbi,
965 2724 1084 2777 quod
1121 2731 1190 2765 est
1228 2738 1382 2765 sensus
1420 2725 1598 2767 litterae
1635 2726 1754 2779 ejus;
1801 2734 1849 2770 et

369 2790 609 2827 “vastator
628 2785 810 2826 Moabi”
825 2787 1048 2839 significat
1063 2787 1441 2828 adulterationem
1459 2788 1575 2840 ejus:
1599 2790 1702 2830 inde
1719 2797 1848 2842 patet

365 2848 470 2901 quid
503 2847 726 2901 significat
758 2849 877 2902 quod
913 2847 1113 2890 “fractus
1146 2850 1202 2890 sit
1236 2849 1419 2890 baculus
1450 2851 1633 2900 roboris,
1664 2852 1848 2894 baculus

365 2911 576 2959 decoris,”
613 2925 773 2963 nempe
809 2911 929 2964 quod
971 2925 1061 2953 non
1102 2912 1188 2952 illis
1229 2912 1439 2953 Divinum
1478 2913 1647 2954 Verum
1688 2915 1732 2954 in
1769 2928 1848 2955 sua

365 2975 595 3026 potentia;
631 2974 852 3014 “baculus
875 2975 1076 3015 roboris''
1098 2982 1168 3016 est
1200 2974 1308 3016 illud
1340 2976 1382 3015 in
1415 2976 1605 3016 naturali
1631 2990 1776 3026 sensu,
1800 2983 1847 3019 et

367 3036 588 3077 “baculus
625 3036 827 3077 decoris”
864 3043 933 3078 est
969 3037 1078 3078 illud
1115 3038 1158 3078 in
1195 3038 1436 3091 spirituali:
1489 3038 1752 3085 “descende
1790 3039 1846 3081 de
