2008 3458
629 396 736 430 CAP.
760 396 878 438 X1v.,
901 396 1040 430 VERs.
1067 397 1210 430 1.——N.
1233 388 1328 442 851.
1617 385 1730 441 2369

107 522 172 574 νῖν,
202 509 343 554 'haec
375 511 434 556 de
463 510 667 554 adventu
698 511 898 560 Domini,
926 517 972 553 et
1005 512 1062 553 de
1093 511 1411 566 redemptione
1443 509 1643 552 fidelium
1671 510 1730 552 ab

128 586 139 593 ”
229 573 364 630 Ipso;
401 574 629 617 adventus
661 574 806 629 Ipsius
833 574 1116 628 significatur
1140 589 1220 629 per
1249 579 1469 628 “tempus
1501 574 1559 615 ad
1591 574 1728 614 mise-

227 637 419 680 randum
455 637 597 687 eam,”
629 651 797 692 perque
833 642 1053 692 “tempus
1090 637 1371 689 statutum;”
1412 651 1519 679 vera
1549 643 1728 679 restau-

110 695 165 736 ’ἱ
226 699 372 744 tanda
395 713 448 743 ac
474 707 732 745 restaurata
757 700 1072 754 significantur
1097 715 1176 755 per
1201 700 1415 755 “lapides
1429 700 1448 716 ''
1470 714 1584 755 quos
1612 701 1728 742 servi

226 761 518 814 desiderant:
545 764 818 805 instauratio
836 763 1058 805 ecclesiae
1076 770 1122 806 et
1142 763 1292 805 cultus
1312 764 1496 810 Domini
1519 777 1579 804 ex
1602 763 1728 804 Divi-

227 826 297 868 nis
329 827 448 869 veris
473 826 744 869 describitur
769 841 849 881 per
873 828 1112 882 sequentia
1142 827 1215 868 ibi.
1277 827 1554 868 Devastatio
1580 826 1728 868 eccle-

174 927 178 937 ,
227 889 321 932 siae
342 903 371 932 a
390 896 532 945 gente
552 889 754 944 Judaica‚
775 904 854 945 per
876 891 997 945 quod
1020 904 1155 932 omne
1179 891 1393 932 Divinum
1411 890 1584 932 Verum
1606 889 1728 931 falsi-

227 952 478 1004 ficaverint,
506 954 674 1008 passim
706 955 846 995 etiam
878 955 924 995 in
950 953 1108 996 Verbo
1139 968 1219 1008 per
1243 954 1554 995 vastationem
1581 952 1729 995 Sionis
1761 964 1764 968 ·

226 1015 498 1060 describitur
514 1016 653 1060 :-Ut
680 1017 800 1072 apud
826 1017 1032 1067 Esaiam,

293 1108 447 1146 “Urbes
466 1110 668 1145 sanctitatis
689 1119 771 1145 tuae
790 1111 907 1145 saetae
927 1119 1011 1146 sunt
1029 1113 1221 1152 desertum,
1242 1113 1328 1145 Sion
1349 1111 1446 1145 {adia
1463 1118 1519 1146 est
1538 1113 1729 1151 desertum,

403 1162 440 1189 et
457 1156 715 1199 Hierosolyma
730 1158 879 1190 vastitas
893 1157 910 1169 '¹
927 1158 1024 1198 (lxiv.
1043 1167 1063 1199 9
1082 1155 1142 1200 [B.
1159 1158 1204 1190 A.
1225 1155 1299 1199 10])
1314 1166 1322 1196 ;

168 1257 179 1289 f
225 1235 273 1280 in
305 1235 510 1287 Threm's,

296 1314 318 1330 ‘⁸
329 1313 410 1349 filii
426 1313 547 1347 Sionis
564 1315 722 1356 pretiosi,
736 1315 915 1347 aestimati
933 1325 1038 1357 pares
1055 1325 1144 1348 auro
1160 1325 1261 1357 puro,
1279 1315 1461 1357 quomodo
1477 1315 1630 1357 reputati
1647 1320 1732 1347 sunt

402 1358 439 1391 in
456 1365 554 1391 utres
565 1365 694 1398 testae,
712 1369 802 1400 opus
820 1369 991 1392 manuum
1009 1359 1107 1400 figuli
1119 1359 1138 1372 ”
1153 1360 1213 1399 (iv.
1231 1368 1250 1391 2
1266 1360 1312 1392 ad
1329 1359 1413 1400 fin.).

291 1400 400 1443 (Tum
416 1402 516 1435 Esai.
534 1402 580 1435 iii.
601 1403 729 1442 16-26;
757 1403 885 1446 Jerem.
902 1403 946 1436 vi.
966 1411 1005 1443 2;
1029 1403 1141 1436 Mick.
1159 1404 1206 1436 iii.
1227 1412 1278 1443 10,
1299 1412 1358 1443 12;
1383 1409 1418 1436 et
1434 1403 1545 1444 alibi.)

210 1476 508 1538 'Nominatur
538 1496 679 1538 etiam
711 1496 914 1550 plurimis
946 1498 991 1538 in
1023 1496 1136 1539 locis
1165 1496 1366 1551 “virgo”
1394 1503 1441 1539 et
1470 1496 1600 1538 “filia
1631 1495 1730 1538 Sio-

118 1560 119 1563 ’
227 1558 340 1610 nis,”
359 1564 414 1601 ,ut
439 1559 486 1601 in
511 1560 832 1614 sequentibus:

281 1636 422 1696 &Reg-
441 1653 512 1686 xix.
533 1646 593 1686 εἰς
618 1653 718 1687 Esai.
740 1653 760 1686 i.
783 1655 821 1693 8;
849 1664 924 1696 cap.
945 1654 992 1687 iii.
1016 1655 1067 1693 16,
1092 1662 1151 1694 17;
1180 1665 1256 1696 cap.
1279 1655 1324 1687 iv.
1345 1663 1385 1694 43
1414 1664 1489 1695 cap.
1510 1664 1542 1687 x.
1564 1662 1625 1694 32:
1654 1663 1730 1695 cap.

401 1698 472 1740 xvi,
500 1706 538 1737 1;
570 1707 645 1739 cap.
669 1698 801 1730 xxxvii.
827 1706 890 1737 22;
922 1708 998 1740 cap.
1019 1699 1068 1731 lii.
1089 1707 1128 1738 2;
1160 1709 1235 1740 cap.
1260 1699 1332 1730 lxii.
1360 1707 1417 1731 11:
1455 1699 1581 1740 Jerem.
1600 1699 1645 1730 iv.
1667 1706 1731 1737 31:

401 1750 479 1783 cap.
497 1742 546 1774 vi.
566 1749 595 1780 2,
617 1750 680 1781 23:
717 1742 843 1774 Thren.
864 1742 885 1775 i.
906 1742 927 1774 6
945 1752 952 1781 ;
981 1752 1058 1783 cap.
1078 1742 1115 1775 ii.
1134 1751 1162 1781 1,
1178 1751 1209 1782 4,
1228 1743 1258 1781 8,
1278 1751 1328 1781 10,
1349 1751 1398 1782 13,
1418 1743 1458 1774 18
1475 1752 1482 1781 ;
1510 1752 1587 1783 cap.
1604 1742 1650 1774 iv.
1668 1750 1729 1773 22:

401 1784 514 1818 Mich.
531 1786 553 1818 i.
576 1794 635 1825 13;
664 1795 740 1827 cap.
761 1786 807 1818 iv.
828 1786 859 1824 8,
880 1795 930 1823 10,
954 1795 1014 1825 13:
1045 1786 1144 1828 zeph.
1165 1786 1213 1819 iii.
1237 1795 1296 1826 14:
1330 1786 1428 1818 Sach.
1446 1786 1482 1818 ii.
1502 1784 1583 1824 [¹114
1604 1783 1665 1827 [B.
1685 1786 1730 1817 A.

405 1826 486 1904 1323&-
515 1839 590 1870 cap.
615 1830 662 1861 ix.
686 1839 724 1870 9:
758 1830 892 1862 Psalm.
917 1830 962 1862 ix.
990 1837 1046 1870 15:
1079 1830 1211 1862 Matth.
1237 1830 1307 1862 xxi.
1334 1838 1374 1870 5:
1411 1830 1494 1873 Joh.
1518 1830 1577 1862 xii.
1605 1837 1663 1868 15:
1696 1835 1732 1861 et

401 1882 450 1905 aa
475 1882 507 1906 ιε

226 1966 275 2005 et
297 1974 378 2016 per
396 1960 574 2003 “filiam
597 1961 782 2003 Zionis”
803 1961 1085 2016 significatur
1106 1960 1285 2004 affectio
1306 1961 1552 2016 spiritualis
1576 1961 1730 2002 Divini

226 2022 366 2076 Veri;
399 2022 578 2067 affectio
600 2024 845 2079 spiritualis
870 2025 1022 2067 Divini
1045 2025 1156 2067 Veri
1182 2031 1253 2066 est
1276 2038 1404 2066 amor
1425 2026 1518 2066 veri
1544 2030 1731 2079 propter

226 2100 400 2138 verum,
423 2101 476 2130 ac
498 2087 773 2130 desiderium
796 2088 854 2129 ad
881 2088 992 2129 illud
1016 2095 1203 2143 propter
1225 2102 1330 2129 usus
1352 2089 1476 2130 vitae
1498 2094 1727 2130 aeternae.

228 2149 306 2192 Ex
341 2150 416 2194 his.
449 2164 567 2192 nunc
599 2157 813 2193 constare
851 2157 1007 2206 potest
1045 2152 1152 2206 quid
1184 2151 1466 2205 significatur
1496 2165 1576 2206 per
1607 2151 1730 2206 quod

230 2212 436 2268 “Agnus
467 2215 589 2255 visus
621 2215 680 2256 sit
713 2221 836 2256 stare
868 2229 1003 2269 super
1034 2214 1197 2256 Monte
1229 2214 1379 2264 Sion‚'’
1409 2214 1531 2268 quod
1565 2227 1730 2268 nempe

227 2277 334 2332 quia
363 2277 409 2318 in
440 2278 738 2332 sequentibus
769 2278 829 2319 ibi
860 2279 1012 2332 agitur
1040 2279 1096 2320 de
1129 2279 1418 2332 separatione
1450 2277 1672 2319 bonorum
1705 2291 1731 2318 a

227 2339 374 2394 malis,
401 2341 459 2382 ad
484 2341 740 2383 faciendum
761 2340 989 2394 judicium.

307 2408 436 2464 851·
474 2408 554 2450 “Et
580 2423 671 2450 cum
699 2409 789 2463 Ipso
818 2414 980 2451 centum
1009 2410 1282 2464 quadraginta
1311 2414 1489 2464 quatuor·
1509 2410 1732 2450 millia.''—

213 2468 367 2524 *Quod
393 2470 620 2525 significet
653 2472 886 2513 secundnm
917 2485 1025 2514 vera
1055 2472 1101 2513 z'n
1131 2472 1253 2513 omni
1277 2472 1516 2526 complexu,
1545 2478 1730 2513 constat

229 2547 291 2576 ex
332 2533 666 2588 significatione
706 2538 930 2576 “centum
972 2535 1277 2590 quadraginta
1313 2541 1508 2590 quatuor
1549 2534 1731 2582 millia,’'

228 2594 352 2650 quod
373 2596 465 2637 sint
486 2609 596 2637 vera
617 2596 662 2637 in
684 2597 809 2637 omni
831 2596 1081 2651 complexu
1104 2607 1159 2646 (de
1174 2616 1240 2645 qua
1253 2617 1359 2646 supra,
1375 2617 1406 2638 n.
1421 2607 1536 2649 430).
1595 2596 1731 2638 Simi-

229 2656 291 2700 lia
322 2671 402 2712 per
427 2657 505 2701 illa
530 2657 858 2712 significantur,
887 2673 1002 2713 quae
1034 2673 1114 2713 per
1144 2658 1258 2701 haec
1292 2659 1477 2700 Domini
1502 2659 1640 2700 verba
1671 2659 1730 2700 ad

229 2719 471 2762 duodecim
497 2734 603 2762 suos
629 2721 890 2775 discipulos,

297 2813 446 2856 “Jesus.
460 2814 565 2846 ‚dixit
583 2814 663 2852 illis,
683 2815 802 2847 Amen
827 2815 907 2847 dico
931 2816 1045 2854 vobis,
1066 2816 1161 2857 quod
1181 2826 1256 2855 vos,
1278 2818 1337 2859 qui
1361 2817 1472 2849 secuti
1496 2817 1582 2849 estis
1608 2816 1668 2850 Me
1693 2818 1730 2850 in

59 2862 98 2907 ξ
405 2858 690 2898 regeneratione,
704 2859 847 2899 quando
864 2859 1002 2892 sedebit
1020 2859 1129 2892 Filius
1146 2860 1303 2893 hominis
1320 2870 1428 2902 super
1445 2861 1576 2893 throno
1591 2862 1730 2902 gloriae

404 2911 500 2939 suae,
521 2902 690 2934 sedebitis
710 2903 818 2934 etiam
837 2912 902 2935 vos
923 2913 1030 2944 super
1048 2904 1235 2936 duodecim
1255 2905 1405 2943 thronis,
1422 2904 1623 2946 judicantes
1642 2906 1731 2938 duo-

404 2945 517 2977 decim
535 2946 647 2978 tribus
666 2945 810 2978 Israelis
821 2945 839 2958 '¹
856 2946 1000 2987 (Matth.
1017 2947 1088 2979 xix.
1106 2947 1182 2988 28);

229 3049 310 3093 per
334 3051 450 3093 quae
481 3051 572 3080 non
604 3038 878 3093 intelligitur
902 3040 1023 3095 quod
1056 3040 1297 3083 duodecim
1324 3041 1533 3097 discipuli
1559 3043 1726 3085 sessuri
