2008 3458
407 368 517 420 2382
820 376 1151 410 APOCALYPSIS
1182 377 1480 411 EXPLICATA.

408 489 512 529 inde
549 495 618 530 est
651 489 769 542 quod
802 495 1027 542 sequatur,
1064 489 1299 543 “virgines
1330 490 1447 532 enim
1485 490 1630 539 sunt‚”
1659 504 1737 545 per
1766 488 1886 546 quod

408 551 686 603 significatur
704 552 822 605 quod
846 553 889 592 in
908 550 1142 593 affectione
1160 567 1237 593 seu
1255 566 1407 594 amore
1425 554 1516 594 veri
1534 560 1716 607 propter
1732 566 1886 595 verum

406 607 510 654 sint.
587 613 733 655 Causa
769 615 888 667 quod
927 615 982 655 de
1018 615 1105 655 illis
1142 622 1324 656 centum
1360 616 1660 669 quadraginta
1697 622 1888 670 quatuor

407 677 602 717 millibus
620 678 794 717 dicatur
805 677 924 730 quod
942 681 1081 718 “cum
1101 678 1356 719 mulieribus
1375 689 1464 718 non
1482 679 1700 732 inquinati
1717 685 1884 728 essent,

408 740 509 792 quia
527 740 722 792 virgines
745 739 887 788 sunt,”
907 746 976 780 est
1000 741 1101 793 quia
1124 754 1201 794 per
1222 741 1324 781 illos
1345 744 1566 781 “centum
1588 741 1887 794 quadraginta

407 808 599 855 quatuor
626 802 765 842 millia
781 802 800 817 ”
825 802 1141 854 intelliguntur
1166 816 1324 843 omnes
1350 803 1423 856 qui
1455 804 1498 843 in
1529 804 1645 844 veris
1676 817 1736 844 ex
1766 803 1886 844 bono

407 870 538 915 sunt3
577 870 623 905 et
655 864 718 904 illi
743 865 816 918 qui
847 865 890 904 in
917 865 1032 905 veris
1058 878 1116 905 ex
1142 865 1263 905 bono
1289 872 1408 914 sunt,
1437 878 1527 905 non
1553 871 1741 918 possunt
1765 865 1885 906 falsi-

408 926 540 967 ficare
567 940 698 976 vera;
731 926 899 967 bonum
923 926 1040 967 enim
1065 928 1208 980 aperit
1236 927 1511 981 spiritualem
1534 933 1749 976 mentem,
1772 941 1889 982 quae

407 989 566 1042 recipit
609 989 753 1030 lucem
797 1003 821 1029 e
863 989 1003 1037 caelo,
1043 1003 1094 1030 ac
1137 989 1332 1030 illustrat
1369 996 1570 1030 mentem
1607 989 1886 1041 naturalem;

408 1052 512 1092 inde
543 1065 662 1100 vera,
697 1051 877 1104 quando
909 1058 1144 1104 apparent,
1177 1059 1486 1105 agnoscuntur
1516 1058 1563 1093 et
1599 1050 1885 1106 recipiuntur,

408 1127 459 1155 ac
492 1113 602 1155 falsa
629 1114 911 1166 rejiciuntur:
950 1114 1081 1155 aliter
1107 1128 1286 1167 prorsus
1312 1115 1430 1168 apud
1461 1115 1563 1155 illos
1594 1115 1667 1169 qui
1697 1116 1741 1155 in
1773 1115 1886 1156 veris

407 1177 575 1230 absque
612 1177 733 1217 bono
770 1183 901 1227 sunt;
944 1177 989 1216 hi
1027 1177 1210 1217 tametsi
1243 1177 1431 1217 credunt
1463 1191 1511 1218 se
1546 1178 1590 1218 in
1626 1177 1740 1218 veris
1771 1190 1884 1226 esse,

406 1253 543 1292 usque
570 1245 674 1280 sunt
701 1239 745 1279 in
771 1239 917 1279 falsis:
956 1253 1062 1280 vera
1089 1240 1207 1279 enim
1234 1239 1402 1292 absque
1428 1239 1548 1280 bono
1574 1253 1663 1280 non
1690 1239 1886 1294 aliquam

407 1301 553 1342 lucem
581 1315 662 1342 nec
690 1303 831 1342 vitam
858 1301 1054 1351 habent;
1092 1315 1228 1354 quare
1260 1308 1363 1342 sunt
1395 1302 1515 1342 intus
1547 1302 1661 1343 sicut
1687 1303 1815 1355 nigra
1838 1308 1886 1343 et

408 1370 511 1404 sunt
535 1370 713 1404 mortua
730 1378 738 1414 ;
772 1364 873 1404 ideo
892 1377 992 1404 cum
1015 1364 1199 1404 interius
1217 1364 1274 1404 ab
1290 1364 1377 1404 illis
1395 1363 1668 1417 spectantur,
1688 1371 1794 1406 tunc
1812 1364 1885 1406 vel

408 1426 702 1467 falsificantur
723 1427 794 1467 vel
818 1427 931 1466 sicut
957 1426 1078 1466 nulla
1100 1426 1245 1467 forent
1269 1427 1566 1479 disparantur.
1626 1427 1756 1468 Talia
1781 1434 1885 1469 sunt

407 1503 512 1529 vera
549 1489 689 1530 Verbi
727 1489 845 1542 apud
886 1489 987 1529 illos
1013 1481 1101 1542 ¹qui
1141 1490 1185 1529 in
1222 1489 1309 1530 fide
1350 1496 1559 1542 separata
1599 1503 1624 1530 a
1664 1489 1886 1532 charitate

406 1558 537 1602 sunt;
570 1551 615 1592 hi
642 1552 747 1592 dum
774 1566 833 1592 ex
855 1551 995 1592 Verbi
1022 1565 1154 1592 sensu
1181 1551 1360 1592 litterae
1387 1551 1640 1605 loquuntur,
1665 1565 1754 1593 non
1781 1566 1885 1606 pos-

406 1620 511 1655 sunt
537 1614 668 1654 aliter
694 1628 827 1667 quam
854 1628 959 1654 vera
987 1614 1123 1667 loqui,
1152 1615 1252 1667 quia
1279 1615 1429 1655 omnia
1454 1614 1594 1655 Verbi
1619 1628 1724 1655 vera
1755 1622 1885 1666 sunt;

406 1677 486 1717 sed
518 1691 631 1730 quae
663 1678 706 1716 in
739 1690 872 1717 sensu
904 1677 1084 1717 litterae
1111 1683 1299 1717 exstant
1332 1683 1436 1717 sunt
1462 1678 1753 1730 apparentiae
1778 1679 1884 1727 veri,

406 1740 508 1792 quia
535 1753 615 1792 pro
638 1739 912 1792 simplicibus
935 1746 981 1779 et
1008 1739 1266 1788 infantibus,
1292 1746 1337 1779 et
1364 1739 1468 1779 inde
1493 1739 1550 1779 ad
1576 1738 1751 1780 illorum
1778 1753 1884 1794 cap-

406 1807 501 1842 tum
520 1815 528 1852 ;
561 1807 609 1842 at
633 1802 737 1842 dum
756 1801 913 1855 aliquis
936 1815 995 1842 ex
1018 1801 1104 1842 illis
1122 1802 1195 1855 qui
1217 1802 1261 1841 in
1280 1801 1367 1842 fide
1385 1807 1593 1855 separata
1614 1815 1640 1842 a
1662 1801 1884 1844 charitate

407 1871 527 1914 sunt,
547 1865 734 1905 interius
757 1865 919 1905 lustrat
944 1864 1034 1912 illa,
1055 1878 1105 1905 ac
1129 1866 1299 1917 satagit
1322 1864 1498 1905 illorum
1517 1865 1758 1917 genuinum
1782 1878 1884 1906 sen-

407 1941 504 1967 sum
541 1941 619 1968 seu
655 1929 898 1981 genuinum
935 1941 1088 1968 verum
1128 1927 1333 1976 educere,
1372 1927 1537 1968 labitur
1571 1928 1614 1967 in
1651 1927 1776 1977 salsa,
1809 1942 1886 1981 per

405 2004 518 2043 quae
545 1991 641 2042 ipsa
666 2004 772 2031 vera
799 1990 911 2031 caeli
938 1990 1144 2038 destruit,
1172 1995 1218 2030 et
1249 1990 1352 2030 inde
1382 1990 1463 2030 sibi
1489 1989 1662 2030 caelum
1689 1989 1882 2032 claudit:

405 2052 537 2093 aliter
567 2053 630 2092 illi
661 2054 734 2106 qui
770 2053 814 2092 in
845 2053 960 2093 veris
998 2066 1056 2092 ex
1090 2052 1210 2092 bono
1241 2058 1361 2101 sunt,
1394 2051 1439 2092 hi
1475 2052 1593 2093 enim
1630 2066 1656 2092 a
1690 2052 1885 2094 Domino

405 2116 619 2157 continue
645 2115 952 2165 illustrantur;
991 2127 1095 2154 nam
1128 2114 1350 2154 Dominus
1376 2114 1517 2155 influit
1549 2115 1592 2154 in
1623 2114 1804 2162 bonum,
1838 2121 1884 2156 et

405 2191 483 2232 per
505 2178 671 2218 bonum
695 2178 737 2217 in
761 2191 865 2217 vera
887 2178 1004 2230 apud
1027 2177 1271 2225 hominem,
1297 2190 1386 2217 non
1409 2182 1561 2217 autem
1587 2177 1631 2217 in
1652 2190 1757 2218 vera
1781 2177 1884 2220 abs·

406 2255 491 2295 que
517 2241 652 2288 bono,
681 2241 744 2280 ita
770 2253 850 2280 nec
877 2241 921 2280 in
948 2239 1080 2280 fidem
1109 2239 1276 2292 absque
1303 2239 1539 2280 charitate.

485 2305 702 2359 863[a].
732 2305 942 2357 “Viryines
981 2305 1083 2344 em'm
1120 2304 1448 2356 sunt.''—Quod
1487 2303 1711 2357 significet
1749 2318 1805 2344 ex
1840 2318 1886 2344 eo

405 2367 523 2421 quod
539 2367 585 2407 in
607 2366 833 2420 affefflione
849 2366 947 2406 verz·
961 2372 1149 2418 propter
1164 2379 1314 2406 verum
1334 2365 1437 2414 sint,
1458 2371 1642 2406 constat
1665 2379 1723 2406 ex
1746 2366 1884 2418 signi-

406 2429 617 2470 ficatione
638 2428 937 2481 “virginum‚''
956 2428 1075 2481 quod
1099 2429 1189 2468 sint
1211 2426 1467 2468 affectiones
1491 2428 1596 2476 veri,
1617 2441 1729 2481 quae
1752 2427 1884 2468 affec-

407 2493 554 2533 tiones
585 2493 678 2532 veri
711 2491 965 2544 spirituales
997 2497 1242 2531 vocantur:
1281 2490 1447 2530 dantur
1478 2490 1596 2530 enim
1627 2487 1885 2530 affectiones

405 2556 498 2596 veri
516 2554 758 2602 naturales,
780 2560 825 2594 et
850 2567 992 2606 paene
1011 2553 1128 2606 apud
1146 2565 1318 2608 omnes,
1338 2553 1551 2605 imprimis
1572 2552 1677 2592 dum
1695 2553 1817 2605 pueri
1839 2558 1885 2592 et

406 2617 723 2658 adolescentes
750 2623 853 2656 sunt
877 2630 884 2665 ;
926 2616 1004 2656 sed
1030 2613 1290 2655 affectiones
1316 2615 1407 2654 veri
1435 2614 1662 2655 naturales
1689 2628 1768 2667 pro
1798 2613 1885 2655 fine

407 2680 578 2720 habent
610 2679 1033 2726 remunerationem,
1063 2678 1254 2730 primum
1285 2677 1464 2725 samam,
1497 2682 1658 2730 postea
1689 2676 1883 2717 honores

406 2749 453 2784 et
476 2742 622 2783 lucra:
657 2748 704 2781 at
727 2741 812 2781 hae
835 2739 1092 2781 affectiones
1115 2740 1185 2780 hic
1209 2752 1297 2779 non
1322 2739 1637 2792 intelliguntur
1659 2753 1737 2792 per
1761 2740 1884 2779 “vir-

406 2804 575 2857 gines‚”
598 2804 677 2844 sed
704 2802 962 2844 affectiones
989 2804 1080 2843 veri
1107 2802 1373 2855 spirituales,
1399 2815 1511 2855 quae
1538 2808 1640 2842 sunt
1668 2815 1780 2855 quae
1806 2815 1885 2854 pro

407 2866 493 2906 fine
520 2866 690 2906 habent
718 2866 858 2905 vitam
886 2871 1133 2912 aeternam,
1161 2877 1212 2904 ac
1246 2878 1348 2904 usus
1378 2863 1495 2904 illius
1520 2864 1654 2904 vitae.
1716 2863 1786 2903 Illi
1813 2864 1886 2916 qui

405 2929 449 2968 in
475 2929 526 2968 iis
549 2927 992 2975 affectionibus'sunt,
1013 2933 1168 2967 amant
1190 2941 1294 2967 vera
1315 2927 1416 2979 quia
1433 2940 1538 2967 vera
1559 2932 1678 2975 sunt,
1698 2927 1760 2966 ita
1783 2926 1884 2966 abs-

406 2989 573 3032 stratste
610 3005 634 3031 a
666 2991 809 3044 gloria
841 2991 1017 3038 mundi,-
1043 2989 1286 3030 honoribus
1318 2995 1362 3030 et
1402 2988 1558 3040 lucris;
1601 2994 1646 3029 et
1678 2988 1750 3041 qui
1781 3001 1887 3028 vera
