2054 3464
394 414 417 444 2
428 404 505 445 106
805 415 1137 452 APOCALYPSIS
1169 419 1466 454 EXPLICATA.

391 526 727 578 confirmarunt,
753 530 941 572 credunt
969 545 1066 572 esse
1091 533 1235 586 ipsum
1262 534 1478 576 ecclesiae
1502 549 1668 586 verum,
1693 538 1876 586 tametsi

390 596 458 630 est
490 590 661 631 falsum.
723 592 773 631 In
800 606 978 645 genere,
1004 607 1082 647 per
1106 599 1353 638 “accusare
1377 598 1470 638 dies
1496 604 1542 639 et
1575 597 1762 640 noc'te8”
1783 601 1873 654 sig-

390 651 594 692 nificatur
624 652 817 694 influxus
848 655 945 695 salsi
977 658 1214 698 continuus
1246 673 1304 699 ex
1336 659 1421 699 illis
1458 661 1530 713 qui
1566 674 1645 713 per
1678 661 1891 704 “draco-⁴

389 714 522 753 nem”
546 716 887 769 intelliguntur;
919 725 964 766 et
991 720 1093 773 quia
1117 721 1227 762 falsa
1250 735 1401 762 eorum
1424 729 1528 763 sunt
1554 737 1613 764 ex
1639 723 1874 767 falsificato

388 775 557 826 Verbo,
586 779 690 819 inde
717 780 800 820 hoc
828 794 907 833 per
934 785 1181 824 “accusare
1208 797 1359 824 coram
1387 785 1515 825 Deo”
1542 785 1830 838 significatur.

467 842 598 895 ¹748.
630 853 815 893 [Vers.11.]
842 845 920 884 “ft
936 845 997 885 im
1010 837 1192 886 vicet-uni
1208 847 1317 887 illum
1332 861 1410 900 pet·
1424 849 1662 901 sanquinem
1675 848 1875 902 Ayni.''-—

391 901 524 954 Quod
553 903 775 956 significet
801 906 1098 947 resistentiam
1122 914 1164 948 et
1187 908 1418 949 vz'c70riam
1437 916 1522 962 per
1545 909 1758 950 Divinum
1793 909 1871 952 Ve-

387 978 488 1004 rum
523 967 761 1016 procedens
805 981 861 1007 ex
898 968 1062 1009 Divino
1101 969 1307 1010 Humano
1350 971 1542 1020 Domini,
1587 979 1768 1014 constat
1812 986 1871 1014 ex

386 1027 711 1079 significatione
739 1031 1042 1084 “sanguinis,’'
1068 1046 1168 1073 cum
1195 1033 1250 1074 de
1279 1034 1488 1083 Domino,
1517 1035 1636 1088 quod
1662 1035 1719 1076 sit
1746 1035 1871 1090 Divi-

386 1102 491 1128 num
520 1089 693 1130 Verum
724 1092 977 1143 procedens
1008 1103 1063 1141 (de
1082 1112 1146 1141 qua
1165 1113 1269 1142 supra,
1291 1114 1321 1134 n.
1345 1096 1527 1146 328[a-c]‚
1550 1106 1770 1148 329[a-s]);
1810 1109 1870 1137 ex

385 1152 710 1204 significatione
745 1152 946 1205 “Agni,‘’
977 1154 1097 1207 quod
1138 1155 1195 1195 sit
1229 1155 1447 1196 Dominus
1478 1157 1625 1210 quoad
1660 1157 1869 1198 Divinum

387 1212 650 1253 Humanum
677 1223 731 1262 (de
747 1233 810 1260 qua
824 1225 918 1253 etiam
933 1234 1038 1262 supra,
1055 1235 1086 1256 n.
1105 1226 1228 1267 314);
1262 1229 1321 1256 ex
1347 1216 1507 1269 quibus
1529 1223 1740 1258 constare
1762 1223 1868 1271 pot-

385 1281 453 1314 est
495 1275 614 1327 quod
656 1288 734 1327 per
767 1275 982 1316 “vincere
1020 1276 1261 1317 draconem
1299 1290 1377 1329 per
1413 1279 1678 1330 sanguinem
1714 1277 1870 1333 Agni'’

385 1337 659 1389 significetur
680 1337 857 1378 vincere
880 1338 1018 1387 illum,
1043 1339 1127 1379 hoc
1150 1345 1233 1387 est,
1258 1339 1359 1380 illos
1385 1341 1458 1393 qui
1489 1354 1566 1393 per
1590 1341 1870 1382 “draconem

384 1406 430 1440 et
462 1400 652 1452 angelos
678 1399 800 1453 ejus''
825 1400 1146 1453 significantur,
1176 1415 1254 1454 per
1280 1402 1489 1443 Divinum
1516 1403 1685 1444 Verum
1712 1417 1868 1457 proce·

384 1463 495 1502 dens
517 1477 576 1503 ex
600 1463 765 1503 Divino
789 1462 1001 1504 Humano
1025 1464 1217 1504 Domini.
1280 1465 1453 1506 Dicitur
1471 1465 1681 1506 Divinum
1697 1460 1868 1507 Verum

384 1526 632 1577 procedens
654 1539 712 1565 ex
738 1525 901 1566 Divino
926 1525 1139 1566 Humano
1159 1526 1352 1576 Domini,
1371 1542 1428 1568 ex
1448 1541 1595 1577 causa,
1615 1529 1716 1582 quia
1736 1541 1868 1570 omne

385 1587 596 1628 Divinum
628 1587 813 1636 Verum,
847 1588 966 1641 quod
997 1588 1155 1641 implet
1187 1589 1351 1638 caelos,
1386 1597 1431 1630 et
1468 1590 1571 1631 facit
1603 1590 1868 1643 sapientiam
1908 1604 1911 1605 ⁷

383 1650 647 1702 angelorum
674 1651 718 1690 in
745 1650 892 1698 caelis
918 1651 1121 1703 procedit
1145 1665 1203 1692 ex
1231 1651 1394 1692 Divino
1420 1652 1632 1693 Humano
1657 1653 1865 1704 Domini;

385 1712 596 1752 Divinum
623 1713 741 1752 enim
770 1712 1030 1753 Humanum
1058 1713 1237 1754 Domini
1269 1715 1442 1754 unitum
1473 1721 1542 1755 est
1574 1715 1656 1767 ipsi
1688 1715 1864 1764 Divino,

383 1775 501 1827 quod
520 1775 563 1814 in
582 1775 685 1828 Ipso
704 1789 763 1815 ex
781 1776 1077 1828 conceptione
1095 1782 1204 1825 erat,
1225 1776 1338 1816 adeo
1357 1783 1404 1817 ut
1423 1790 1558 1817 unum
1576 1777 1664 1818 sint
1681 1791 1691 1818 :
1722 1778 1867 1831 ipsum

382 1836 606 1886 Divinum,
641 1838 760 1890 quod
792 1852 818 1878 a
849 1839 1146 1891 conceptione
1177 1839 1220 1878 in
1254 1838 1358 1891 Ipso
1390 1845 1500 1887 erat,
1534 1845 1603 1880 est
1634 1839 1754 1893 quod
1786 1853 1865 1880 vo-

382 1900 500 1939 cavit
534 1900 738 1951 Patrem;
776 1901 861 1941 hoc
894 1913 994 1941 cum
1028 1901 1240 1944 Humano
1273 1901 1415 1954 Ipsius
1447 1902 1620 1942 unitum
1651 1907 1721 1943 est
1751 1901 1866 1943 sicut

381 1963 529 2002 anima
551 1976 651 2003 cum
670 1976 855 2016 corpore
874 1978 884 2014 ;
917 1964 1020 2004 inde
1035 1970 1104 2004 est
1126 1964 1245 2017 quod
1269 1964 1487 2004 Dominus
1505 1964 1626 2005 dicat

577 2052 621 2083 Se
641 2062 750 2083 unum
768 2062 847 2084 esse
867 2062 945 2083 cum
968 2050 1071 2084 Patre
1089 2052 1186 2094 (Jolz.
1204 2063 1236 2084 x.
1258 2061 1308 2091 30,
1330 2052 1404 2092 38);

578 2095 622 2126 Et
638 2096 731 2136 quod
750 2096 831 2136 Ipse
848 2096 883 2127 in
904 2096 1008 2127 Patre
1028 2096 1073 2127 sit
1089 2102 1124 2127 et
1143 2095 1247 2127 Pater
1264 2096 1299 2126 in
1319 2095 1402 2136 Ipso
1418 2095 1516 2138 (Jolz.
1527 2095 1598 2128 xiv.
1616 2095 1735 2137 7—11);

381 2189 427 2224 et
465 2184 567 2236 quia
603 2183 705 2223 talis
738 2184 840 2224 unio
872 2190 955 2232 est,
988 2183 1090 2224 ideo
1122 2183 1332 2224 Divinum
1358 2183 1529 2224 Verum
1561 2189 1664 2236 post
1694 2183 1862 2237 glorifi-

381 2247 605 2286 cationem
625 2246 821 2286 Humani
841 2246 983 2298 Ipsius
999 2246 1200 2298 procedit
1218 2260 1276 2286 ex
1296 2245 1460 2286 Divino
1479 2245 1690 2286 Humano
1708 2245 1863 2299 Ipsius.

381 2309 594 2349 Divinum
616 2308 786 2348 Verum
808 2308 1057 2360 procedens
1082 2322 1141 2348 ex
1165 2308 1329 2348 Divino
1353 2308 1565 2348 Humano
1588 2307 1769 2349 Domini
1793 2313 1863 2349 est

380 2371 499 2423 quod
537 2377 723 2411 vocatur
757 2369 982 2422 “Spiritus
1020 2368 1261 2420 San&us;''
1297 2370 1415 2423 quod
1456 2370 1526 2410 hic
1558 2369 1773 2422 procedat
1802 2382 1862 2410 ex

382 2433 594 2473 Humano
621 2433 802 2473 Domini
827 2432 1093 2485 glorificato,
1122 2433 1256 2473 docet
1283 2433 1384 2484 Ipse
1411 2432 1528 2485 apud
1549 2431 1813 2480 Johannem,

446 2522 642 2605 “Non(du·m
667 2527 741 2604 εἶτα
765 2522 914 2562 Spiritus
936 2520 1096 2559 Sanetus,
1118 2522 1199 2562 quia
1216 2521 1320 2563 Jesus
1346 2521 1503 2552 nondum
1523 2520 1739 2561 glorificatus
1758 2526 1834 2552 erat
1844 2519 1863 2532 ’¹

568 2575 624 2597 vn.
643 2573 684 2605 39
712 2574 718 2602 ;

382 2650 646 2689 Humanum
677 2648 983 2701 glorificatum
1025 2653 1096 2688 est
1134 2647 1348 2687 Divinum
1390 2646 1668 2686 Humanum.
1726 2657 1804 2694 (Sed
1823 2657 1863 2686 de

377 2709 425 2737 his
446 2701 537 2745 plura
551 2707 718 2735 videantur
738 2707 770 2734 in
785 2707 944 2735 Doc‘trina
955 2707 1065 2735 Novae
1078 2706 1321 2743 Hierosolymae,
1338 2714 1368 2734 n.
1392 2707 1547 2742 280-310;
1570 2709 1637 2733 tum
1659 2705 1691 2733 in
1706 2713 1802 2742 opere
1813 2705 1865 2734 De

382 2753 473 2782 Caelo
494 2755 525 2780 et
545 2752 681 2790 Inferna.
704 2760 724 2780 a
743 2751 897 2788 principio
919 2752 961 2780 ad
981 2750 1096 2780 finem:
1124 2751 1212 2787 quod
1233 2759 1289 2787 per
1311 2750 1525 2786 “sanguinem
1547 2749 1659 2786 Agni''
1674 2749 1864 2795 intelligatur

380 2803 531 2830 Divinum
551 2801 730 2838 procedens
753 2810 793 2829 ex
813 2801 930 2829 Divino
953 2801 1107 2829 Humano
1128 2799 1268 2834 Domini,
1284 2799 1428 2827 videatur
1446 2807 1551 2836 supra,
1567 2807 1598 2828 n.
1617 2787 1728 2840 476.)
1785 2787 1860 2828 EX

378 2853 445 2892 his
469 2852 606 2892 videri
641 2857 792 2903 potest
819 2857 1036 2904 quantum
1069 2850 1213 2891 differt
1245 2863 1399 2890 sensus
1432 2849 1609 2889 litterae
1631 2849 1770 2890 Verbi
1801 2863 1859 2890 ex

380 2928 513 2955 sensu
539 2913 755 2966 spirituali
781 2913 899 2966 ejus;
933 2919 1028 2954 tum
1055 2912 1282 2966 quomodo
1307 2911 1563 2952 falsificatur
1585 2911 1799 2962 Verbum,
1823 2913 1858 2953 si

378 2978 514 3017 modo
535 2976 747 3023 exterius
772 2983 816 3016 et
840 2989 928 3016 non
955 2975 1084 3016 simul
1106 2974 1302 3022 interius,
1327 2972 1566 3026 spectetur.
1628 2972 1859 3026 Quantum

378 3038 536 3089 differt,
561 3044 767 3080 constare
790 3044 942 3091 potest
966 3052 1024 3078 ex
1046 3051 1114 3086 eo,
1139 3036 1257 3091 quod
1281 3049 1358 3089 per
1382 3036 1683 3089 “sanguinem
1705 3035 1859 3089 Agni’'
