2054 3464
606 363 1365 420 cAP.X11.,VERS.9.-—N.741[a].
1625 375 1738 420 2079

182 484 354 545 Quid
393 494 546 547 autem
581 488 830 538 “daemon,
837 488 856 505 ”
891 489 1259 539 “daemoniumff
1290 495 1336 531 et
1371 488 1589 543 “spiritus
1626 488 1734 531 dae-

191 593 194 597 ,
231 551 397 593 monii’
400 550 711 605 ’significant,
734 550 948 591 videatur
969 564 1107 604 supra
1129 562 1174 600 (n.
1195 550 1306 604 586).

114 667 131 682 a(
309 621 520 678 741[a].
561 621 811 663 “Sodueens
840 621 1071 663 univer-sum
1101 622 1267 663 orbem!
1270 621 1475 676 '—Qu0d
1507 621 1734 675 significet

112 683 113 687 ’
100 677 174 746 μζ
194 697 343 739 quae
363 690 629 738 pervertunt
658 683 804 725 omnia
839 683 1051 733 eccleszae,
1085 691 1269 726 constat
1305 698 1365 725 ex
1404 683 1735 737 significatione

111 739 186 794 ssff‘s·
231 745 472 787 “universi
497 744 662 794 orbis,’'
687 745 811 799 quod
836 745 928 786 sint
954 746 1110 786 omnia
1135 745 1359 787 ecelesiae
1386 755 1442 794 (de
1465 765 1530 794 qua
1548 756 1732 794 sequium·
1724 778 1733 796 ,

96 803 175 858 ἠὲ,Α
228 812 279 853 et
301 807 404 863 quia
425 807 578 848 omnia
602 806 820 848 ecclesiae
844 810 955 860 per‘
964 808 1242 848 ‘universum
1265 807 1453 848 orbem”
1476 806 1734 860 significan-

227 876 315 921 tur,
342 883 422 925 per
445 870 699 912 “seducere
726 870 884 912 illum''
906 870 1185 924 significatur
1207 878 1466 924 pervertere
1493 870 1595 922 illa;
1629 884 1734 912 narn

107 967 110 983 2
227 939 548 989 pervertuntur
561 935 712 975 omnia
726 933 947 975 ecclesiae
966 934 1149 988 quando
1163 934 1331 977 bonum
1349 934 1596 984 charitatis,
1613 935 1734 988 quod

107 994 142 1054 'bs
162 1039 187 1042 ,,
227 1003 300 1039 est
330 997 500 1039 bonum
525 997 659 1046 vitae,
688 1011 714 1038 a
735 996 822 1038 fide
850 1004 1084 1050 separatur
1115 1004 1162 1038 et
1193 1003 1453 1038 removetur
1478 998 1593 1038 sicut
1626 997 1735 1038 nihil

103 1052 164 1100 ·”””’““’,
227 1059 488 1102 conducens
514 1067 561 1102 et
593 1060 761 1102 faciens
789 1060 846 1102 ad
879 1059 1100 1111 salutem,
1134 1060 1239 1101 inde
1265 1059 1558 1102 falsificantur
1584 1062 1736 1102 omnia

227 1121 384 1174 Verbi,
417 1130 464 1166 et
501 1124 604 1165 inde
642 1125 793 1165 omnia
829 1124 1078 1165 ecclesiae:
1123 1137 1228 1164 nam
1262 1124 1424 1165 dicitur
1457 1138 1482 1164 a
1519 1124 1731 1174 Domino,

116 1166 133 1210 f
150 1202 174 1218 v
227 1187 348 1243 quod
370 1187 472 1230 Lex
495 1194 542 1229 et
569 1188 823 1242 Prophetae
846 1187 1078 1241 pendeant
1104 1201 1130 1228 a
1155 1187 1329 1228 duobus
1353 1187 1594 1237 mandatis,
1620 1202 1734 1242 quae

124 1279 129 1289 ,-
143 1279 156 1287 „
175 1303 178 1309 .
227 1257 333 1294 sunt
350 1264 502 1293 amare
520 1251 668 1293 Deum
687 1265 820 1305 super
836 1252 1001 1300 omnia,
1022 1257 1068 1292 et
1086 1251 1344 1304 proximum
1362 1251 1477 1292 sicut
1496 1257 1541 1292 te
1560 1252 1702 1304 ipsum
1723 1266 1733 1302 ;

226 1313 338 1357 haec
371 1314 461 1356 duo
492 1307 710 1356 mandata
741 1313 999 1368 significant
1035 1315 1186 1355 vivere
1223 1320 1270 1355 et
1306 1314 1452 1355 facere
1485 1315 1734 1355 secundum

135 1431 138 1434 .
226 1377 474 1432 praecepta
499 1378 668 1429 Verbi;
707 1391 812 1419 nam
841 1381 1031 1419 “amare
1044 1377 1063 1393 ’'
1088 1385 1158 1419 est
1190 1377 1308 1419 velle
1340 1384 1387 1419 et
1418 1377 1578 1427 facere,
1612 1378 1734 1432 quod

118 1448 125 1463 ¹*
183 1471 186 1476 ·
227 1441 347 1483 enim
372 1442 511 1484 homo
532 1443 718 1484 interius
741 1449 879 1491 amat,
903 1442 989 1483 hoc
1016 1441 1130 1490 vult,
1155 1447 1202 1482 et
1228 1441 1349 1495 quod
1371 1441 1468 1482 vult
1492 1441 1577 1482 hoc
1600 1441 1732 1482 facit:

126 1543 156 1563 4⁴
223 1517 307 1559 per
339 1505 554 1578 “Legem
595 1512 642 1547 et
684 1504 1004 1559 1¹”1Prophetas
1035 1503 1347 1558 significantur
1388 1505 1541 1545 omnia
1578 1504 1732 1545 Verbi.

130 1575 138 1582 ”
159 1617 161 1619 v
223 1566 343 1611 Sunt
368 1569 459 1611 duo
484 1570 700 1642 principia
726 1570 831 1611 mali
858 1576 905 1611 et
931 1568 1064 1610 falsi
1054 1583 1097 1610 1n
1124 1582 1239 1623 quae
1265 1567 1457 1609 ecclesia
1479 1569 1732 1609 successive

225 1621 420 1675 labitur:
447 1647 625 1687 nempe,
645 1635 689 1674 in
713 1634 961 1674 dominium
977 1647 1110 1686 super
1127 1633 1279 1673 omnia
1296 1631 1515 1673 ecclesiae
1534 1638 1581 1673 et
1604 1632 1730 1681 caeli,

222 1697 348 1752 quod
379 1697 628 1739 dominium
659 1698 704 1738 in
736 1696 893 1738 Verbo
924 1697 1195 1750 intelligitur
1225 1710 1304 1749 per
1332 1695 1622 1736 “Babelem”
1655 1709 1733 1736 seu

228 1759 567 1815 “Babyloniam
585 1761 619 1812 ;’‘
650 1762 694 1802 in
717 1761 803 1802 hoc
827 1760 992 1802 labitur
1014 1760 1207 1802 ecclesia
1228 1774 1287 1800 ex
1310 1759 1457 1800 malo:
1491 1759 1635 1800 altera
1661 1766 1732 1800 est

155 1870 169 1880 ,μ
224 1825 452 1878 separatio
473 1823 576 1866 fidei
599 1838 624 1866 a
647 1825 883 1874 charitate,
903 1838 963 1865 ex
986 1838 1074 1878 qua
1095 1824 1382 1877 separatione
1405 1836 1539 1863 omne
1562 1823 1731 1863 bonum

129 1884 132 1891 “
225 1888 347 1930 vitae
373 1889 516 1942 perit;
548 1888 634 1930 hoc
666 1889 710 1930 in
738 1888 895 1930 Verbo
921 1887 1190 1941 intelligitur
1221 1901 1301 1940 per
1328 1886 1732 1935 “Philisthaeam,’'

219 1963 278 1995 'ac
309 1949 589 2006 significatur
614 1965 694 2006 per
722 1951 963 1993 “hircum’'
989 1951 1108 2005 apud
1134 1950 1377 1999 Danielem,
1407 1957 1453 1991 et
1486 1963 1564 2003 per
1589 1950 1730 1991 “dra-

225 2015 419 2058 conem’'
449 2016 494 2057 in
530 2015 836 2069 Apocalypsz]
879 2016 924 2056 in
961 2015 1047 2056 hoc
1081 2015 1246 2056 labitur
1277 2014 1469 2055 ecclesia
1506 2027 1566 2054 ex
1603 2013 1731 2054 falso.

225 2077 318 2121 Sed
342 2079 446 2134 quia
470 2080 514 2120 in
541 2079 626 2121 hoc
653 2081 802 2133 capite
828 2079 978 2133 agitur
1003 2079 1059 2120 de
1085 2077 1360 2126 “dracone‚'’
1383 2090 1462 2131 per
1485 2090 1618 2131 quem
1641 2078 1731 2130 pri·

225 2143 367 2184 mario
392 2142 672 2197 significatur
697 2143 855 2197 religio
880 2142 982 2184 fidei
1009 2148 1247 2195 separatae
1274 2156 1300 2182 a
1325 2141 1564 2190 charitate,
1593 2141 1730 2182 velim

198 2228 205 2234 ·
225 2205 375 2262 aliqua
395 2206 441 2248 in
463 2207 661 2248 medium
678 2206 834 2248 afferre
857 2220 936 2260 per
958 2220 1072 2260 quae
1091 2205 1352 2247 defensores
1369 2204 1472 2246 fidei
1490 2211 1730 2257 separatae

226 2269 450 2312 seducunt
477 2270 646 2312 orbem.
708 2271 792 2311 Per
822 2270 907 2312 hoc
934 2270 1152 2323 imprimis
1178 2269 1416 2317 seducunt,
1445 2268 1565 2322 quod
1593 2268 1730 2309 doce-

225 2339 322 2383 ant,
355 2331 525 2388 fflquod,
559 2334 662 2388 quia
699 2347 834 2375 nemo
867 2340 1022 2386 potest
1054 2331 1201 2374 facere
1238 2333 1408 2374 bonum
1447 2345 1507 2372 ex
1548 2345 1595 2372 se
1634 2332 1731 2384 ipso

226 2396 347 2451 quod
368 2397 412 2438 in
435 2410 484 2438 se
501 2404 571 2438 est
594 2397 778 2446 bonum,
798 2403 845 2438 et
868 2398 951 2438 nisi
973 2397 1018 2438 in
1037 2410 1092 2438 eo
1111 2397 1168 2438 sit
1187 2397 1411 2445 meritum,
1431 2393 1587 2449 1²1qu0d
1610 2395 1732 2436 bona

226 2472 364 2514 opera
395 2459 505 2502 nihil
530 2460 587 2501 ad
619 2460 814 2502 salutem
846 2461 1022 2514 possint
1055 2460 1286 2510 conferre;
1325 2459 1405 2500 sed
1437 2459 1558 2513 quod
1591 2473 1731 2512 usque

225 2522 348 2567 bona
377 2523 583 2566 facienda
609 2525 698 2565 sint
730 2531 917 2578 propter
942 2538 1046 2565 usus
1072 2523 1358 2577 reipublicae,
1387 2529 1433 2564 et
1466 2522 1586 2576 quod
1618 2523 1730 2563 haec

225 2586 347 2629 bona
368 2587 459 2629 sint
481 2601 595 2642 quae
618 2587 935 2641 intelliguntur
959 2588 1004 2628 in
1027 2587 1198 2636 Verbo,
1223 2593 1269 2628 et
1295 2587 1399 2628 inde
1426 2587 1469 2627 in
1497 2586 1730 2639 praedica-

226 2650 438 2700 tionibus,
482 2658 528 2693 et
574 2652 617 2692 in
663 2651 931 2706 quibusdam
973 2651 1310 2705 precationibus
1355 2650 1599 2691 ecclesiae:
1651 2649 1731 2690 sed

226 2721 446 2768 quantum
473 2722 639 2764 errant,
668 2729 787 2756 nunc
814 2715 1000 2757 dicetur.
1064 2715 1219 2756 Homo
1251 2728 1342 2756 non
1373 2714 1480 2755 facit
1509 2713 1678 2754 bonum
1706 2727 1732 2753 a

227 2792 275 2820 se
306 2779 419 2833 ipso,
453 2778 532 2820 sed
570 2793 629 2820 ex
663 2779 876 2828 Domino,
910 2779 1093 2833 quando
1123 2779 1230 2820 facit
1262 2779 1431 2819 bonum
1464 2791 1523 2818 ex
1557 2776 1728 2824 Verbo,

226 2842 313 2884 hoc
350 2847 435 2891 est,
469 2842 571 2896 quia
610 2842 876 2883 mandatum
913 2848 983 2884 est
1020 2856 1047 2883 a
1084 2842 1283 2883 Domino
1316 2842 1360 2881 in
1398 2840 1580 2890 Verbo;
1626 2852 1730 2880 nam

228 2904 450 2946 Dominus
487 2911 557 2946 est
590 2905 794 2946 Verbum
830 2905 957 2959 (Joh.
986 2906 1011 2946 i.
1051 2916 1084 2952 1,
1124 2905 1209 2958 14),
1244 2918 1295 2946 ac
1330 2904 1551 2945 Dominus
1583 2909 1653 2944 est
1685 2903 1730 2943 in

226 2967 314 3009 illis
345 2982 459 3023 quae
491 2983 550 3010 ex
578 2969 735 3011 Verbo
766 2976 872 3010 sunt
908 2969 1027 3022 apud
1064 2969 1310 3017 hominem,
1344 2966 1729 3022 quemadmodum

228 3032 368 3073 etiam
394 3031 614 3074 Dominus
641 3033 778 3074 docet
805 3033 924 3087 apud
949 3032 1217 3082 Jolcannem,
