2098 3476
415 367 520 411 1950
819 363 1149 398 APOCALYPSIS
1179 362 1478 395 EXPLICATA.

408 485 517 528 reat,
535 493 624 519 non
643 493 778 532 usque
799 479 854 519 sit
874 478 1127 531 spiritualis,
1149 478 1226 518 sed
1246 475 1474 525 naturalis,
1494 475 1630 516 immo
1648 474 1863 516 sensualis
1880 487 1890 526 ;
1942 519 1954 534 x

409 555 511 582 nam
537 543 725 582 scientia
756 548 800 582 et
832 541 1020 582 facultas
1047 540 1343 581 ratiocinandi
1370 552 1460 579 non
1486 538 1590 579 facit
1617 537 1892 591 spiritualem

408 605 648 653 hominem,
667 605 743 644 sed
762 605 855 656 ipsa
869 605 974 644 vita.
1036 603 1181 644 Causa
1196 603 1313 656 quod
1331 603 1394 643 ita
1411 602 1483 650 sit,
1499 607 1569 642 est
1587 602 1688 655 quia
1705 601 1894 642 scientia

409 674 454 708 et
472 668 573 707 inde
591 667 778 707 facultas
793 667 1086 707 ratiocinandi
1101 673 1170 707 est
1186 666 1321 706 modo
1336 664 1549 705 naturalis
1567 678 1576 714 3
1603 677 1738 717 quare
1755 664 1893 706 etiarn

409 730 566 769 dabilis
599 736 667 769 est
700 730 815 781 apud
842 729 998 777 malos,
1027 729 1164 769 immo
1195 728 1312 780 apud
1345 728 1582 780 pessimos;
1615 733 1662 767 at
1694 739 1802 767 vera
1833 739 1892 767 ex

409 792 563 832 Verbo
586 805 671 831 una
698 805 797 831 cum
824 792 915 831 vita
941 791 1185 831 secundum
1210 791 1286 830 illa
1317 790 1484 830 faciunt
1511 790 1739 830 hominem
1765 789 1893 841 spiri-

409 854 589 902 tualem,
611 867 712 893 nam
736 854 827 893 vita
849 860 918 893 est
942 853 1056 893 velle
1080 867 1184 893 vera
1206 867 1256 893 ae
1280 853 1423 893 facere
1446 852 1522 892 illa
1539 866 1598 892 ex
1620 865 1772 892 amore
1793 850 1893 892 illo-

408 930 530 966 rum;
564 917 646 956 hoc
675 930 763 956 non
790 915 936 956 dabile
969 922 1038 956 est
1070 930 1128 956 ex
1162 915 1259 956 solo
1285 915 1476 956 naturali
1508 915 1701 962 homine,
1729 913 1808 954 sed
1835 927 1894 954 ex

410 980 638 1032 spirituali,
673 986 717 1019 et
750 993 807 1019 ex
841 978 965 1031 hujus
1002 978 1171 1019 influxu
1207 980 1251 1018 in
1288 978 1565 1028 naturalem;
1610 991 1713 1018 nam
1745 990 1895 1018 amare

408 1056 524 1089 vera,
551 1048 596 1082 et
623 1056 679 1081 ex
708 1055 858 1081 amore
885 1041 1002 1081 velle
1029 1042 1117 1090 illa,
1143 1048 1188 1081 et
1215 1056 1272 1081 ex
1301 1055 1353 1081 ea
1378 1041 1614 1081 voluntate
1637 1041 1781 1081 facere
1802 1039 1893 1089 illa,

409 1111 477 1145 est
504 1119 561 1144 ex
595 1104 734 1152 caelo,
763 1105 847 1144 hoc
876 1111 960 1152 est,
990 1117 1067 1156 per
1093 1103 1267 1144 caelum
1293 1117 1319 1144 a
1345 1103 1554 1152 Domino,
1582 1110 1626 1144 et
1653 1109 1723 1144 est
1748 1103 1791 1144 in
1817 1116 1897 1144 sua

409 1173 567 1207 natura
586 1167 780 1207 caeleste
804 1174 849 1207 et
874 1167 1110 1216 Divinum;
1143 1166 1228 1207 hoc
1252 1180 1340 1207 non
1364 1166 1543 1207 influere
1563 1172 1716 1218 potest
1738 1166 1894 1207 imme-

409 1230 529 1270 diate
570 1230 613 1269 in
659 1237 858 1270 mentem
900 1229 1166 1277 naturalem,
1210 1229 1288 1270 sed
1335 1229 1532 1270 mediate
1577 1242 1655 1281 per
1695 1235 1895 1270 mentem

409 1292 700 1344 spiritualem,
726 1306 836 1344 quae
863 1292 1023 1343 aperiri
1051 1299 1095 1332 et
1122 1292 1301 1332 formari
1327 1298 1480 1344 potest
1507 1291 1562 1332 ad
1589 1291 1896 1344 receptionem

409 1354 517 1394 lucis
536 1360 580 1394 et
601 1354 757 1394 caloris
777 1354 997 1402 caelestis,
1017 1355 1100 1394 hoc
1121 1361 1204 1403 est,
1222 1354 1277 1394 ad
1296 1355 1600 1406 receptionem
1621 1354 1770 1394 Divini
1788 1351 1897 1394 Veri

409 1430 460 1457 ac
494 1417 641 1456 Divini
669 1417 792 1457 Boni.
855 1416 999 1457 Causa
1025 1417 1144 1470 quod
1171 1417 1282 1457 haec
1317 1431 1406 1457 non
1431 1417 1689 1458 immediate
1716 1416 1896 1458 influere

409 1480 581 1532 possint
601 1480 642 1518 in
663 1486 861 1519 mentem
881 1480 1145 1527 naturalem,
1163 1486 1231 1520 est
1251 1481 1352 1532 quia
1369 1480 1411 1519 in
1430 1480 1516 1520 hac
1532 1485 1684 1520 mente
1698 1479 1903 1537 resident

410 1542 528 1582 mala
555 1542 826 1582 hereditaria
853 1542 1057 1591 hominis,
1082 1556 1195 1595 quae
1222 1549 1325 1582 sunt
1351 1543 1513 1582 amoris
1540 1543 1604 1582 sui
1636 1549 1682 1583 et
1714 1542 1893 1592 mundi;

409 1604 511 1644 inde
535 1604 749 1644 naturalis
774 1604 908 1644 homo
931 1605 974 1644 in
998 1618 1044 1644 se
1068 1603 1297 1657 spectatus
1321 1619 1410 1645 non
1433 1610 1554 1645 amat
1578 1605 1659 1645 nisi
1680 1611 1825 1645 semet
1847 1611 1894 1646 et

413 1667 639 1715 mundum,
669 1673 714 1706 et
747 1681 805 1706 ex
837 1680 987 1707 amore
1013 1667 1109 1708 vult
1141 1667 1230 1716 illa,
1259 1674 1304 1708 et
1337 1682 1394 1708 ex
1427 1667 1544 1708 velle
1576 1667 1680 1708 facit
1712 1667 1814 1718 illa;
1847 1673 1894 1708 et

409 1729 519 1769 haec
553 1736 654 1769 sunt
687 1743 798 1782 quae
826 1730 1010 1770 obstant
1043 1731 1145 1783 quin
1178 1745 1201 1770 e
1234 1730 1360 1770 caelo
1392 1730 1494 1771 illuc
1522 1730 1687 1783 aliquid
1713 1729 1895 1770 influere

411 1792 551 1843 possit
578 1799 623 1831 et
650 1792 708 1831 ibi
735 1793 894 1844 recipi;
929 1799 1201 1845 quapropter
1227 1794 1451 1845 provisum
1479 1799 1548 1833 est
1574 1807 1600 1832 a
1627 1792 1822 1833 Domino
1848 1799 1896 1834 ut

412 1855 522 1894 haec
550 1855 721 1906 possint
748 1856 978 1903 removeri,
1004 1862 1048 1895 et
1077 1857 1137 1895 sie
1166 1857 1306 1908 possit
1334 1856 1427 1895 dari
1454 1855 1578 1896 locus
1604 1869 1684 1908 pro
1709 1856 1824 1896 veris
1849 1862 1897 1896 et

411 1917 539 1957 bonis
558 1918 718 1957 amoris
738 1918 990 1969 spiritualis,
1011 1931 1171 1970 nempe
1191 1931 1268 1970 per
1286 1919 1580 1970 aperitionem
1600 1925 1646 1959 et
1663 1918 1895 1959 formatio-

413 1993 514 2019 nem
534 1981 696 2019 mentis
712 1980 965 2031 spiritualis,
984 1994 1094 2033 quae
1111 1994 1242 2032 supra
1257 1988 1454 2021 mentem
1472 1980 1721 2021 naturalem
1739 1987 1823 2029 est,
1843 1994 1895 2021 ac

414 2055 491 2094 per
508 2041 723 2081 influxum
743 2042 844 2082 inde
865 2042 975 2082 caeli
998 2057 1022 2082 a
1041 2042 1235 2083 Domino
1254 2057 1331 2095 per
1348 2044 1470 2083 illam
1488 2044 1530 2083 in
1550 2049 1748 2084 mentem
1763 2049 1896 2084 natu-

411 2103 563 2144 ralem.
626 2104 751 2144 Haec
790 2103 908 2144 dic‘ta
946 2111 1048 2144 sunt
1086 2112 1133 2145 ut
1171 2106 1335 2146 sciatur
1367 2106 1486 2159 quod
1525 2107 1635 2146 scire
1672 2105 1749 2146 illa
1784 2119 1897 2159 quae

412 2166 550 2206 Verbi
577 2173 693 2214 sunt,
723 2180 772 2206 ac
806 2180 919 2219 quae
951 2165 1179 2207 doetrinae
1207 2168 1438 2216 ecclesiae,
1468 2181 1557 2208 non
1589 2167 1722 2208 faciat
1753 2168 1896 2208 homi—

412 2241 514 2268 nem
530 2229 818 2280 spiritualem,
836 2230 914 2269 sed
930 2229 1048 2282 quod
1074 2231 1166 2269 vita
1186 2230 1431 2270 secundum
1451 2230 1528 2270 illa
1546 2244 1658 2283 quae
1675 2230 1894 2273 Dominus
1918 2268 1922 2271 ,

413 2292 456 2331 in
475 2290 627 2330 Verbo
647 2293 872 2344 praecepit
891 2306 898 2341 ;
928 2292 1111 2343 proinde
1131 2293 1311 2332 tametsi
1330 2294 1473 2333 sciunt
1493 2293 1634 2333 multa
1650 2307 1708 2333 ex
1728 2293 1896 2342 Verbo,

412 2353 530 2406 quod
555 2367 688 2405 usque
711 2354 936 2393 naturales
954 2361 999 2394 et
1022 2354 1248 2394 sensuales
1269 2362 1495 2395 maneant.
1544 2355 1603 2395 Hi
1626 2356 1776 2408 itaque
1794 2363 1899 2396 sunt

413 2417 485 2468 qui
508 2429 584 2468 per
609 2420 633 2434 ‘⁸
650 2416 924 2456 draconem”
946 2417 989 2455 in
1012 2416 1166 2456 Verbo
1189 2417 1505 2469 significantur.
1569 2417 1701 2469 Quod
1723 2417 1786 2458 illi
1808 2419 1899 2459 sint

413 2479 485 2532 qui
512 2477 816 2530 significantur
843 2492 919 2530 per
944 2479 1261 2526 “draconem,'’
1284 2486 1352 2519 est
1379 2481 1480 2532 quia
1501 2479 1637 2520 draco
1662 2487 1731 2521 est
1757 2493 1899 2533 genus

414 2541 647 2592 serpentis,
682 2542 753 2593 qui
791 2555 879 2580 non
913 2541 1047 2581 modo
1079 2543 1192 2594 repit
1229 2542 1363 2590 humi,
1397 2542 1476 2582 sed
1514 2543 1649 2582 etiam
1681 2542 1818 2591 volat,
1852 2551 1898 2583 et

413 2603 516 2643 inde
542 2610 727 2654 apparet
759 2604 801 2642 in
833 2603 982 2653 caelo;
1015 2603 1089 2644 ille
1116 2604 1292 2644 volatus
1318 2610 1363 2644 et
1389 2604 1499 2644 haec
1527 2605 1789 2657 apparentia
1811 2611 1896 2651 est,

414 2679 472 2705 ex
500 2665 655 2718 quibus
686 2665 747 2704 illi
779 2666 851 2718 qui
882 2667 923 2705 in
958 2667 1143 2706 scientia
1168 2668 1406 2706 veritatum
1439 2680 1497 2706 ex
1525 2666 1680 2707 Verbo
1706 2673 1823 2715 sunt,
1851 2674 1898 2708 et

414 2741 502 2767 non
534 2728 576 2767 in
603 2728 696 2767 vita
721 2728 964 2767 secundum
991 2728 1101 2776 illas,
1130 2728 1441 2780 intelligantur
1466 2742 1543 2780 per
1571 2729 1899 2769 “draconem:’'

413 2804 490 2843 per
532 2794 800 2842 “serpentes
813 2790 831 2804 ”
872 2792 989 2830 enim
1034 2792 1076 2830 in
1122 2805 1286 2843 genere
1332 2791 1637 2844 significantur
1677 2792 1899 2832 sensualia

416 2851 612 2890 hominis
644 2861 801 2899 (videatur
820 2871 970 2898 supra,n.
995 2853 1116 2903 581);
1157 2852 1261 2892 inde
1292 2865 1469 2905 quoque
1500 2858 1570 2892 est
1606 2852 1726 2905 quod
1757 2852 1897 2892 draco

418 2911 480 2964 (in
508 2912 631 2964 hujus
659 2914 815 2964 capitis
842 2927 970 2952 versu
996 2925 1034 2965 9,
1064 2920 1108 2953 et
1136 2927 1310 2966 quoque
1337 2927 1432 2966 cap.
1457 2928 1536 2954 xx.
1560 2927 1672 2954 vers.
1702 2912 1745 2967 2)
1775 2914 1896 2954 dica-

414 2982 486 3014 tur
515 2978 734 3026 “serpens
762 2975 1003 3028 antiquus.'’
