2098 3476
620 364 727 397 cAP.
751 363 854 406 ΧΠ,
878 363 1017 396 VERS.
1046 363 1188 396 1.—-N.
1211 354 1372 409 710[c].
1636 366 1736 409 1941

61 499 71 517 -.
193 494 197 495 ⁷
247 478 359 522 tris”
383 477 662 533 significatur
686 478 855 519 bonum
887 478 1051 519 amoris
1082 484 1129 519 et
1156 491 1311 518 verum
1343 477 1458 518 illius
1491 477 1624 529 boni;
1664 491 1746 535 per⁴

246 540 478 584 “fructum
514 541 690 584 terrae'’
721 541 998 595 significatur
1034 555 1169 582 omne
1206 541 1454 591 ecclesiae;
1498 554 1576 594 per
1616 541 1743 582 “fru-

207 615 209 618 “
240 612 449 648 mentum
479 611 527 647 et
559 605 789 646 mustum’'
821 604 1099 658 significatur
1135 618 1269 646 omne
1302 605 1471 645 bonum
1509 610 1555 645 et
1587 618 1743 645 verum

243 669 290 711 in
316 669 508 711 naturali
534 669 742 720 homine;
775 682 854 723 per
880 669 1059 710 “fetum
1085 668 1223 709 boum
1250 675 1295 709 et
1323 681 1536 721 pecorum
1563 668 1714 739 gregis
1725 668 1744 682 ‘’

236 731 556 794 significantur
571 729 832 773 affectiones
854 731 1032 772 illorum
1055 732 1307 772 exteriores
1331 738 1376 772 et
1399 732 1663 782 interiores;
1698 731 1742 771 in

236 806 405 848 genere
437 808 516 848 per
547 795 698 836 omnia
728 794 805 836 illa
835 795 1114 848 significatur
1138 793 1422 836 fructificatio
1448 801 1495 835 et
1521 794 1740 847 multipli-

243 858 366 900 catio
391 857 582 899 illorum.

302 920 385 976 [6.]
428 921 570 976 Apud
593 921 801 972 Esaiam,

303 1017 424 1051 “Ecce
442 1018 520 1060 Ego
537 1018 698 1051 excitans
711 1024 837 1050 contra
853 1028 916 1050 eos
935 1018 1093 1057 Medum,
1113 1018 1172 1060 qui
1189 1024 1378 1059 argentum
1397 1029 1469 1050 non
1488 1019 1742 1056 aestimabunt,

412 1068 448 1094 et
463 1072 552 1094 auro
572 1072 646 1094 non
663 1061 946 1101 deleaetabuntur,
965 1072 1115 1104 quorum
1137 1072 1240 1094 arcus
1257 1062 1408 1102 juvenes
1422 1063 1579 1100 allident,
1597 1069 1632 1094 et
1652 1062 1743 1094 fruc-

412 1113 470 1138 tus
486 1106 624 1138 ventris
644 1116 718 1138 non
739 1106 1013 1145 miserabuntur,
1031 1106 1185 1138 filiorum
1207 1116 1280 1138 non
1301 1113 1424 1147 parcet
1444 1107 1570 1138 oculus
1588 1116 1711 1138 eorum
1724 1105 1742 1117 '’

411 1150 497 1191 (xiii.
517 1157 567 1190 17,
588 1150 659 1190 18):

235 1258 316 1300 per
343 1245 599 1287 “Medum’'
624 1245 941 1299 intelliguntur
965 1246 1028 1287 illi
1061 1247 1134 1300 qui
1161 1246 1287 1287 nihili
1313 1246 1481 1288 faciunt
1507 1259 1663 1287 verum
1690 1253 1736 1287 et

235 1309 406 1351 bonum
431 1308 665 1358 ecclesiae,
700 1315 746 1350 et
779 1307 892 1349 milla
922 1323 1038 1363 quae
1070 1309 1174 1350 inde
1206 1308 1466 1351 intellectus
1497 1316 1543 1350 et
1576 1310 1741 1351 amoris

182 1383 189 1385 “
235 1378 356 1422 sunt,
383 1371 652 1423 destruunt;
691 1385 770 1426 per
799 1372 1113 1426 “argentum’'
1138 1373 1259 1426 quod
1291 1386 1382 1413 non
1414 1373 1738 1422 aestimabunt,

234 1442 284 1478 et
308 1449 388 1491 per
412 1435 640 1477 “aurum'
662 1450 752 1490 quo
778 1449 870 1477 non
892 1434 1257 1486 delectabuntur,
1283 1436 1561 1489 significatur
1583 1451 1738 1478 verum

234 1505 282 1541 et
303 1499 474 1541 bonum
496 1499 609 1540 caeli
631 1506 677 1540 et
700 1499 934 1548 ecclesiae,
960 1512 1039 1552 per
1063 1503 1088 1519 “
1106 1506 1351 1553 argentum
1364 1499 1382 1514 '’
1404 1513 1560 1540 verum
1587 1507 1634 1542 et
1660 1514 1741 1554 per

227 1562 462 1604 '“aurum”
502 1563 673 1604 bonum
717 1576 898 1603 eorum:
952 1562 1073 1616 quod
1116 1566 1291 1603 “arcus
1336 1563 1517 1604 illorum
1552 1563 1740 1616 juvenes

235 1625 441 1675 allident,
479 1632 527 1667 et
562 1624 730 1667 fruetus
765 1627 936 1667 ventris
974 1639 1064 1667 non
1102 1626 1472 1676 miserabuntur,’'
1514 1627 1740 1681 significat

234 1689 356 1744 quod
380 1689 494 1731 {alsa
518 1687 750 1730 doctrinae
777 1689 1014 1730 destruent
1043 1702 1226 1730 omnem
1252 1688 1538 1731 intellectum
1561 1692 1667 1740 veri,
1693 1699 1739 1733 et

234 1764 370 1794 omne
414 1751 587 1793 bonum
633 1753 824 1803 amoris;
873 1766 952 1805 per
994 1752 1215 1793 “arcum'’
1257 1752 1535 1806 significatur
1578 1754 1738 1796 falsum

233 1813 483 1865 doctrinae,
521 1828 600 1869 per
627 1815 850 1868 “juvenes
863 1815 882 1831 ’'
914 1815 1219 1869 intelligentia
1250 1817 1356 1865 veri,
1390 1822 1437 1857 et
1469 1830 1548 1870 per
1582 1818 1736 1860 “fruc-

234 1885 332 1920 tum
362 1878 565 1920 ventris''
599 1878 769 1920 bonum
803 1880 994 1920 amoris:
1039 1879 1160 1933 quod
1195 1878 1423 1921 “filiorum
1459 1894 1550 1921 non
1582 1890 1739 1934 parcet

233 1941 390 1983 oculus
416 1941 604 1984 eorum''
636 1941 862 1997 significat
889 1943 1010 1997 quod
1036 1956 1273 1996 perversus
1300 1957 1454 1984 eorum
1479 1944 1738 1987 intellectus

233 2017 286 2046 ac
318 2005 491 2046 insania
521 2018 657 2046 omne
689 2019 843 2046 verum
877 2006 1096 2047 ecclesiae
1133 2006 1420 2058 devastabit;
1463 2007 1607 2048 “filii''
1633 2018 1738 2050 sunt

234 2081 354 2118 vera,
393 2075 440 2110 et
481 2068 708 2110 “oculus”
745 2076 815 2110 est
859 2083 1095 2122 perversus
1137 2069 1397 2111 intellectus
1438 2072 1512 2125 qui
1551 2073 1736 2114 insania.

235 2130 479 2174 Sciendum
501 2139 572 2174 est
598 2132 719 2204 quod
748 2146 826 2186 per
851 2133 1110 2174 “Medum''
1133 2146 1223 2174 non
1249 2134 1532 2187 intelligatur
1559 2135 1734 2185 Medus,

233 2195 313 2237 Sed
339 2195 456 2237 tales
478 2202 525 2237 et
551 2195 662 2237 talia
691 2196 735 2236 in
765 2196 956 2237 ecclesia
982 2210 1096 2250 quae
1127 2197 1372 2238 devastant
1398 2198 1537 2240 illam.
1597 2199 1737 2252 Apud

231 2257 531 2310 Mastlzaeum,

309 2355 494 2388 Pharisaei
510 2355 712 2394 dicebant,¹
716 2355 881 2388 Licetne
899 2356 1037 2388 homini
1054 2357 1234 2389 dimittere
1254 2368 1403 2389 uxorem
1425 2368 1527 2389 suam
1549 2360 1673 2400 quavis
1694 2370 1738 2392 ex

402 2400 540 2450 causa?
600 2399 868 2451 Respondens''
896 2400 1045 2442 Jesusst
1049 2401 1191 2433 ‘dixitn
1233 2401 1369 2433 Annon
1398 2402 1546 2442 legistis,
1576 2404 1670 2444 quod
1702 2404 1737 2436 Is

409 2443 469 2485 qui
488 2443 573 2475 fecit
591 2444 638 2475 ab
657 2443 771 2481 initio,
792 2444 990 2475 masculum
1007 2450 1042 2476 et
1061 2445 1234 2476 feminam
1253 2446 1339 2477 fecit
1358 2456 1432 2482 eos,
1450 2453 1485 2477 et
1505 2447 1604 2485 dixit,
1625 2447 1736 2488 Prop-

409 2494 508 2519 terea
524 2487 664 2519 deseret
680 2488 790 2519 homo
808 2494 946 2528 patrem
963 2495 999 2519 et
1016 2495 1177 2527 matrem,
1193 2496 1227 2521 et
1244 2490 1452 2521 adhaerebit
1468 2491 1571 2522 uxori
1589 2501 1685 2530 suae,
1701 2500 1736 2523 et

409 2537 514 2563 erunt
529 2531 626 2563 duo·
618 2541 654 2563 in
672 2541 817 2563 carnem
835 2533 968 2564 unam?
991 2542 1100 2573 quare
1119 2543 1190 2564 non
1209 2534 1363 2574 amplius
1380 2540 1465 2565 sunt
1482 2535 1563 2573 duo,
1582 2535 1646 2566 sed
1663 2546 1736 2566 una

407 2584 511 2607 caro:
537 2575 633 2616 quod
653 2585 739 2615 ergo
762 2575 858 2607 Deus
876 2576 1066 2616 copulavit,
1085 2577 1195 2608 homo
1214 2587 1286 2608 non
1304 2579 1532 2618 separabit..
1548 2603 1555 2610 .
1569 2604 1576 2610 .
1592 2579 1736 2611 ,Moses

408 2619 455 2650 ob
479 2618 646 2651 duritiem
670 2619 788 2651 cordis
813 2620 924 2651 vestri
948 2620 1110 2660 permisit
1135 2621 1314 2652 dimittere
1338 2631 1470 2654 uxores
1495 2629 1656 2660 vestras;
1690 2626 1735 2654 ab

409 2662 511 2694 initio
531 2673 604 2694 non
629 2663 696 2694 fuit
720 2663 790 2695 sic:
819 2664 900 2695 dico
921 2664 1035 2703 vobis,
1057 2665 1151 2705 quod
1173 2665 1373 2706 quicunque
1393 2666 1566 2698 dimiserit
1587 2677 1734 2698 uxorem

408 2716 511 2738 suam
531 2706 600 2738 nisi
619 2708 666 2738 ob
682 2707 970 2746 fornicationem,
989 2715 1025 2739 et
1044 2708 1152 2739 aliam
1173 2709 1324 2748 duxerit,
1342 2710 1555 2741 adulterium
1574 2712 1735 2742 commit-

408 2755 480 2788 tat:
509 2756 545 2782 et
569 2750 768 2792 quicunque
789 2751 975 2783 dimissam
995 2752 1110 2789 ducat,
1132 2752 1345 2784 adulterium
1366 2754 1579 2786 committat.
1628 2755 1735 2786 Dixe-

408 2800 507 2825 runt.
522 2794 739 2835 .discipuli.
748 2795 813 2833 ‚Si
834 2795 884 2826 sic
904 2805 1013 2827 causa
1032 2805 1112 2827 cum
1132 2806 1243 2827 uxore
1264 2807 1337 2835 sua,
1359 2807 1432 2828 non
1453 2799 1595 2838 expedit
1615 2800 1735 2830 matri-

409 2837 570 2869 monium
585 2838 809 2876 contrahere:
828 2839 891 2870 sed
904 2839 1144 2881 dixitjesus..
1159 2840 1276 2878 .,Non
1291 2851 1418 2873 omnes
1430 2842 1574 2892 capiunt
1584 2844 1731 2874 verbum

409 2881 486 2920 hoc,
504 2882 592 2913 sed
584 2881 607 2913 ti
627 2883 754 2923 quibus
770 2883 892 2914 datum
911 2890 987 2922 est;
1012 2889 1096 2915 sunt
1115 2884 1211 2915 enim
1229 2885 1381 2916 eunuchi
1402 2886 1459 2926 qui
1479 2896 1523 2916 ex
1540 2892 1641 2917 utero
1659 2896 1733 2917 ma-

410 2925 474 2956 tris
492 2926 567 2957 nati
584 2932 667 2957 sunt
684 2926 755 2964 sic;
780 2932 816 2958 et
835 2933 919 2958 sunt
934 2928 1086 2959 eunuchi
1103 2928 1162 2969 qui
1180 2929 1332 2960 eunuchi
1350 2927 1434 2960 faeti
1455 2936 1538 2961 sunt
1558 2931 1603 2960 ab
1619 2930 1732 2960 homi-

410 2968 536 3007 nibus;
568 2975 604 3000 et
631 2976 714 3001 sunt
738 2970 891 3002 eunuchi
916 2973 974 3012 qui
1003 2972 1185 3003 eunuchos
1210 2972 1371 3004 fecerunt
1395 2983 1433 3004 se
1462 2974 1559 3013 ipsos
1588 2980 1732 3014 propter

410 3021 559 3053 regnum
578 3013 664 3046 Dei.
691 3014 749 3055 qui
766 3019 884 3055 potest
901 3024 1037 3055 capere,
1055 3015 1114 3047 ille
1130 3015 1263 3056 capiat
1268 3015 1376 3057 ’(xix.
1395 3018 1514 3057 3—12):
