2098 3476
462 363 569 416 1976
867 369 1198 408 APOCALYPSIS
1229 376 1527 410 EXPLICATA.

534 493 660 537 ¹720.
702 484 780 524 “Et
798 484 974 538 projecit
998 485 1092 526 illas
1119 485 1158 525 in
1185 486 1573 539 terram.''—Quod
1603 487 1829 540 significet
1854 491 1944 530 exi

453 545 723 586 stz'nc‘lz'onem
732 552 776 586 et
786 546 1118 587 destrublzbnem
1132 546 1325 596 illarum,
1340 555 1519 588 constat
1534 562 1592 588 ex
1608 548 1933 600 significatione

457 607 704 659 “projicere
719 609 763 648 in
777 608 981 657 terram‚’'
995 622 1096 649 cum
1110 609 1165 649 de
1180 612 1205 630 “
1217 609 1398 658 stellis,’'
1414 623 1492 662 per
1505 624 1613 663 quas
1628 605 1935 663 significantur

454 671 734 722 cognitiones
760 672 850 711 veri
882 677 927 711 et
959 671 1064 711 boni
1095 686 1153 712 ex
1180 671 1348 721 Verbo,
1377 673 1438 712 sic
1469 673 1696 720 veritates,
1725 673 1844 726 quod
1874 674 1944 716 sit,

452 732 550 772 illas
573 734 863 786 exstinguere
885 740 931 774 et
958 734 1200 783 destruere,
1225 735 1435 788 quoniam
1457 749 1562 775 vera
1583 736 1935 788 exstinguuntur

452 802 497 834 et
524 795 813 835 destruuntur
838 796 1017 849 quando
1041 795 1329 837 falsificantur
1350 803 1395 837 et
1427 797 1750 838 adulterantur.
1810 797 1934 839 Vera.

451 857 684 898 falsificata
701 864 746 898 et
769 858 1024 899 adulterata
1042 865 1144 899 sunt
1162 858 1272 899 salsa
1289 872 1393 912 prae
1415 858 1535 899 falsis
1553 873 1612 899 ex
1630 859 1717 900 alia
1734 860 1904 912 origine
1921 873 1945 911 ;-

453 933 556 959 narn
579 920 689 960 falsa
713 934 771 960 ex
798 920 885 961 alia
906 922 1076 973 origine
1102 934 1192 961 non
1219 922 1282 961 ita
1304 922 1601 974 exstinguunt
1625 929 1671 962 et
1697 922 1934 964 destruunt

454 993 572 1029 vera,
601 982 711 1022 dant
743 983 861 1022 enim
893 984 1084 1036 aliquem
1117 983 1265 1024 locum
1296 984 1410 1024 veris
1442 984 1485 1023 in
1517 997 1564 1023 se
1595 983 1668 1024 vel
1695 977 1829 1036 juxfa
1857 997 1932 1025 se:

451 1058 529 1096 per
559 1044 669 1084 salsa
706 1059 764 1085 ex
801 1045 887 1085 alia
918 1046 1088 1097 origine
1120 1045 1435 1098 intelliguntur
1466 1047 1702 1099 praecipue
1733 1046 1844 1087 salsa
1873 1060 1933 1088 ex

452 1108 721 1159 ignorantia,
755 1120 813 1147 ex
845 1107 1043 1156 fallaciis,
1077 1114 1122 1148 et
1154 1122 1212 1148 ex
1244 1108 1460 1161 religione
1491 1109 1609 1160 apud
1641 1108 1742 1149 illos
1773 1108 1932 1162 quibus

452 1183 542 1210 non
583 1176 651 1210 est
692 1169 907 1210 Verbum.
981 1169 1223 1211 Sciendum
1268 1177 1337 1212 est
1382 1171 1501 1224 quod
1535 1169 1656 1211 millis
1697 1171 1770 1224 qui
1814 1170 1932 1212 male

450 1234 620 1280 vivunt,
649 1238 694 1272 et
726 1245 863 1285 usque
895 1232 1048 1272 dicunt
1080 1246 1127 1272 se
1159 1233 1319 1273 salvari
1351 1234 1452 1286 quia
1477 1232 1610 1273 fidem
1643 1233 1828 1282 habent,
1851 1233 1931 1274 vix

450 1294 629 1347 aliquod
670 1295 912 1347 genuinum
952 1308 1105 1335 verum
1146 1296 1216 1344 sit,
1259 1301 1484 1349 utcunque
1524 1295 1650 1349 plura
1693 1309 1753 1336 ex
1798 1309 1933 1342 sensu

450 1357 626 1397 litterae
658 1357 804 1397 sciunt
835 1363 881 1397 et
913 1357 1208 1409 depromunt3
1246 1371 1402 1398 sensus
1433 1359 1551 1398 enirn
1583 1358 1762 1399 litterae
1793 1358 1934 1400 Verbi

450 1419 551 1459 talis
583 1425 666 1467 est,
695 1425 743 1459 ut
775 1419 809 1459 si
841 1432 930 1460 non
963 1420 1147 1459 interius
1178 1420 1599 1472 comprehendatur,
1633 1421 1932 1462 diversimode

450 1481 664 1533 explicari
703 1482 870 1534 possit3
912 1488 957 1522 et
990 1482 1025 1521 si
1058 1481 1132 1522 ille
1165 1495 1321 1522 sensus
1354 1495 1444 1522 non
1481 1497 1540 1522 ex
1576 1483 1782 1536 genuinis
1817 1483 1932 1524 veris

450 1542 690 1595 spectatur,
711 1544 905 1584 creditur
922 1544 1166 1584 secundum
1185 1543 1395 1592 litteram,
1415 1551 1461 1585 et
1483 1545 1754 1595 falsificatur,
1771 1551 1934 1587 secun-⁴

449 1606 553 1645 dum
576 1606 652 1646 illa
673 1620 784 1659 quae
806 1607 849 1646 in
873 1619 980 1646 mox
1004 1607 1302 1659 praecedente
1320 1606 1508 1647 articulo
1530 1620 1607 1659 per
1629 1609 1931 1660 comparatio-

448 1680 551 1707 nem
578 1668 633 1708 de
656 1668 760 1708 solis
782 1669 1095 1721 progressione
1121 1675 1167 1709 et
1193 1669 1390 1709 statione
1413 1676 1597 1709 ostensa
1619 1676 1735 1710 sunt.
1797 1669 1931 1722 Quod

447 1732 522 1769 vix
550 1730 730 1784 aliquod
752 1732 996 1783 genuinum
1021 1744 1174 1770 verum
1198 1730 1283 1770 illis
1309 1732 1380 1779 sit,
1409 1738 1690 1783 compertum
1715 1737 1785 1773 est
1811 1731 1931 1784 apud

447 1793 666 1846 quosdam
692 1794 734 1833 in
761 1793 928 1833 mundo
954 1793 1183 1845 spirituali,
1211 1794 1284 1846 qui
1313 1793 1454 1834 solam
1477 1793 1610 1833 fidem
1636 1793 1930 1836 confirmave-

447 1862 548 1895 runt
586 1854 790 1896 doctrina
823 1861 869 1896 et
906 1856 1012 1903 vita,
1052 1855 1171 1908 quod
1207 1868 1262 1896 ne
1298 1855 1477 1908 quidem
1513 1868 1648 1895 unum
1684 1857 1928 1908 genuinum

446 1931 599 1957 verum
631 1918 842 1958 sciverint
878 1924 924 1958 et
965 1917 1262 1970 agnoverint3
1304 1917 1453 1970 angeli
1488 1917 1533 1957 id
1573 1917 1926 1970 exploraverunt

447 1986 493 2020 et
534 1981 680 2020 mirati
720 1987 838 2021 sunt.
914 1980 1024 2020 Inde
1064 1980 1210 2031 patuit
1249 1980 1368 2032 quod
1405 1993 1510 2020 vera
1538 1979 1679 2020 Verbi
1718 1980 1837 2032 apud
1876 1994 1924 2021 se

446 2043 751 2083 exstinxerint
783 2048 828 2083 et
860 2040 1179 2082 destruxerint.
1241 2041 1342 2082 Hoc
1369 2043 1518 2095 itaque
1544 2041 1820 2094 significatur
1849 2055 1928 2096 per

446 2106 565 2159 quod
586 2109 611 2125 “
628 2106 762 2145 draco
781 2105 922 2145 cauda
939 2118 1018 2144 sua
1035 2104 1284 2144 detraxerit
1303 2105 1482 2144 tertiam
1501 2111 1675 2156 partem
1693 2104 1926 2146 stellarum

445 2169 569 2217 caeli,
603 2174 649 2208 et
686 2167 921 2220 projecerit
952 2167 1050 2206 illas
1086 2167 1129 2206 in
1167 2173 1332 2207 terram
1349 2166 1382 2217 ;''
1418 2167 1532 2207 sicut
1569 2167 1705 2207 etiam
1739 2167 1925 2208 “hircus

446 2243 678 2283 caprarum
692 2230 710 2245 ''
736 2229 854 2282 apud
880 2229 1121 2278 Danielem,

511 2318 632 2350 Cornu
650 2318 737 2349 hirci
757 2327 941 2358 caprarum
963 2317 1102 2348 “crevit
1121 2327 1231 2358 usque
1250 2317 1295 2348 ad
1319 2317 1511 2348 exercitum
1532 2317 1720 2355 caelorum,
1740 2322 1776 2349 et
1798 2316 1928 2358 dejecit

617 2362 652 2392 in
669 2368 799 2392 terram
814 2361 856 2392 de
873 2361 1039 2398 exercitu,
1053 2366 1088 2391 et
1101 2360 1143 2391 de
1157 2361 1328 2398 stellis,·et
1342 2361 1562 2392 conculcavit
1574 2370 1616 2392 ea
1629 2370 1653 2399 ;.
1666 2384 1675 2393 .
1687 2385 1696 2393 .
1710 2366 1760 2393 ,et
1776 2361 1927 2402 projecit

1016 2403 1125 2415 .....

444 2507 521 2546 per
542 2493 830 2533 “exercitum
853 2491 1078 2532 caelorum
1090 2491 1108 2507 ‘³
1126 2491 1437 2544 intelliguntur
1454 2493 1603 2532 omnia
1618 2506 1723 2533 vera
1740 2497 1787 2533 et
1806 2491 1926 2533 bona

444 2555 555 2596 caeli
581 2561 627 2595 et
654 2555 883 2595 ecclesiae.

508 2645 643 2685 (Simile
660 2643 876 2684 significatur
892 2653 954 2683 per
971 2642 1092 2674 stellas
1109 2652 1198 2683 quae
1216 2643 1342 2674 cadent
1358 2643 1400 2674 de
1418 2643 1525 2681 caelo,
1542 2642 1672 2675 Matth.
1689 2643 1782 2674 xxiv.
1800 2639 1904 2683 [2129.)

522 2738 719 2792 721[a].
761 2738 840 2777 “Er
864 2737 992 2777 draco
1014 2736 1131 2777 stetit
1157 2749 1296 2777 coram
1319 2737 1486 2776 mullet-e
1511 2737 1651 2776 futura
1675 2736 1926 2789 μανον-εἶ’-

446 2799 578 2852 Quod
596 2798 816 2852 significet
834 2798 980 2838 odium
994 2797 1170 2838 illorum
1187 2797 1357 2850 quz'per
1372 2797 1657 2838 “draconem”
1671 2797 1922 2851 z'ntellzgun-

444 2869 529 2911 tur,
557 2868 707 2901 contra
731 2860 950 2901 eccleszam
975 2860 1099 2912 apud
1122 2860 1221 2900 illos
1246 2874 1320 2912 qzcz
1345 2874 1389 2900 zn
1415 2860 1615 2900 αὀέῖνιηα
1639 2866 1681 2900 et
1703 2860 1804 2900 znde
1827 2860 1924 2901 vita

443 2939 567 2965 amm
569 2938 610 2965 zs
627 2930 669 2964 et
683 2923 921 2964 charztatzs
935 2938 962 2963 a
976 2923 1161 2963 Dommo
1173 2929 1312 2972 erunt,
1326 2929 1506 2963 constat
1521 2937 1579 2963 ex
1594 2923 1922 2975 significatione

446 2986 727 3036 “draconis,'’
753 2986 872 3040 quod
899 2986 987 3027 sint
1014 2987 1087 3039 qui
1118 2986 1161 3026 in
1188 2986 1374 3027 scientia
1399 2981 1709 3038 cognitionum
1739 2986 1830 3026 veri
1862 2999 1920 3026 ex
